1910 3138
295 218 379 261 354

896 218 1282 260 HORATII
1803 223 1829 263 6

361 336 445 380 Hic
464 335 529 378 est
547 337 621 378 aut
637 348 868 394 nusquam,
893 334 1006 393 quod
1023 336 1282 393 quaerimus·
1318 334 1403 382 Hie
1420 347 1528 380 unus
1545 335 1709 395 horret,

362 413 421 459 Ut
449 414 594 473 parvis
625 414 776 458 animis
806 415 850 456 et
878 427 1014 472 parvo
1045 427 1226 474 corpore
1255 419 1420 474 majus3

956 493 1046 540 Aut
1082 495 1214 538 virtus
1249 507 1405 539 nomen
1438 495 1565 540 inane
1601 497 1682 555 est,

361 488 447 538 Hic
482 493 594 537 subit
631 497 675 538 et
709 492 888 553 perfert.

1773 415 1829 458 40

359 572 449 616 Aut
486 571 617 617 decus
655 575 698 616 et
731 575 916 632 pretium
953 575 1073 617 recte
1101 576 1208 633 petit
1245 576 1471 634 experiens
1507 576 1592 620 vir.

360 650 524 697 Coram
553 664 662 712 rege
685 666 764 697 suo
797 653 850 696 de
880 653 1138 711 paupertate
1167 656 1362 699 tacentes

359 730 465 775 Plus
495 733 701 790 poscente
730 731 894 776 ferent:
931 732 1084 792 distat,
1115 745 1317 777 sumasne
1345 732 1556 792 pudenter

358 809 427 855 An
462 812 632 870 rapias:
669 805 785 869 atqui
821 825 965 857 rerum
1003 815 1134 872 caput
1168 812 1251 857 hoc
1287 815 1408 872 erat,
1441 812 1512 858 hie
1539 811 1655 857 fons.

289 992 403 1026 Pulm.
422 993 477 1026 11.
500 992 596 1025 Mon.
618 1003 654 1036 g.
693 992 809 1036 Quid?
837 993 897 1036 qui
912 1012 956 1017 —
987 992 1039 1026 υἱ-

289 1048 425 1083 riliter?
461 1047 523 1082 sic
545 1049 629 1086 dist,
654 1049 735 1083 edd.
757 1049 875 1083 Bentl.
899 1050 962 1084 Fe.
990 1048 1036 1083 al.

292 1106 401 1149 Quid,
434 1105 494 1149 qui
513 1125 562 1130 —
594 1105 763 1140 viriliter?
807 1106 886 1141 edd.
917 1107 1035 1141 Schm.

289 1162 452 1199 Hoched.
471 1162 573 1197 Pass.
595 1162 711 1196 Orell.
750 1164 858 1207 Quid,
880 1163 939 1207 qui
954 1176 1037 1209 per—

288 1219 404 1253 vem't?
413 1239 461 1244 -
473 1218 641 1254 viriliter?
654 1218 762 1254 Both.
771 1220 875 1255 Jahn.
888 1219 1038 1256 Braunh.

289 1276 396 1315 Web.
416 1275 498 1311 Vid.
521 1287 600 1310 ann.
620 1276 663 1310 ad
684 1278 702 1311 1
717 1303 726 1320 ‚
747 1277 805 1312 97.
827 1282 865 1311 et
880 1276 1037 1311 Schmid.

290 1333 335 1367 ad
359 1334 394 1371 h,
417 1333 442 1368 1.
464 1352 519 1358 —
536 1333 745 1379 pervenerit.
775 1334 865 1368 Cod.
888 1333 1037 1369 Mentel.

292 1410 339 1414 —
356 1390 499 1434 Atquin.
515 1390 586 1425 Ms.
599 1389 719 1425 Berol.
734 1391 766 1425 1.
793 1391 888 1426 Edd.
901 1390 1037 1426 Bersm.

290 1448 462 1492 Rutgers.

348 1505 390 1538 V.
409 1503 467 1539 39.
502 1503 539 1538 in
559 1515 656 1539 suam
682 1515 755 1539 rem
783 1505 889 1550 paulo
915 1505 1038 1539 immu-

289 1566 366 1596 tata
382 1560 545 1596 oratione
561 1562 741 1596 convertit
755 1561 885 1596 Malch.
901 1563 1036 1597 Ecbas.

290 1617 437 1664 Captiv.
461 1615 564 1655 1142.
591 1638 645 1646 —
674 1618 717 1654 V.
733 1617 793 1654 40.
827 1619 875 1653 Et
902 1620 1036 1665 parvis-

288 1674 359 1709 Ms.
382 1675 444 1709 Fe.
464 1677 497 1718 6,
521 1676 559 1710 b.
576 1693 630 1701 —
650 1680 804 1721 tempore
818 1677 902 1720 maj.
923 1678 1036 1711 Dorv.

292 1733 323 1767 1.
342 1744 445 1777 parv.
461 1744 556 1778 corp.
574 1733 714 1776 majus?
748 1733 810 1767 Sic
824 1733 911 1768 dist.
927 1734 1039 1767 Prae-

289 1788 357 1822 dic.
372 1807 429 1814 —-
448 1789 491 1822 V.
507 1786 566 1823 41.
593 1801 633 1823 ac
644 1793 792 1834 perfert.
828 1790 898 1825 Ms.
917 1791 1037 1824 Guelf.

288 1845 323 1879 3.
355 1845 413 1878 Ed
432 1845 546 1890 princ.
567 1857 626 1891 ap.
649 1846 773 1881 Comb.
791 1847 874 1881 Zar.
889 1844 960 1882 470
979 1860 1036 1893 ap·

289 1902 355 1936 Fe.
381 1902 470 1935 Cun.
509 1902 594 1936 San.
625 1902 741 1937 Merv.
770 1903 900 1937 Franc.
929 1905 1039 1938 Bask-

290 1957 389 1992 Sivr.
424 1958 576 2003 Dorigh.
606 1958 760 1993 Hunter.
799 1966 832 1994 et
864 1965 1036 2006 praefert.

288 2015 360 2050 Ms.
377 2015 476 2049 Mon.
498 2015 522 2048 l.
551 2014 645 2049 Edd.
668 2015 817 2060 Argent.
838 2015 920 2050 515.
951 2017 1035 2051 Bas.

289 2071 371 2107 527.
390 2071 447 2106 31.
475 2073 604 2115 Gymn.
626 2068 707 2106 541.
735 2078 769 2106 et
789 2076 937 2117 profert.
964 2073 1035 2107 Ms.

289 2129 355 2163 Fe.
370 2130 408 2171 2,
428 2128 454 2164 i.
476 2128 573 2163 Mon.
592 2140 624 2162 e.
646 2140 689 2163 m.
717 2148 774 2154 -—
803 2129 938 2162 Verba:
972 2129 1037 2163 Hic

291 2206 339 2211 -
364 2189 498 2231 perfert
517 2185 696 2231 expressit
709 2184 842 2220 Malch.
866 2185 887 2219 Ι.
906 2185 932 2220 l.
953 2187 1034 2221 528.

292 2262 339 2268 -
364 2242 481 2277 Virtus
501 2249 574 2278 aut.
595 2242 692 2276 Mon.
713 2243 748 2276 d.
768 2262 823 2268 —-
854 2243 897 2276 V.
913 2240 972 2278 42.
996 2254 1036 2275 ac

286 2299 448 2345 pretium.
470 2300 539 2333 Ed.
559 2299 643 2334 Asc.
666 2300 745 2334 519.
767 2304 830 2334 aut
847 2305 939 2344 pret.
965 2299 1034 2332 Ms-

288 2357 422 2390 Bersm.
439 2368 497 2390 un.
516 2356 580 2390 Fe.
601 2358 633 2401 2,
652 2356 678 2390 i.
699 2358 732 2400 6,
749 2368 781 2390 a.
805 2356 857 2390 Ik.
873 2357 908 2391 6.
930 2356 1033 2389 Dess.

290 2415 323 2448 2.
347 2414 417 2448 Gu.
435 2413 470 2448 3.
491 2414 588 2448 Μοιι.
610 2424 670 2448 un.
686 2419 726 2448 ut
735 2418 826 2459 pret.
849 2412 912 2447 Sic
925 2411 1036 2447 scribi

289 2469 412 2504 maluit
434 2470 481 2504 Η.
498 2470 672 2516 stephan.
695 2469 732 2505 in
750 2470 866 2504 Diatr.
887 2469 1032 2504 secund.

290 2539 325 2571 p.
337 2525 416 2562 150.
428 2527 509 2561 coll.
523 2527 742 2561 Schediasm.
755 2526 788 2568 5,
806 2527 839 2562 8.
857 2538 915 2572 ap.
929 2528 1036 2561 Grut-

291 2584 332 2618 V.
347 2595 382 2629 p.
396 2585 478 2619 201.
491 2603 545 2609 —
553 2584 704 2629 pretium
719 2583 815 2617 recti.
829 2584 934 2629 Conj.
948 2584 1036 2618 Pas-

289 2645 396 2675 serat.
411 2652 470 2686 ap.
487 2640 648 2675 Lambin.
664 2659 719 2665 ——
734 2640 912 2684 experiens
926 2652 1034 2675 mene.

289 2696 357 2730 Ms.
378 2697 490 2732 Pulm.
514 2699 546 2733 2.
569 2716 626 2722 -—
646 2697 700 2730 De
723 2697 820 2730 exitu
843 2708 967 2731 versus
986 2698 1034 2732 cf.

291 2752 403 2787 Orell.
426 2753 469 2787 ad
487 2751 531 2788 A.
552 2754 595 2788 P.
615 2753 695 2788 139.
716 2752 864 2788 Kirchn.
886 2754 932 2787 ad
955 2755 1033 2789 Sat.

290 2819 325 2850 p.
349 2808 517 2844 LXXIII.
547 2815 585 2844 et
605 2811 857 2854 Morgenstern
886 2811 931 2844 de
954 2811 1033 2847 Sat.

290 2868 394 2907 atque
414 2865 533 2910 Epist.
551 2867 640 2900 Hor.
660 2867 814 2902 discrim.
833 2879 870 2912 p.
889 2862 948 2902 36.

346 2920 388 2952 V.
400 2918 458 2955 43.
476 2934 562 2968 rege
576 2935 651 2959 suo.
670 2923 757 2958 Mss.
773 2930 810 2957 et
825 2922 906 2959 edd.
919 2924 1032 2968 vulg„

1774 812 1830 856 45

1083 996 1208 1026 contra
1221 1003 1287 1026 sua
1302 993 1345 1026 de
1355 1003 1464 1038 paup.
1485 1003 1548 1026 ms.
1567 993 1687 1029 Bentl.
1697 995 1732 1030 8.
1748 995 1828 1029 Val.

1084 1059 1142 1082 un.
1161 1049 1285 1082 Oberl.
1307 1049 1349 1083 C.
1374 1052 1478 1092 („suo
1502 1050 1561 1085 vel
1575 1047 1686 1099 sua“)
1715 1051 1780 1085 Fe.
1795 1053 1830 1095 2,

1084 1106 1119 1140 d.
1136 1107 1235 1139 Pott.
1253 1107 1307 1142 20.
1326 1106 1446 1140 Berol.
1463 1107 1498 1141 2.
1515 1112 1553 1142 et
1567 1108 1716 1143 Santen.
1734 1108 1830 1143 Edd.

1082 1163 1201 1197 Bentl.
1235 1162 1308 1207 (qui
1333 1163 1424 1207 def.)
1454 1163 1559 1200 Baxt.
1596 1164 1716 1200 Maitt.
1744 1165 1830 1200 San.

1083 1221 1164 1265 (qui
1183 1220 1273 1263 def.)
1301 1220 1417 1254 Merv.
1438 1220 1531 1256 Phil.
1559 1221 1695 1257 Saudb.
1717 1222 1831 1257 Gesn-

1086 1277 1214 1311 Franc.
1223 1277 1331 1311 Bask.
1346 1277 1421 1311 Val.
1434 1277 1531 1313 Sivr.
1544 1278 1694 1322 Dorigh.
1705 1279 1832 1314 oben-1.

1084 1333 1210 1372 Comb.
1237 1333 1376 1367 Wakef.
1401 1334 1490 1368 Bad.
1527 1335 1649 1372 Wetz.
1677 1335 1830 1370 Haberf.

1084 1391 1192 1424 Daru.
1225 1389 1386 1424 Praedic.
1420 1391 1531 1426 zeun.
1557 1391 1682 1438 Camp.
1705 1392 1829 1427 Jaeck.

1083 1446 1189 1482 Both.
1218 1447 1329 1484 Doer.
1357 1447 1450 1482 zell.
1470 1453 1508 1482 et
1524 1452 1620 1483 teste
1635 1450 1712 1484 Fen
1730 1449 1829 1484 Bait.

1084 1505 1186 1538 Hanc
1200 1515 1270 1539 scr.
1281 1530 1291 1548 ,
1317 1515 1420 1550 quam
1433 1504 1539 1540 meris
1557 1505 1708 1550 argutiis
1722 1506 1834 1541 Bent-

1083 1562 1188 1606 lejum
1209 1560 1245 1595 in
1268 1566 1372 1597 textu
1405 1561 1598 1608 adoptasse
1624 1562 1714 1598 dicit
1741 1563 1830 1607 Fu,

1085 1623 1342 1664 expresserunt
1370 1629 1461 1665 quos
1483 1619 1606 1655 laudat
1621 1620 1779 1666 Guning.
1793 1621 1830 1655 iu

1083 1675 1268 1710 Animadv.
1297 1687 1327 1709 c.
1351 1674 1386 1710 5.
1411 1688 1450 1721 p.
1472 1675 1549 1721 55.‚
1582 1676 1687 1711 otiam
1708 1677 1830 1721 Voss„

1085 1732 1239 1776 Schelh,
1270 1732 1404 1767 Giinth.
1430 1732 1468 1767 in
1490 1733 1638 1778 transl„
1669 1735 1831 1780 praefert

1083 1790 1316 1824 Buttmannus
1334 1790 1406 1834 in,
1411 1790 1508 1834 ‚krit.
1529 1790 1651 1826 Bib1.“
1673 1791 1716 1835 3,
1737 1792 1829 1836 Lp-

1082 1847 1188 1891 392„
1227 1851 1352 1881 contra
1388 1847 1572 1892 disputant
1601 1851 1748 1894 praeter
1780 1847 1829 1882 31.

1084 1902 1239 1937 Schmid.
1250 1903 1461 1948 ,Orellius‚
1493 1900 1588 1951 qui,
1592 1905 1665 1948 ,vei
1677 1908 1830 1951 propter

1082 1971 1209 1994 versus
1237 1971 1416 1996 caesuram
1443 1973 1507 1996 suo
1534 1963 1747 2007 praestan-0⁴⁶
1776 1960 1831 1997 di·-

1082 2017 1144 2051 cit.
1172 2037 1220 2042 —
1248 2018 1291 2052 V.
1307 2014 1366 2052 44.
1377 2015 1829 2063 serunt.'Mss.Fe.1‚a.

1083 2074 1122 2116 (a
1138 2076 1170 2108 1.
1188 2074 1278 2117 m.)'
1268 2085 1294 2108 1.
1311 2086 1341 2108 s.
1364 2075 1462 2109 Mon.
1486 2075 1520 2109 b.
1542 2076 1581 2119 (3
1596 2077 1630 2109 1.
1650 2075 1716 2118 ιιι.)
1737 2075 1828 2109 San-

1081 2134 1154 2162 ten.
1172 2130 1265 2165 Edd.
1290 2131 1380 2165 eun.
1407 2132 1491 2165 San.
1519 2131 1636 2166 Merv.
1667 2130 1828 2166 Francis.

1078 2189 1211 2227 serant.
1228 2186 1296 2220 Ms.
1322 2188 1386 2221 Fe.
1408 2190 1442 2231 1,
1457 2199 1492 2233 p.
1517 2187 1587 2222 Ed.
1601 2188 1730 2222 Venet.
1744 2184 1827 2223 495.

1080 2261 1136 2267 —
1155 2248 1327 2278 sumatne.
1357 2243 1427 2278 Ms.
1452 2244 1550 2278 Mon.
1574 2244 1601 2278 f.
1628 2249 1827 2280 eumarum.

1081 2300 1135 2333 lk.
1156 2300 1190 2334 6.
1206 2318 1263 2324 —
1282 2301 1486 2345 prudenter.
1507 2301 1596 2335 Bad.
1611 2299 1647 2334 3.
1669 2299 1768 2346 Lips.
1787 2300 1825 2337 3.

1082 2352 1121 2405 (a
1149 2358 1182 2392 2.
1209 2351 1274 2401 ιιι.)
1302 2356 1398 2391 Μοιι.
1426 2357 1451 2390 l.
1481 2367 1558 2391 cum
1586 2356 1698 2391 schol.
1738 2357 1828 2401 „ho-

1080 2414 1220 2446 neste.“
1242 2412 1419 2448 Ed.Junt.
1434 2411 1515 2449 514.
1533 2433 1582 2439 -
1602 2411 1730 2448 Coram
1739 2425 1828 2460 rego

1079 2481 1141 2504 suo
1164 2488 1212 2495 —
1224 2470 1375 2513 serent?
1403 2469 1509 2505 distat
1531 2490 1579 2496 —
1603 2472 1662 2505 An
1681 2469 1826 2516 rapiat?

1081 2526 1142 2560 Sic
1158 2525 1331 2571 distingui
1346 2526 1449 2570 jubet
1465 2527 1641 2562 Tunstall.
1654 2538 1714 2572 ap.
1730 2527 1826 2562 Dun-

1082 2579 1194 2618 co'mb.
1215 2583 1261 2616 11.
1282 2594 1318 2628 p.
1334 2584 1415 2618 616.
1441 2584 1610 2618 Ceterum
1627 2584 1825 2618 hievernus

1083 2645 1119 2674 et
1133 2651 1214 2686 sqq.
1237 2650 1348 2685 usque
1368 2641 1413 2674 ad
1430 2652 1464 2674 v.
1480 2641 1538 2676 51.
1559 2639 1770 2676 exciderunt
1785 2637 1824 2672 in

1083 2697 1203 2732 Guelf.
1222 2696 1256 2730 3.
1270 2716 1327 2722 ——
1343 2698 1385 2731 V.
1401 2694 1458 2732 45.
1482 2699 1582 2741 Quae
1594 2709 1673 2742 rap.
1687 2697 1822 2731 Boram.

1080 2765 1140 2788 un.
1154 2756 1223 2796 An,
1238 2754 1383 2798 rapiunt
1394 2760 1431 2788 ut
1444 2755 1513 2798 qui.
1528 2755 1735 2788 Rama-etc.
1752 2750 1820 2785 Ed.

1080 2810 1290 2845 PraedicOV.
1321 2830 1369 2836 —
1400 2810 1543 2855 Atquin.
1570 2807 1689 2842 Bet-ol.
1711 2808 1744 2846 1,
1767 2824 1817 2832 —

1079 2873 1187 2912 caput
1203 2867 1267 2901 hic.
1294 2867 1347 2900 Ik.
1372 2868 1406 2901 1.
1437 2867 1532 2901 Mon.
1552 2876 1584 2899 e.
1608 2874 1684 2897 cum
1705 2863 1818 2899 schol.

1080 2924 1163 2968 „vei
1186 2921 1292 2958 hoc.“
1309 2943 1357 2950 --
1377 2923 1453 2957 erit.
1478 2921 1532 2962 lk.
1547 2922 1581 2955 6.
1603 2920 1700 2954 Μοιι.
1717 2932 1749 2955 e.
1765 2939 1815 2946 —·
