1910 3138
14 1979 22 1999 ,.
22 1933 26 1942 ,
14 1901 23 1911 -,
0 1798 26 1870 ·:145-
0 1604 33 1775 ,ξ’ᾝωῦὶξἻῗ
3 1573 6 1580 “
0 1466 30 1556 0'1‘1
0 1423 7 1441 ''
0 1323 14 1403 'VT'
0 1302 6 1307 '
0 1255 14 1284 '⁴¹
0 1227 3 1229 '
0 1190 3 1204 ”’
0 1148 4 1166 ”“

124 161 182 203 81
225 158 508 201 COOENT.
526 160 584 200 IN
601 160 727 201 HOR.
745 158 845 199 LlB.
868 160 900 200 1.
931 157 1100 200 EPIST.
1119 157 1526 200 DUODEvlcmm.
1566 156 1653 200 429

127 272 229 325 plius
249 273 480 312 annisante
506 273 668 325 Appiam
694 278 734 312 et
761 274 800 311 in
824 273 872 311 iis
899 271 1140 323 regionibus,
1177 283 1275 322 quae
1308 273 1478 311 nondum
1503 274 1543 312 in
1569 272 1653 312 Ro-

128 352 277 380 manam
299 345 527 394 potestatem
546 343 724 380 redactae
748 346 878 390 erant,
905 341 931 379 i.
962 349 998 382 e.
1024 352 1124 378 anno
1145 340 1244 381 316.
1271 341 1390 380 sterni
1415 354 1493 380 non
1516 342 1653 394 potnit.

128 407 268 449 Libere
288 410 405 460 igitur
426 422 523 461 qnae
547 410 733 448 nescimus
761 410 907 448 nescire
930 420 1000 446 nos
1028 408 1263 459 profitemur.

237 476 285 516 V.
312 479 366 520 21
392 500 451 507 -
476 478 545 519 86.
587 477 672 515 Jam
700 476 819 515 Poeta
853 476 989 515 finibus
1021 481 1061 515 et
1100 475 1206 526 quasi
1243 477 1413 515 terminis
1446 477 1548 516 vitae
1574 478 1653 516 ele-

126 544 253 594 gantis
281 545 521 597 urbanaeque
549 546 784 595 constitutis,
812 558 924 596 quum
944 545 1144 583 discrimen
1162 545 1262 582 inter
1287 544 1399 582 vilem
1420 545 1654 585 adulatorem

127 615 168 650 et
191 616 382 662 agrestem
398 613 587 652 hominem
595 613 638 664 *)
666 626 736 664 per
760 612 954 651 ridiculum
975 613 1179 660 indicaret,
1207 613 1257 649 ad
1276 617 1483 664 praecepta
1503 615 1652 666 transit,

126 679 262 731 quibus
299 684 388 720 ante
424 682 549 719 omnia
586 681 725 719 homini
758 681 1014 732 potentiorum
1049 681 1208 731 gratiam
1234 680 1399 731 captanti
1437 681 1478 720 id
1510 684 1655 732 praeci-

125 749 249 800 pitur,
288 754 330 788 ut
353 755 532 800 quantum
570 750 650 788 fieri
677 749 801 800 possit
834 761 858 786 a
884 749 1007 798 vitiis,
1042 747 1177 797 quibus
1204 747 1265 786 ille
1298 760 1512 798 quanquam
1538 749 1653 789 multo

125 816 298 856 vitiosior
323 818 407 867 jure
436 820 684 867 succenseat,
716 816 856 854 alienus
886 817 935 854 sit
962 821 1000 855 et
1026 815 1133 856 liber.
1188 815 1233 853 In
1259 814 1317 852 his
1345 816 1445 853 vitiis
1474 815 1567 867 (qua
1590 829 1655 856 ra-

125 884 230 922 tione
258 896 302 922 ea
332 883 394 922 hic
423 889 715 934 recenseantur,
757 888 891 922 contra
921 884 1029 922 aliter
1066 884 1295 932 sentientes,
1337 887 1381 920 ut
1419 884 1653 935 Dacerium,

131 950 396 989 Welandum
404 979 421 997 ‚
454 952 705 990 Giinther-mn
714 980 730 998 ,
757 956 860 990 recte
888 953 999 990 docet
1025 950 1223 1003 Diintzer)
1251 951 1413 1002 primum
1442 952 1565 990 locum
1593 957 1654 992 te-

124 1022 191 1057 net
217 1019 359 1059 luxuria
390 1019 584 1058 damnosa
618 1020 793 1065 Venere,
833 1019 951 1064 alea,
986 1021 1130 1057 vestitu
1156 1020 1336 1070 insignis;
1376 1020 1434 1057 sic
1463 1019 1573 1059 Pers.
1611 1022 1654 1071 5,

123 1087 194 1129 ⁵7.
224 1086 336 1125 hune
359 1087 451 1125 alea
478 1086 682 1140 decoquit,
714 1087 784 1124 ille
810 1088 854 1124 in
883 1087 930 1125 V
921 1098 1071 1131 merem
1091 1089 1238 1138 putri-3.
1292 1087 1505 1124 Damnosa
1527 1091 1654 1126 autem

130 1155 265 1194 Venus
288 1156 340 1195 nti
374 1157 416 1206 2,
446 1158 486 1206 1,
516 1156 610 1196 107.
649 1155 843 1192 damnosa
874 1154 1024 1201 libido,
1065 1167 1163 1206 quae
1203 1154 1355 1205 quidem
1384 1156 1570 1205 jacturam
1593 1155 1654 1194 vel

121 1221 307 1263 bonorum
335 1223 477 1274 (Plaut.
506 1223 646 1262 Bacch.
677 1225 714 1272 1,
744 1225 785 1273 2,
815 1222 854 1262 9.
883 1222 1042 1263 Terent.
1068 1222 1164 1261 Eun.
1186 1226 1227 1271 1,
1252 1224 1289 1271 1,
1316 1221 1406 1272 34.)
1431 1223 1491 1262 vel
1518 1225 1652 1262 virium

122 1289 213 1329 facit
226 1290 304 1342 **).
345 1290 459 1329 Ovid.
485 1303 531 1329 ex
550 1290 660 1330 Pont.
691 1292 731 1339 1,
760 1291 827 1341 10,
856 1291 925 1333 33.
965 1292 1068 1328 vires
1093 1290 1239 1328 adimit
1269 1290 1432 1328 Veneri-3
1459 1291 1653 1329 damnosa

121 1437 154 1474 1.
172 1450 210 1484 p.
226 1435 317 1482 164„
338 1442 400 1472 aut
418 1438 460 1473 ad
479 1439 651 1485 porticum
669 1437 864 1472 Minuciam
881 1438 945 1483 (de
967 1449 1035 1484 qua
1053 1449 1088 1472 ν.
1114 1438 1260 1472 Preller.
1280 1437 1375 1481 „Die
1387 1438 1571 1483 Regionen
1587 1439 1653 1474 der

122 1494 232 1530 stadt
251 1496 365 1530 Rom“
383 1507 420 1540 p.
438 1497 522 1539 168)
541 1507 564 1530 a
578 1494 732 1529 Minucio
752 1506 850 1528 cons.
871 1506 905 1530 a.
927 1506 963 1528 u.
982 1492 1065 1532 644.
1090 1495 1195 1530 Varr.
1213 1494 1261 1537 (V
1263 1494 1320 1531 ell.
1343 1495 1486 1530 Patere.
1506 1497 1539 1539 2,
1559 1497 1593 1539 8,
1612 1496 1649 1533 3.

120 1551 171 1587 ib.
186 1551 342 1596 Ruhnk.)
358 1558 511 1586 erectam
526 1551 715 1597 pertineat.
740 1551 794 1584 De
808 1551 973 1585 columna
985 1551 1147 1585 Minucia
1160 1550 1253 1585 conf.
1270 1551 1334 1584 Fr.
1351 1552 1484 1588 Osann.
1498 1551 1534 1585 in
1548 1553 1653 1587 Com-

121 1613 269 1643 mentat.
288 1610 332 1642 de
349 1599 520 1642 columna
540 1608 699 1643 Maenia.
719 1607 849 1641 Gissae
867 1604 970 1644 1844.
1003 1606 1235 1653 Improbanda
1263 1618 1401 1653 quoque
1421 1614 1478 1642 est
1495 1609 1652 1644 Marcilii

122 1664 276 1710 suspicio
290 1690 300 1708 ,
322 1675 410 1710 qua,
431 1670 469 1698 ut
486 1665 563 1699 viae
581 1663 763 1699 Numiciae
786 1664 1031 1698 anctoritatem
1051 1663 1283 1709 conciliaret,
1303 1666 1397 1710 apud
1420 1665 1540 1704 Strab.
1560 1667 1594 1711 6,
1615 1666 1650 1704 3.

121 1733 159 1767 p.
179 1719 238 1755 50.
273 1719 352 1754 Δύο
368 1716 482 1764 δἐἰσί,
501 1720 567 1764 μία
586 1718 650 1764 μὲν
663 1715 832 1763 ήμιονικὴ
851 1717 914 1754 ὃιοὶ
934 1719 1139 1755 Πευκετίων
1156 1720 1228 1765 legi
1246 1721 1386 1755 maluit:
1410 1720 1476 1764 μία
1490 1718 1555 1765 μὲν
1572 1723 1651 1756 No-

121 1776 235 1822 μικία.
265 1777 400 1811 Eodem
416 1777 552 1811 nomine
569 1783 711 1811 servato
728 1777 908 1811 Fabricius
922 1788 1066 1812 acumen
1080 1777 1150 1811 loci
1163 1777 1199 1811 in
1215 1790 1258 1812 eo
1272 1777 1411 1812 versari
1427 1778 1536 1821 vidit,
1556 1779 1651 1824 quod

121 1833 214 1868 viam
232 1834 426 1869 Nnmieiam
449 1833 484 1868 in
505 1833 652 1880 Appiam
673 1839 773 1867 extra
796 1834 975 1879 Capenam
1001 1833 1170 1868 incidisse
1188 1834 1337 1869 diceret.
1385 1835 1498 1876 Quam
1517 1842 1650 1870 temere

122 1891 254 1926 Salute
271 1890 338 1935 (ΙΙ.
360 1903 396 1936 p.
414 1888 516 1935 444.)
537 1902 659 1925 nomen
679 1889 760 1924 viae
779 1901 801 1923 a
818 1890 960 1925 flumine
978 1890 1125 1926 Numico
1148 1890 1298 1926 inditum
1322 1892 1393 1926 sibi
1419 1893 1648 1938 persuaserit,

123 1959 168 1981 ex
187 1959 229 1982 eo
247 1955 415 1992 apparet,
446 1947 539 1992 quod
559 1959 682 1981 nomen
700 1946 801 1980 fluvii
818 1947 1041 1992 penultimam
1069 1948 1209 1993 longam
1232 1948 1340 1982 habet
1360 1954 1397 1982 ut
1420 1949 1528 1984 ovid.
1549 1949 1650 1982 Fast.

122 2003 158 2046 3,
177 2001 258 2039 647.
289 2003 375 2042 Tib.
397 2006 430 2045 2,
448 2003 483 2049 5,
501 2001 560 2038 43.
589 2003 656 2038 Sil.
683 2004 767 2037 Ital.
791 2005 825 2047 8,
849 2005 927 2038 180.
962 2005 1172 2039 Edunt-dum
1191 2015 1330 2051 quoque
1352 2000 1460 2039 Zeiss.
1482 2004 1507 2039 l.
1527 2005 1552 2038 l.
1574 2017 1648 2040 eam

121 2059 318 2095 Numidam
336 2071 467 2094 vocare
494 2060 613 2097 miror.
633 2062 769 2095 Contra
796 2061 978 2095 Bur-tonus
1005 2061 1158 2104 („Roms
1177 2061 1414 2096 Alterthiimer
1437 2072 1472 2094 u.
1499 2061 1647 2095 Merkw.

123 2115 306 2151 iibersetzt
322 2128 390 2151 von
411 2116 589 2152 Sickler.“
608 2129 644 2162 p.
662 2117 740 2161 93.)
761 2116 885 2151 dubius
909 2119 1052 2160 haeret,
1075 2124 1189 2152 utrum
1209 2117 1266 2151 via
1284 2117 1444 2152 Numicia
1463 2128 1506 2150 an
1524 2117 1648 2151 Mirm-

122 2172 176 2208 αἰι
189 2173 399 2218 appellanda
417 2173 477 2208 sit.
512 2174 657 2208 Bothius
681 2173 773 2207 viam
802 2173 935 2208 Minue.
955 2174 999 2208 ad
1020 2173 1097 2207 Sat.
1119 2176 1153 2217 1,
1173 2173 1206 2216 5,
1226 2175 1284 2208 87.
1309 2174 1366 2207 ed.
1387 2172 1449 2209 Fe.
1471 2184 1536 2218 pro
1554 2174 1647 2208 Her-

123 2230 222 2263 alea
240 2228 371 2275 habet,
403 2231 448 2264 de
468 2241 536 2276 qua
554 2230 684 2264 ibidem
702 2229 793 2263 dixit-
812 2231 904 2271 Fen,
935 2242 955 2264 a
977 2241 1044 2275 quo
1061 2241 1161 2275 quam
1181 2241 1249 2263 non
1269 2229 1407 2262 multum
1427 2228 1521 2262 absit
1544 2229 1648 2264 Wal-

122 2285 270 2320 ekenaer
288 2285 353 2334 (11.
373 2299 409 2332 p.
430 2285 509 2325 184,
533 2287 681 2331 „Quant
695 2288 716 2320 a
730 2286 763 2320 la
778 2287 859 2320 voie
879 2285 1121 2328 Minueienne,
1141 2296 1228 2319 nous
1248 2296 1397 2329 croyons
1412 2295 1480 2329 que
1499 2285 1586 2319 c'est
1606 2298 1648 2320 ce

125 2339 280 2385 chemin,
307 2354 377 2387 peu
398 2343 581 2388 patique,
608 2343 668 2389 qui
695 2343 831 2388 passait
851 2353 917 2387 par
938 2342 1120 2383 Asculum,
1150 2348 1188 2375 et
1218 2352 1287 2386 que
1317 2347 1420 2375 notre
1439 2343 1547 2386 poete
1567 2353 1648 2387 par-

123 2402 249 2430 courut
272 2398 427 2444 lorsqu'il
448 2412 488 2434 se
514 2400 634 2434 rendit
656 2401 676 2433 a
693 2398 842 2433 Brindes
864 2409 952 2432 avec
971 2398 1198 2440 Mecene.“),
1221 2397 1327 2431 facile
1346 2396 1567 2441 intelligitur.
1606 2399 1646 2432 In

124 2451 191 2486 hac
208 2460 324 2488 rernm
344 2455 618 2499 incertitudine,
642 2455 708 2489 hoc
736 2465 836 2489 unum
868 2460 1001 2488 certum
1034 2459 1110 2494 est,
1134 2452 1226 2487 viam
1249 2464 1350 2499 quam
1376 2454 1594 2498 quaerimus,
1614 2455 1647 2489 si

123 2513 266 2554 spectes
283 2509 361 2546 Cic.
379 2511 424 2544 ad
443 2511 551 2545 Attio.
572 2512 607 2554 9,
626 2513 674 2554 6.,
694 2523 716 2545 a
738 2512 849 2545 Roma
867 2510 1030 2544 euntibus
1049 2508 1108 2543 via
1125 2509 1240 2554 Appia
1263 2510 1309 2543 ad
1337 2509 1515 2544 sinistram
1538 2510 1647 2545 fuisse

124 2569 163 2598 et
180 2575 245 2609 per
262 2565 421 2610 Marsos,
444 2567 619 2600 Samnites
637 2567 774 2601 tulisse.
812 2566 883 2599 Ubi
903 2567 979 2611 ejus
998 2566 1056 2599 vel
1069 2565 1207 2599 initium
1227 2566 1285 2599 vel
1299 2564 1379 2600 finis
1398 2567 1527 2612 fuerit,
1546 2579 1645 2602 nemo

124 2631 228 2655 sanus
248 2632 293 2655 ex
310 2620 396 2655 folio
416 2622 574 2666 Sibyllae
595 2621 843 2667 promulgabit.

235 2675 271 2722 *)
294 2678 429 2711 Contra
452 2678 638 2720 Orellt‘um,
662 2679 722 2724 qui
743 2677 848 2712 etiam
865 2677 902 2710 in
924 2687 1016 2710 nova
1034 2676 1092 2712 ed.
1112 2688 1133 2711 a
1152 2688 1211 2711 vv.
1233 2676 1276 2712 15
1289 2697 1345 2706 ·—
1359 2680 1417 2715 20.
1436 2688 1563 2715 novum
1583 2679 1644 2715 de-

125 2730 232 2768 mibi
251 2734 377 2768 vitium
395 2733 464 2768 sibi
482 2733 676 2779 persuasit,
700 2740 797 2768 recte
815 2733 972 2778 disputat
991 2731 1162 2769 Dantzer.

216 2787 274 2834 **)
297 2790 351 2825 De
370 2788 629 2835 significatione
642 2800 678 2822 v.
698 2791 885 2824 damnosus
909 2787 1001 2825 conf.
1021 2789 1161 2824 Ruhnk.
1179 2790 1225 2826 ad
1245 2790 1393 2826 Terent.
1413 2793 1544 2828 Heaut.
1557 2792 1592 2839 5,
1605 2791 1641 2838 4,

130 2842 184 2879 11.
204 2852 242 2880 et
263 2847 406 2883 Koeler.
426 2846 470 2882 ad
493 2847 619 2881 Senec.
641 2845 711 2886 Qu.
730 2845 815 2880 Nat.
835 2847 872 2888 6,
889 2846 923 2889 8,
945 2846 976 2879 1.

182 2913 325 2948 nonu.
344 2915 392 2948 Π.
1285 2909 1339 2951 28
1367 2911 1429 2963 (6)
