2034 3224
369 197 423 238 52
511 198 885 238 COMMENTARn
915 198 970 236 IN
999 194 1226 236 HORATll
1253 196 1355 237 LIB.
1386 199 1416 236 Ι.
1461 199 1626 238 EPIST.
1646 199 1767 239 nEc.
1866 200 1920 243 52

372 326 536 364 Pecunia
563 325 661 363 enim
688 323 798 362 nobis
827 322 991 369 serviat,
1019 333 1097 359 non
1124 322 1287 373 imperet
1315 328 1482 375 oportet.
1540 325 1649 364 Haec
1678 325 1746 363 tibi
1787 326 1923 377 scripsi

371 407 492 445 prope
534 393 658 431 villam
695 391 870 429 Sabinam
913 394 952 428 et
993 388 1095 429 laeto
1133 391 1284 440 animo,
1327 392 1400 430 nisi
1439 393 1542 443 quod
1569 398 1609 432 te
1637 393 1776 433 abesse
1803 405 1923 445 aegre

371 462 552 501 ferebam.
1789 501 1792 504 ,
1855 447 1858 450 ’

485 529 537 568 At
579 528 687 566 valde
730 528 892 575 erraret,
937 526 1002 576 qui
1037 526 1130 564 haec
1157 525 1282 564 omnia
1308 525 1427 564 solius
1455 528 1583 568 Aristii
1613 542 1727 568 causa
1755 528 1828 567 dici
1856 542 1923 568 ex-

371 601 567 638 istimaret.
624 596 678 634 Ut
704 593 818 630 fuerit
854 592 1003 631 Fuscus
1038 594 1139 632 vitae
1176 593 1343 631 urbanae
1381 595 1592 646 amantior,
1637 602 1680 636 ut
1715 597 1828 636 fuerit
1864 596 1922 635 vel

372 668 555 706 honorum
584 664 643 701 vel
669 662 881 699 divitiarum
911 663 1180 712 appetentior,
1223 660 1406 700 Horatius
1445 664 1493 702 ab
1530 677 1606 704 una
1640 678 1758 716 saepe
1791 677 1834 702 re
1862 663 1922 703 vel

368 737 451 785 jure
474 733 545 771 sibi
568 742 750 768 concessa
778 729 838 767 vel
862 729 1034 767 simulate
1065 734 1218 780 sumpta
1245 729 1296 768 ad
1326 729 1483 771 alteram
1511 727 1758 784 'progreditur
1797 732 1920 771 libero

370 816 415 840 ac
443 802 546 839 tenui
576 798 640 836 filo
669 810 739 835 sua
765 797 972 835 subtexens
1002 798 1183 847 cogitata.
1241 797 1412 836 Diximus
1448 800 1498 838 da
1539 800 1610 839 hac
1641 813 1685 839 re
1721 813 1839 852 saepe
1882 803 1923 838 et

370 870 566 909 dicendum
594 866 665 904 erit
694 866 871 917 saepius,
915 878 963 902 ne
993 877 1089 915 quae
1123 865 1219 903 ratio
1257 870 1318 903 est
1344 866 1476 905 harum
1510 866 1768 919 Epistularum
1805 879 1923 920 prava

368 935 681 987 interpretatione
710 933 770 971 vel
798 933 1081 982 distorqueatur
1119 932 1178 970 vel
1213 932 1453 973 obscuretur.
1512 935 1758 989 Quantopere
1794 940 1922 975 autem

366 1005 459 1043 Hor.
489 1014 683 1042 secessum
711 1006 751 1040 et
771 1001 1057 1040 rusticationem
1085 1002 1340 1052 adamaverit,
1383 1008 1465 1044 tum
1488 1016 1535 1042 ex
1571 1003 1644 1041 hoc
1681 1002 1788 1054 loco,
1842 1009 1922 1044 tum

367 1086 411 1111 ex
440 1072 523 1109 Sat.
554 1073 595 1119 2,
623 1071 662 1110 6.
691 1054 819 1122 Epo'd.
850 1071 891 1112 2.
921 1068 1079 1119 aliisque
1109 1069 1204 1107 satis
1227 1074 1412 1120 apparet,
1450 1082 1666 1122 quanquam
1699 1072 1831 1123 negari
1853 1082 1922 1111 ne-

367 1143 468 1195 quit,
499 1140 795 1192 descriptionem
819 1150 944 1176 rerum
972 1138 1198 1176 naturalium
1223 1137 1272 1175 ab
1301 1137 1387 1188 ipso
1411 1138 1551 1177 factam
1578 1139 1626 1177 ab
1649 1140 1791 1186 intimis
1812 1139 1923 1192 quasi

367 1211 541 1250 sensibus
569 1208 780 1260 profectam
806 1206 1049 1255 non*videri‚
1083 1218 1158 1257 qua
1187 1205 1339 1256 quidem
1367 1206 1407 1244 in
1428 1219 1471 1244 re
1497 1220 1575 1245 non
1602 1220 1697 1246 unus
1723 1207 1921 1258 Horatius,

367 1281 438 1318 sed
465 1281 616 1316 veteres
640 1275 723 1313 fere
752 1273 960 1324 scriptores
997 1287 1020 1312 a
1057 1272 1294 1313 nostratibus
1329 1273 1560 1326 aliquantum
1581 1275 1812 1327 discedunt.
1865 1275 1921 1315 nli

367 1348 463 1386 enim
492 1358 571 1384 non
595 1344 636 1382 id
668 1329 919 1394 spectabant,
954 1347 997 1381 ut
1025 1342 1232 1393 legentium
1259 1341 1404 1379 animos
1431 1341 1588 1382 mirifice
1602 1332 1833 1396 ‘moverenss
1860 1342 1922 1383 vel

367 1414 469 1454 omni
493 1412 729 1464 voluptatum
758 1423 900 1462 genere
923 1411 1222 1462 perfunderent,
1262 1409 1322 1448 vel
1361 1409 1465 1448 molli
1493 1412 1658 1462 quodam
1684 1415 1791 1452 tactu
1815 1410 1921 1451 lusn-

366 1495 440 1533 que
468 1480 692 1530 titillarent‚
708 1520 716 1534 .
729 1480 802 1518 sed
844 1484 887 1518 ut
917 1492 980 1517 res
1007 1480 1113 1529 ipsas
1142 1481 1319 1516 accurate
1347 1478 1600 1518 describendo
1626 1480 1698 1519 sub
1723 1481 1921 1532 aspectmn

364 1563 487 1602 paene
516 1549 759 1600 subjicerent.
795 1548 970 1593 Quantus
999 1551 1127 1584 autem
1156 1550 1259 1598 apud
1287 1549 1372 1586 illos
1402 1550 1517 1587 fuerit
1543 1555 1652 1587 amor
1676 1549 1777 1588 vitae
1803 1548 1921 1588 rusti-

365 1633 432 1658 cae
470 1622 510 1657 et
542 1617 664 1669 qualis
702 1618 783 1668 ejus
822 1614 1096 1654 describendae
1130 1617 1227 1653 ratio
1243 1643 1256 1666 ,
1300 1616 1470 1668 pluribus
1496 1617 1680 1656 illustravi
1717 1617 1756 1656 in
1786 1616 1847 1656 ed·
1867 1614 1917 1658 1.

355 1682 402 1794 p'N.
431 1689 457 1726 7
497 1699 583 1736 sqq.
574 1712 600 1735 .,
632 1685 766 1737 quibus
794 1684 893 1722 adde
928 1682 1080 1723 Riedel
1110 1684 1160 1721 ad
1189 1684 1311 1736 Epist.
1353 1687 1403 1736 2,
1436 1688 1484 1736 1,
1517 1685 1613 1726 139.
1659 1685 1714 1724 0.
1747 1684 1792 1723 P

361 1753 684 1796 N216—235.
727 1749 894 1804 Teuffll.
923 1751 1223 1791 Characteristik
1250 1755 1320 1792 des
1348 1754 1492 1792 Horaz.
1517 1765 1556 1805 p.
1580 1751 1652 1794 59.-
1683 1751 1846 1791 Μαι-Η.
1860 1751 1920 1791 *⁸ss

362 1823 462 1861 Stat.
503 1821 596 1859 Silv.
637 1821 680 1873 4,
719 1821 760 1862 6.
798 1824 839 1859 et
883 1819 1072 1859 Wemsd.
1101 1819 1193 1860 ibid.
1234 1821 1308 1874 (P.
1326 1821 1372 1860 L.
1402 1822 1496 1860 Min.
1526 1821 1594 1860 111.
1625 1832 1664 1872 p.
1694 1819 1920 1872 869αῙὶῙὶ)

361 1891 507 1928 Burm.
543 1891 592 1927 ad
618 1887 858 1928 Lotich.·E1.
886 1889 928 1936 2,
954 1886 995 1934 5,
1026 1885 1082 1927 47
1107 1900 1195 1939 sqq.
1218 1901 1258 1940 Ρ.
1289 1888 1384 1931 113.
1428 1890 1585 1941 Wagn.
1614 1893 1657 1928 et
1679 1886 1919 1940 'ispohm‘nu

360 1957 490 2010 virgil.
525 1958 554 1996 l.
584 1970 623 2009 p.
654 1958 694 1998 7.
725 1959 793 2000 21.
837 1956 909 1995 le.
933 1953 1090 1993 Baden.
1120 1957 1159 1993 in
1179 1956 1348 1997 Seebod.
1378 1955 1583 2009 ',‚Archiv“
1627 1956 1750 1998 1838.
1770 1951 1917 1998 *IL-‘³82

359 2041 398 2079 p.
429 2026 527 2069 329.
573 2026 735 2066 Dissen,
770 2025 820 2062 de
844 2023 954 2074 poesi
993 2022 1029 2060 T
1031 2022 1134 2062 ibull.
1169 2037 1209 2075 p.
1240 2025 1416 2065 XXXIX.
1462 2027 1529 2064 R.
1561 2022 1737 2067 Iac-obet*
1756 2023 1916 2076 „vernn

359 2094 501 2132 δοιώ(
529 2094 559 2132 1.
593 2096 630 2135 1.
661 2106 700 2145 p.
729 2091 799 2130 vn
825 2104 885 2142 sq.
921 2091 1051 2130 mm.
1083 2091 1255 2130 Mallem
1287 2094 1439 2145 ‚‚Rom,
1479 2095 1626 2133 nemer
1643 2083 1918 2134 menandr-

361 2163 522 2201 innen.“
556 2162 587 2200 Ι.
620 2175 662 2214 p.
689 2161 784 2203 155.
829 2160 869 2198 J.
901 2160 954 2197 A.
990 2160 1200 2212 Schaqs'er:
1240 2159 1315 2199 Die
1354 2161 1479 2201 Briefe
1515 2163 1586 2200 des
1617 2151 1764 2201 Plinius
1791 2160 1916 2200 fiber*

361 2235 464 2268 setzt
491 2235 566 2269 etc.
597 2243 639 2282 p.
669 2228 843 2267 XXXVI.
877 2240 936 2278 sq.
958 2231 997 2267 et
1024 2241 1120 2278 quos
1145 2229 1276 2267 laudat
1287 2229 1426 2269 Jacob.
1453 2230 1534 2282 ,5de
1558 2221 1763 2268 usuvnum.
1786 2223 1918 2280 pluffl‘

359 2312 396 2348 p.
428 2299 492 2339 18.
522 2298 631 2337 Haec
662 2303 701 2336 et
729 2296 820 2335 talia
847 2297 880 2334 si
918 2297 1166 2335 observasset
1196 2298 1418 2349 Gramma,
1450 2309 1627 2338 morosus
1666 2295 1730 2335 ille
1763 2295 1918 2335 ‘Horatii

358 2366 497 2414 judex,
526 2379 605 2404 non
631 2371 711 2405 tam
736 2367 861 2416 inique
890 2365 940 2403 de
965 2365 1038 2403 hoc
1065 2369 1182 2416 poeta
1210 2366 1453 2416 judicasset'
1442 2379 1500 2405 in:
1539 2363 1707 2415 „mehe
1734 2363 1916 2414 Beiusge

360 2445 427 2468 zur
455 2432 606 2472 Erkl'ar.
636 2447 674 2472 u.
702 2433 833 2472 Kritik
861 2433 931 2471 der
957 2431 1104 2484 Idyllen
1130 2431 1346 2471 Theocrits.
1351 2433 1381 2457 ‘⁴
1436 2431 1817 2502 Brem.1830·fp
1844 2425 1915 2510 78.

362 2500 463 2547 apud
494 2500 677 2541 Sclziller.
705 2503 746 2540 in
775 2501 1067 2551 „Commentan
1071 2501 1101 2524 ‘⁶
1129 2504 1202 2538 etc.
1232 2512 1272 2551 p.
1304 2501 1357 2542 16
1382 2512 1469 2551 sqq.
1833 2514 1888 2521 ·····

473 2566 575 2609 Quid
601 2567 802 2608 Horatium
828 2569 880 2608 ad
909 2569 1008 2610 hanc
1028 2567 1241 2620 Epistolam
1269 2566 1510 2607 scribendam
1540 2566 1765 2618 compulerit
1787 2566 1916 2605 utrm

362 2632 531 2669 invitatio
561 2638 770 2687 quaedam,
808 2650 884 2689 qua
921 2636 1068 2676 Fuscus
1109 2647 1215 2685 eum,
1254 2639 1298 2674 ut
1334 2648 1422 2674 rure
1465 2636 1599 2676 relicto
1641 2633 1776 2674 urbem
1804 2623 1916 2672 *niter

362 2699 504 2736 amicos
534 2699 690 2750 eligeret
718 2706 873 2756 sedem,
913 2707 1054 2758 quippe
1082 2715 1180 2756 quae
1218 2704 1303 2744 sola
1331 2704 1520 2755 jucundae
1551 2704 1652 2743 vitae
1687 2703 1797 2742 esset
1826 2700 1912 2739 effi-

364 2767 467 2803 ciens
510 2770 550 2803 et
588 2768 731 2807 aditum
762 2774 810 2810 ad
839 2774 989 2812 divitias
1016 2773 1256 2823 honoresque
1271 2772 1545 2823 ¹patefaceret,
1581 2784 1631 2810 an
1660 2764 1769 2809 'aliud
1801 2769 1911 2820 quid,

365 2834 450 2884 quis
474 2838 534 2871 est
562 2835 624 2884 qui
650 2848 719 2885 pro
762 2844 866 2877 certo
903 2841 1065 2880 habeat!
1111 2840 1242 2890 luam,
1282 2851 1380 2890 quae
1415 2840 1568 2891 quidem
1606 2837 1727 2879 facilis
1761 2841 1824 2875 est
1843 2837 1911 2875 “ad

367 2900 662 2951 conjiciendum,
700 2909 851 2954 praeter
877 2907 975 2946 alios
1005 2908 1078 2948 sibi
1112 2909 1345 2961 persuadent
1386 2907 1640 2948 Weicherm
1689 2905 1725 2942 in
1759 2894 1910 2943 Proluit.
