1910 3138
114 163 175 206 241
227 155 508 202 ma
526 154 587 197 IN
601 155 727 196 ROB.
739 153 838 196 LIB.
852 153 884 192 Ι.
921 148 1085 192 EPIST.
1099 148 1295 197 QUART.
1309 147 1486 190 Dsscm.
1540 149 1623 193 201

117 285 350 336 bhieoh,
371 296 472 324 nunc
487 283 591 322 vicus
615 281 812 320 imminens
831 280 994 319 Anieni“
1021 279 1212 332 pertinent
1229 289 1326 330 quae
1351 290 1469 330 porro
1491 276 1624 328 legun-

117 360 182 396 aa·
199 353 248 394 ad
269 366 307 392 v,
320 353 428 406 focis
447 352 563 391 verba
586 351 824 390 scholiastae
844 349 980 399 Cruq.:
1011 348 1092 399 „ad
1112 352 1285 386 octavum
1299 345 1465 397 lapidem
1482 342 1626 396 ultra*>

117 421 243 463 'tibur
261 420 303 460 in
327 421 389 460 via
412 420 571 462 Valeria.
617 419 854 458 Valerienses
877 417 992 467 igitur
1018 420 1214 455 senatores
1232 414 1391 466 agellum
1410 426 1517 452 suum
1534 427 1628 466 pos-

115 489 267 530 oe'disse
293 488 521 540 signifieat.“
561 486 621 525 De
645 487 774 526 Varia
795 488 942 533 autem,
970 483 1083 522 hodie
1112 483 1361 535 „Vm-vam
1386 483 1414 524 8
1440 482 1462 522 ἂ
1490 483 1517 523 9
1543 481 1629 520 mil-

117 557 175 596 les
193 568 243 595 au
259 556 395 594 dessns
418 556 466 594 de
485 554 612 593 Tivoli
634 567 700 592 sur
722 567 796 592 une
819 552 955 590 colline
980 554 1043 603 qui
1070 556 1131 591 est
1148 552 1170 592 ὲ
1192 552 1350 590 Ιέιιίῑι·έε
1371 549 1420 588 de
1444 550 1483 588 la
1508 550 1627 590 valle‘e

119 625 170 663 de
181 623 363 673 Licenza,
382 622 520 675 qu'elle
533 623 682 660 domine
696 620 1029 669 naturellement,“
1046 624 1135 671 post
1154 618 1387 670 Capmartin
1402 617 1451 655 de
1462 617 1631 670 Chaupy

119 688 388 750 „Decouyerte
415 691 463 730 de
486 691 522 728 la
547 690 719 727 maison“
739 693 810 727 etc.
838 688 904 726 ΙΙΙ.
930 701 969 740 p.
998 689 1080 730 198
1098 710 1151 716 -
1172 690 1266 730 212.
1295 686 1380 725 coll.
1407 685 1438 726 I.
1471 699 1511 738 p.
1531 686 1628 728 341.

119 760 314 812 disputant
344 759 451 804 Fea,
492 756 745 803 Schmidizw,
786 755 972 794 Diintzer
1009 756 1059 794 ad
1093 755 1132 794 h.
1166 755 1192 794 l.
1234 759 1273 794 et
1313 753 1550 793 Schwabius
1583 755 1636 806 nd=

122 907 321 951 immemor,
348 905 447 952 ipsos
472 906 649 940 Romanos
674 904 787 939 sentit
812 907 1014 949 senatores,
1042 903 1103 951 qui
1127 903 1209 939 olim
1234 903 1305 939 illis
1325 904 1362 938 in
1382 903 1478 948 agris
1503 903 1634 949 exiguo

123 964 284 998 contenti
307 963 418 998 vitam
447 963 591 1007 egerint
618 966 657 995 et
685 960 828 1007 publico
855 961 951 996 urbis
975 961 1114 996 vicinae
1141 961 1290 996 consilio
1317 961 1362 996 ad
1391 960 1636 1006 dijudicandas

125 1032 250 1056 causas
269 1020 328 1055 vel
346 1020 428 1054 lites
449 1018 700 1053 discernendas
717 1018 852 1052 fuerint
869 1018 999 1053 emissi.
1035 1018 1130 1052 Mira
1149 1029 1236 1052 sane
1253 1023 1291 1053 et
1318 1019 1363 1052 ab
1379 1018 1638 1063 interpretibus

125 1077 293 1122 neglecta
308 1076 440 1111 Bmoen'
451 1076 497 1110 ad
516 1074 653 1110 Sanctii
670 1074 825 1109 Minerv.
839 1075 889 1110 11.
910 1087 949 1121 p.
971 1075 1051 1110 197.
1071 1074 1191 1121 opinio
1211 1080 1288 1118 est,
1317 1086 1386 1120 qna
1401 1074 1455 1109 ibi
1474 1075 1639 1110 habitare

126 1133 291 1168 dicuntur
314 1132 498 1178 „quinque
515 1138 638 1178 patres
658 1130 826 1176 familias,
854 1130 1045 1177 municipes
1066 1136 1104 1166 et
1124 1131 1222 1166 cives
1240 1131 1408 1175 Romani,
1433 1132 1494 1178 qui
1515 1143 1559 1166 ex
1575 1131 1639 1166 illo

70 1189 87 1199 ‘
126 1190 208 1226 vico
224 1188 368 1225 Romam
383 1189 440 1223 ire
458 1188 616 1232 soleant,
643 1188 707 1223 ubi
729 1188 899 1232 suffragia
916 1189 1034 1222 ferant
1052 1188 1087 1222 in
1107 1188 1206 1223 tribu
1230 1188 1358 1232 Varia,
1380 1189 1479 1233 cnjus
1496 1189 1550 1223 illi
1564 1190 1640 1222 fne-

125 1246 242 1282 rint·“
273 1246 315 1280 In
333 1245 526 1290 „Variam“
543 1245 653 1291 igitur
669 1245 706 1279 in
721 1246 825 1290 jubet
837 1243 1010 1290 intelligi3
1030 1249 1067 1279 at
1085 1245 1199 1279 tribus
1215 1245 1325 1279 Varia
1342 1244 1437 1279 nulla
1456 1251 1525 1279 est.
1554 1245 1639 1280 Vid.

127 1302 243 1339 Orell-
259 1302 370 1337 Inscr.
390 1303 439 1338 ΙΙ.
458 1314 494 1348 Ρ.
515 1304 572 1338 27.
605 1302 722 1337 Aliter
737 1301 940 1337 Dominicus
968 1303 1011 1336 de
1027 1303 1167 1337 Sanctis
1184 1303 1222 1337 in
1241 1302 1510 1337 Dissertazione
1534 1313 1643 1348 sopra

126 1359 214 1396 villa
231 1359 270 1394 di
288 1359 420 1395 Orazio
439 1359 568 1394 Flacco
590 1359 709 1405 (Rom.
730 1359 839 1402 1768)
858 1371 896 1404 p.
916 1360 952 1394 7.
978 1359 1199 1393 Sententiam
1229 1364 1344 1393 autem
1363 1359 1468 1404 plane
1490 1358 1644 1393 elambat

132 1417 380 1452 Valckenuer:
400 1416 588 1460 „Honnete
605 1418 733 1459 gerant
752 1416 798 1449 de
817 1427 859 1449 ce
877 1415 975 1459 bois,
996 1416 1042 1449 de
1061 1428 1102 1450 ce
1120 1417 1214 1462 petit
1233 1415 1394 1450 domaine
1417 1415 1476 1461 qui
1493 1427 1548 1450 me
1563 1427 1646 1450 ren-

130 1473 217 1508 dent
230 1472 477 1515 amni—meme,
497 1477 537 1506 tu
552 1473 602 1516 t'y
623 1472 758 1516 de'plais
779 1471 896 1506 donc?
920 1472 1049 1506 Est-ce
1067 1485 1177 1518 parce
1198 1484 1266 1519 que
1286 1473 1320 1507 le
1340 1473 1487 1507 hameau
1500 1473 1558 1507 n’a
1577 1483 1646 1518 que

132 1531 215 1576 cinq
228 1529 313 1564 feux
324 1555 334 1573 ,
356 1535 393 1563 et
408 1529 569 1563 n'envoie
585 1530 606 1562 a
624 1528 733 1562 Varia
748 1539 815 1574 que
829 1529 911 1574 cinq
925 1530 1030 1573 peres
1047 1529 1091 1564 de
1106 1530 1262 1564 samille“
1272 1531 1291 1564 ’ἐ
1310 1529 1456 1564 Rectius
1474 1541 1494 1563 e
1509 1533 1648 1564 nostra—

131 1587 229 1620 tibus
249 1591 393 1631 praeter
412 1585 499 1619 alios
517 1585 695 1620 Ginffier:
714 1585 812 1628 „Das
830 1585 877 1619 du
895 1586 1099 1620 verachtest
1111 1613 1121 1631 ‚
1143 1587 1291 1621 obschon
1310 1586 1391 1620 ffinf
1402 1586 1648 1621 Fenerstellen

133 1643 235 1678 datin
253 1641 352 1685 sind,
371 1641 518 1677 Welche
536 1642 627 1676 nach
644 1640 752 1675 varia
769 1647 866 1676 sonst
882 1641 965 1676 stinf
979 1643 1139 1689 ziinstige
1157 1644 1310 1678 Manner
1329 1643 1558 1688 gestellten.“

231 1717 270 1763 *)
289 1719 469 1766 Deceptus
488 1721 553 1755 hac
571 1732 612 1755 re
635 1720 840 1756 Torrentius
861 1725 936 1765 est,
958 1732 1154 1767 quanquam
1172 1723 1286 1757 refert
1304 1726 1496 1758 memoratu
1521 1722 1648 1768 digna:

134 1776 216 1821 „De
234 1775 447 1811 Sabinorum
465 1781 581 1811 autem
602 1776 674 1810 situ
691 1777 787 1810 inter
806 1777 894 1812 alios
915 1777 1051 1813 Plinius
1066 1778 1101 1823 3,
1123 1781 1178 1815 12.
1207 1781 1324 1825 Atque
1343 1781 1432 1814 adeo
1451 1791 1543 1814 nunc
1563 1790 1650 1825 quo-

136 1845 207 1879 que
223 1833 321 1867 inter
338 1832 454 1868 Tibur
473 1839 510 1868 et
527 1834 723 1868 Praeneste
741 1833 839 1869 locus
859 1838 916 1869 est
931 1846 1000 1870 non
1018 1836 1229 1880 incelebris,
1258 1837 1319 1882 qui
1337 1835 1439 1871 Italis
1466 1836 1546 1871 Vico
1564 1846 1650 1870 varo

138 1889 354 1936 appellatur:
392 1901 460 1936 quo
487 1891 550 1934 fit,
578 1895 619 1925 ut
644 1890 783 1925 facilius
812 1892 954 1926 credam
983 1893 1129 1927 Horatii
1155 1893 1276 1927 villam
1303 1893 1350 1927 ad
1369 1899 1531 1928 octavum
1556 1893 1652 1926 ultra

137 1947 255 1982 Tibur
275 1940 426 1992 lapidem
443 1947 554 1981 fuisse
573 1953 611 1981 et
630 1948 769 1993 quidem
787 1948 847 1982 via
861 1949 1005 1982 Valeria
1016 1976 1026 1994 ,
1047 1949 1078 1984 si
1097 1950 1214 1984 veteri
1233 1949 1289 1984 hic
1306 1950 1449 1985 Scholio
1466 1948 1651 1984 credimus.

139 2003 234 2044 Quin
254 2006 291 2036 et
309 2002 441 2037 incolas
460 2004 676 2038 affirmantes
697 2003 834 2049 audivi,
865 2011 989 2040 extare
1008 2005 1121 2041 adhuc
1139 2007 1296 2052 vestigia
1314 2005 1350 2040 in
1380 2018 1523 2052 campo,
1552 2015 1654 2049 quem

138 2059 313 2104 hodieque
332 2060 516 2095 Horatium
533 2062 689 2095 vocant“
710 2067 781 2096 etc.
819 2061 868 2096 At
885 2063 1101 2108 praediolum
1120 2064 1351 2097 Horatianum
1370 2068 1462 2096 teste
1483 2063 1654 2105 capmar-

123 2116 221 2151 ttnt'o
247 2116 332 2160 (111.
351 2128 389 2161 p.
409 2118 443 2150 1.
463 2117 518 2161 2.)
548 2118 581 2150 V
598 2118 649 2152 Μ.
668 2118 710 2153 Ρ.
732 2129 753 2152 a
771 2118 878 2152 Varia
904 2119 1072 2154 distabat.
1099 2120 1204 2157 conf.
1226 2121 1377 2154 Excurs.
1409 2120 1454 2152 ad
1479 2115 1599 2162 Epist·
1619 2117 1654 2159 8,

140 2173 199 2207 12.
218 2183 254 2216 p.
272 2172 330 2209 23.
362 2173 416 2206 De
438 2173 546 2208 Varia
564 2174 718 2220 oppido,
738 2174 832 2220 quod
852 2187 939 2209 cave
959 2188 1034 2210 cum
1059 2175 1199 2210 Valeria
1221 2173 1358 2224 (strab.
1379 2173 1400 2208 5
1413 2200 1423 2217 ‚
1444 2174 1478 2208 3.
1510 2184 1546 2217 p.
1565 2171 1653 2215 386)

143 2227 335 2262 confundas
355 2230 416 2273 (C.
437 2230 540 2264 Pass.
560 2230 608 2264 N.
626 2232 733 2274 226),
764 2233 856 2266 conf.
878 2232 1018 2278 Zumpt.
1050 2244 1106 2277 ap.
1126 2233 1300 2266 Wfistem.
1322 2243 1358 2276 p.
1378 2231 1435 2264 17.
1466 2228 1653 2263 Walcken.

140 2282 172 2317 1.
198 2295 237 2328 p.
256 2281 338 2319 413.
366 2286 568 2331 Westphal.
601 2287 702 2331 „Die
721 2286 823 2321 Rom.
843 2288 1098 2333 Kampagne.“
1126 2301 1163 2333 p.
1190 2287 1268 2322 115.
1290 2289 1358 2321 120
1371 2298 1426 2330 sq.
1450 2286 1484 2320 J.
1505 2285 1539 2320 J.
1562 2285 1658 2318 Ger-

143 2338 260 2382 ning's
279 2340 388 2375 Reise
405 2342 516 2376 durch
537 2343 771 2378 Oesterreich
789 2344 860 2377 und
878 2345 1032 2378 Italien“
1063 2346 1125 2378 ΙΙΙ.
1144 2356 1181 2388 Ρ.
1199 2345 1279 2378 179.
1310 2342 1464 2376 Sickleri
1485 2341 1655 2384 „Handb.

146 2393 212 2427 der
229 2394 291 2428 alt.
312 2397 475 2441 Geogr.“
493 2400 523 2434 I.
544 2411 581 2444 p.
597 2400 679 2435 377.
698 2404 735 2433 et
754 2401 909 2443 ejusdem
934 2400 1162 2444 „Erklirung
1182 2399 1246 2433 der
1269 2399 1315 2433 30
1335 2398 1458 2432 Bilder
1477 2408 1522 2431 zu
1539 2398 1656 2432 Hon-

148 2460 232 2483 zens
250 2450 433 2485 Werken“
453 2465 490 2497 p.
513 2457 557 2489 10
572 2474 621 2481 —
641 2458 695 2491 12.
712 2457 858 2500 repetit.
879 2469 899 2490 a
917 2456 1149 2490 Braunhardo
1168 2455 1204 2488 in
1223 2454 1298 2488 Iud.
1322 2467 1358 2500 p.
1382 2454 1449 2489 203
1460 2465 1516 2500 sq.
1545 2454 1656 2490 Eich-

148 2505 229 2539 holz
256 2506 293 2538 in
310 2506 445 2540 Hauffii
463 2509 637 2555 philolog.
666 2513 711 2546 11.
738 2514 771 2545 1.
802 2524 837 2556 p.
859 2512 937 2547 153.
971 2513 1131 2546 Diintzer
1156 2513 1212 2556 (p.
1232 2508 1335 2554 418.)
1363 2510 1485 2545 laudat
1510 2510 1655 2546 Mt'illeri
1715 2541 1731 2557 ,

149 2562 406 2606 ,,08111Ρ8ἕ118“
427 2564 456 2604 I,
478 2565 543 2600 282
558 2578 613 2611 sq.
635 2567 717 2601 coll.
733 2569 812 2603 278.
827 2572 865 2601 et
878 2567 973 2605 Gen,
987 2568 1015 2610 I,
1038 2569 1106 2601 110
1121 2579 1175 2611 sq.
1204 2567 1340 2601 Errant
1357 2571 1471 2602 autem
1485 2567 1546 2614 qui
1563 2568 1656 2604 vim

153 2617 386 2653 Valeriensem
414 2618 556 2661 (strab.
585 2620 628 2665 5,
646 2623 683 2657 3.
702 2635 739 2668 Ρ.
756 2622 857 2666 385.)
889 2624 932 2656 ab
960 2624 1047 2656 urbe
1081 2622 1221 2656 Valeria
1239 2623 1494 2659 denominatam
1518 2628 1654 2670 putant,

150 2684 254 2719 quum
279 2673 373 2707 illam
402 2684 496 2708 suam
521 2676 690 2721 originem
714 2680 846 2713 debere
866 2678 1007 2713 Valerio
1027 2679 1180 2712 Maximo
1203 2679 1302 2723 (Liv.
1322 2681 1363 2725 9,
1381 2677 1449 2725 43,
1469 2680 1534 2726 25)
1555 2686 1656 2716 recte

148 2731 220 2775 iam
239 2730 485 2764 observaverit
508 2731 709 2767 Dominicns
735 2735 779 2768 de
807 2733 948 2768 Sanctis
977 2746 1013 2779 p.
1029 2734 1110 2777 31„
1142 2746 1289 2781 quocum
1305 2738 1352 2772 cf.
1377 2738 1504 2784 Stepb.
1523 2738 1656 2773 Cabral

152 2786 333 2875 ptlFaust.
350 2786 411 2877 2431
434 2787 500 2821 Re'
525 2788 652 2832 „Delle
668 2789 787 2824 Ville“
802 2794 870 2825 etc.
899 2790 1000 2824 Rom.
1018 2791 1124 2828 1779.
1145 2803 1182 2838 Ρ.
1198 2794 1265 2830 108
1277 2812 1334 2822 ·—·
1348 2795 1428 2830 110.
1454 2794 1656 2842 Westphal.

165 2865 179 2883 ¹.
213 2866 223 2876 .
247 2854 284 2888 p.
307 2844 347 2877 11
376 2870 387 2880 .
