1910 3138
298 228 383 269 420
427 231 705 270 COMMENT.
727 231 784 271 IN
805 232 929 271 HOR.
951 231 1050 271 LIB.
1072 233 1101 271 1.
1139 233 1305 274 EPIST.
1325 234 1736 275 DUoDEVICEsm·.
1778 237 1832 279 72

299 339 510 396 ἀγροικίαν
539 341 583 384 δὲ
611 344 851 400 βωμολοχίᾳ.
913 345 1128 396 Asperitas
1151 350 1296 397 autem,
1331 343 1537 401 ἆγροικία,
1574 363 1671 401 quae
1701 347 1832 388 Theo-

297 411 453 462 phrasto
480 407 583 451 εἶναι
610 408 768 463 ἀμαθία
800 409 991 465 ἀσχήμων
1019 415 1158 453 dicitur
1184 412 1368 462 (Casaub.
1396 416 1446 453 ad
1474 416 1587 457 Char.
1615 417 1657 459 4.
1690 431 1730 470 p.
1760 416 1830 458 48.

298 480 374 530 R),
407 480 541 531 partim
568 481 736 531 politiori
753 481 972 520 humanitati
996 482 1200 534 (Doering.
1229 483 1280 521 ad
1303 483 1490 535 Episc2‚
1518 487 1558 535 1,
1586 485 1680 528 129.
1712 485 1758 525 A.
1784 484 1829 523 P.

299 549 420 598 163),
451 549 587 599 partim
617 549 779 588 libertati
801 549 920 588 libero
946 551 1095 590 homine
1120 552 1282 602 dignae,
1312 565 1409 603 quae
1432 550 1702 607 ἕλευθιεριότης
1726 553 1828 607 (Cic.

295 629 353 666 pr.
384 616 512 654 Plane.
547 617 614 667 13,
643 616 731 667 33.)
759 618 888 666 audit,
924 620 1147 671 opponitur,
1181 619 1258 657 vid.
1286 619 1404 671 Seyff.
1439 620 1489 658 ad
1516 621 1596 660 Cic.
1624 620 1731 661 Lael.
1761 622 1828 670 23,

295 684 363 725 87.
397 684 464 734 25,
493 686 559 725 91.
591 685 770 737 Epitheta
796 686 981 725 cumulata
1002 686 1189 738 (agrestis
1214 685 1394 727 Doederl.
1420 687 1512 737 Syn.
1539 689 1570 728 1.
1595 702 1636 741 p.
1656 691 1740 739 72,
1767 691 1830 726 im

294 753 490 790 concinna
522 754 588 803 17,
619 756 684 795 29.
716 754 800 793 coll.
830 756 1011 792 concinn.
1045 756 1111 804 11,
1147 755 1184 795 2.
1221 755 1303 793 Sat.
1332 757 1371 803 1,
1401 755 1443 806 3,
1469 755 1539 797 50.
1566 757 1691 808 Epist.
1717 759 1758 808 2,
1787 759 1827 807 1,

295 820 380 871 74.)
409 821 505 859 illius
534 826 572 860 et
599 823 906 861 inhumanitatem
934 826 973 860 et
998 822 1210 860 molestiam
1233 823 1411 861 indicant.
1453 823 1562 862 Hanc
1586 824 1831 875 significatio-

293 901 379 928 nem
408 890 527 928 Poeta
554 891 653 928 infra
681 892 942 943 persequitur,
982 890 1081 928 illam
1117 895 1251 942 utpote
1287 890 1400 929 latius
1428 892 1704 942 pertinentem,
1733 905 1830 943 quae

293 959 427 997 eadem
457 971 572 1011 saepe
601 955 820 1012 τραχύτης,
851 960 1033 998 severitas
1060 959 1174 996 nimia
1204 963 1288 1008 est,
1324 972 1400 1010 quo
1429 959 1518 998 vitio
1551 961 1615 1012 qui
1643 960 1829 1010 laborant,

293 1023 484 1068 δύσκολοι
512 1027 772 1079 appellantur,
799 1028 860 1066 hic
889 1027 1087 1077 significat.
1130 1025 1312 1065 Dicuntur
1341 1031 1464 1066 autem
1492 1041 1535 1065 oe
1558 1028 1831 1066 commendare

293 1101 404 1131 tensa
432 1102 520 1132 cute
531 1123 544 1141 ‚
573 1095 678 1133 dent.
708 1097 829 1142 atris,
866 1099 1050 1147 quatenus
1079 1095 1259 1145 singulari
1288 1097 1449 1147 quadam
1479 1097 1680 1135 severitate
1709 1101 1750 1134 et
1772 1096 1832 1136 in-

291 1162 454 1201 humana
482 1164 713 1215 negligentia
745 1164 843 1216 (Cic.
873 1163 988 1202 Offic.
1023 1165 1061 1212 1,
1091 1163 1161 1212 36,
1192 1163 1249 1215 5.)
1278 1163 1435 1202 aliorum
1462 1165 1630 1203 favorem
1660 1164 1731 1202 sibi
1759 1176 1831 1215 pa-

292 1243 377 1269 rare
404 1232 575 1270 student.
624 1233 793 1284 Intellige
821 1232 1001 1284 imprimis
1029 1230 1292 1268 adolescentes
1319 1230 1473 1270 Stoicae
1500 1237 1630 1271 sectae
1657 1232 1831 1270 addictos

292 1299 470 1351 (Rupert.
497 1301 547 1338 ad
571 1302 655 1340 Juv.
686 1303 726 1351 2,
755 1299 856 1353 14.),
884 1300 966 1351 qui,
997 1298 1101 1349 quod
1123 1298 1312 1337 hominum
1341 1299 1586 1350 elegantioris
1614 1299 1735 1338 cultus
1763 1299 1832 1338 ha-

293 1367 470 1419 bitusque
496 1370 768 1408 incuriosorum
798 1368 856 1406 vel
882 1368 967 1420 plus
991 1380 1113 1417 aequo
1140 1378 1339 1417 parcorum
1364 1372 1465 1417 erat,
1494 1367 1653 1421 capillos
1682 1369 1730 1406 ad
1762 1381 1828 1406 cu-

292 1441 368 1475 tem
399 1438 559 1476 tondere
587 1438 688 1475 soliti
715 1441 817 1476 sunt.
872 1434 996 1474 Notus
1023 1439 1082 1472 est
1109 1434 1171 1472 ille
1197 1436 1380 1473 tondendi
1408 1449 1516 1486 mos,
1554 1435 1596 1477 ἐν
1624 1438 1707 1492 χρῷ
1736 1451 1831 1477 κον-

293 1506 384 1558 ρία,
414 1519 526 1556 quem
555 1519 630 1556 quo
657 1506 741 1556 jure
766 1503 951 1542 Diintzer
980 1508 1020 1542 et
1048 1502 1339 1555 Dillenburger
1365 1517 1435 1556 pro
1457 1503 1575 1542 barba
1599 1517 1684 1543 rasa
1711 1503 1831 1542 habe-

292 1578 379 1624 ant,
406 1587 466 1611 me
489 1574 598 1625 fugit.
647 1574 704 1612 lta
723 1573 938 1612 Alcibiades
960 1573 1123 1625 Spartae
1149 1569 1377 1624 κειρόμενος
1405 1571 1449 1613 ἐν
1476 1573 1558 1628 χρῷ
1577 1577 1648 1615 etc.
1675 1572 1830 1623 degisse

292 1642 427 1679 dicitur
455 1655 517 1694 ap.
548 1642 738 1682 Plutarch.
769 1642 794 1680 l.
823 1633 847 1680 l.
890 1655 928 1693 p.
961 1640 1080 1691 192.‚
1121 1640 1181 1678 vel
1218 1641 1266 1678 de
1300 1640 1394 1692 ipsis
1430 1640 1646 1679 mulieribus
1673 1639 1830 1679 Lucian.

292 1709 355 1747 Bis
388 1723 509 1748 accus·
541 1711 607 1753 20.
647 1710 691 1751 ἐν
726 1711 812 1765 χρῷ
846 1708 1041 1764 κέκαρμαι
1068 1732 1125 1739 —-
1152 1731 1208 1738 —
1237 1707 1305 1749 καὶ
1340 1706 1567 1763 σκυθρωπῆ
1597 1709 1718 1750 δοκῶ.
1769 1708 1828 1747 Id.

292 1778 339 1815 de
369 1779 534 1828 Fugitiv.
568 1780 634 1820 27.
661 1781 834 1831 γυναῖκα
858 1777 901 1818 ἐν
926 1781 1007 1834 χρῷ
1033 1776 1283 1831 κεκαρμένην
1311 1778 1368 1825 εἰς
1396 1773 1439 1818 τὸ
1467 1772 1728 1828 Λακωνικόν,
1759 1770 1830 1830 ἆῤ-

293 1843 477 1895 ῥενωπόν
507 1844 574 1885 καὶ
595 1850 668 1885 etc.
715 1845 828 1884 Conf.
858 1847 917 1885 hic
943 1847 1111 1885 Schmid.
1137 1850 1176 1884 et
1199 1846 1304 1884 locos
1338 1847 1381 1895 7,
1410 1845 1478 1886 50.
1510 1859 1549 1897 p.
1576 1846 1674 1888 378.
1711 1846 1828 1896 laud„

291 1913 450 1951 Salmas.
475 1915 523 1951 ad
554 1913 716 1951 Tertull.
748 1915 797 1951 de
825 1915 918 1956 Pall.
947 1928 984 1966 p.
1015 1917 1107 1956 266.
1138 1913 1253 1951 Indic.
1283 1913 1332 1950 ad
1362 1912 1559 1964 Theophr.
1591 1913 1705 1952 Char.
1728 1927 1761 1955 s.
1789 1925 1827 1951 v.

291 1981 495 2034 κείρεσθαι
531 1986 570 2019 et
607 1981 654 2018 F.
694 1981 743 2019 Ο.
780 1981 892 2023 Jahn.
931 1983 979 2019 ad
1016 1982 1121 2022 Pers.
1158 1982 1206 2032 3,
1238 1979 1304 2022 54.
1361 1981 1540 2019 Similiter
1576 1981 1710 2019 dentes
1746 1985 1829 2020 atri

292 2063 420 2089 eorum
445 2053 553 2098 sunt,
584 2062 742 2100 quorum
762 2050 895 2087 dentes
914 2055 1070 2101 propter
1089 2050 1238 2087 nimiam
1259 2048 1530 2099 negligentiam
1548 2049 1719 2099 rubigine
1743 2061 1827 2087 sor·

292 2120 404 2170 dent,
434 2119 547 2157 ovid.
579 2119 624 2155 A.
653 2117 700 2159 A.
725 2121 763 2167 1,
794 2119 875 2159 515
894 2132 979 2169 sqq.
1012 2119 1054 2167 3,
1081 2119 1172 2158 197.
1221 2116 1262 2154 In
1284 2116 1440 2154 alteram
1459 2122 1606 2169 partem
1629 2115 1825 2168 Theophr.

292 2187 406 2226 Char.
437 2187 478 2237 5,
507 2187 547 2228 3.
590 2186 637 2224 de
656 2186 724 2236 iis,
755 2187 819 2236 qui
843 2187 999 2237 gratiosi
1030 2198 1117 2224 esse
1146 2185 1279 2223 velint:
1317 2183 1383 2224 καὶ
1409 2182 1635 2232 πλειστάκις
1657 2181 1702 2224 δὲ
1725 2179 1824 2224 ἄπο-

291 2255 505 2309 κείρασθαι
533 2253 600 2294 καὶ
627 2252 723 2302 τούς
755 2248 922 2303 ὀδόντας
949 2250 1114 2300 λευκούς
1142 2252 1252 2305 ἔχειν.
1306 2253 1428 2297 Quum
1456 2252 1555 2291 inter
1578 2264 1708 2291 omnes
1733 2265 1825 2290 con-

294 2328 392 2373 stet,
437 2328 474 2362 et
510 2322 669 2378 ἐν’χρῷ
705 2321 948 2375 κεκαρμένον
987 2325 1026 2360 et
1062 2321 1173 2373 plane
1212 2321 1402 2358 intonsum
1431 2332 1517 2358 esse
1554 2319 1736 2371 (Casaub.
1774 2321 1823 2358 ad

294 2391 487 2443 Theophr.
525 2391 638 2432 Char.
675 2391 754 2441 10,
793 2389 832 2432 4.
869 2404 908 2442 p.
941 2389 1032 2431 134.
1061 2388 1127 2441 F.)
1163 2402 1283 2439 aeque
1313 2392 1446 2426 contra
1483 2389 1822 2438 decorum'fuisse,

294 2457 386 2496 nihil
409 2472 523 2510 agere
544 2460 570 2497 ii
600 2459 780 2497 censendi
808 2463 916 2509 sunt,
946 2458 1008 2509 qui
1033 2457 1082 2495 de
1105 2460 1325 2509 conjectura
1356 2457 1513 2493 intonsa
1536 2464 1621 2494 cute
1633 2454 1673 2509 *)
1701 2455 1823 2507 scrip-

295 2530 438 2567 serunt.
489 2529 637 2567 Seneca
664 2527 814 2578 quidem
842 2527 890 2565 de
918 2525 1129 2565 hominibus
1158 2537 1247 2563 suae
1275 2525 1410 2563 aetatis
1447 2523 1568 2575 Epist.
1595 2524 1652 2564 5.:
1688 2523 1821 2574 Aspo-

405 2650 444 2697 *)
460 2654 671 2690 Sanadonus
689 2666 780 2699 „une
795 2656 906 2691 barbe
921 2653 1132 2699 mal-faite‚“
1152 2657 1275 2688 contra
1289 2651 1459 2687 Dacerius
1473 2650 1517 2685 de
1534 2649 1708 2696 scriptura
1721 2648 1817 2693 vulg.

296 2720 387 2751 „Une
402 2710 531 2755 longue
546 2711 680 2745 barbe“
698 2728 754 2744 =
772 2726 846 2758 „en
867 2724 910 2747 ne
928 2724 966 2746 se
987 2712 1119 2746 faisant
1137 2711 1172 2745 la
1196 2710 1308 2745 barbe
1333 2709 1435 2755 qu’au
1466 2707 1612 2742 ciseau“
1636 2703 1815 2748 intelligit.

297 2765 479 2810 Suspicari
493 2767 630 2813 possis,
655 2767 802 2804 infimum
818 2770 904 2804 illud
920 2779 1117 2803 scurrarum
1137 2778 1246 2812 genus
1265 2765 1436 2811 intelligi,
1457 2765 1571 2811 quint
1587 2760 1678 2797 mimi
1697 2759 1742 2794 ad
1765 2759 1815 2794 ri-

297 2831 370 2853 sum
391 2824 597 2858 movendum
614 2822 732 2868 capite
749 2836 829 2860 raso
844 2825 987 2861 fuerint.
1014 2825 1184 2860 Artemid.
1201 2826 1232 2868 1,
1250 2826 1306 2859 22.
1337 2821 1533 2866 Ξυρᾶσθαι
1550 2815 1591 2852 δὲ
1610 2816 1730 2850 δοκεῖν
1747 2811 1816 2858 τὴν

296 2875 455 2920 κεφαλὴν
477 2873 566 2923 ὅλην
591 2900 648 2906 ——
674 2881 925 2922 γελωτοποιοῖς
943 2903 999 2908 —-
1019 2877 1179 2927 ἀγαθόν.
1223 2881 1386 2915 Maneth.
1420 2874 1633 2922 Apotelesm.
1661 2870 1703 2915 5,
1732 2868 1813 2908 104.

297 2930 528 2976 Ξυρομένθυί
555 2932 736 2981 κεφαλάς,
764 2937 893 2982 μίμους
922 2934 1058 2983 ὅχλοισι
1077 2937 1249 2983 γελοίους.
1289 2935 1370 2970 Vid.
1396 2931 1548 2977 Ziegler.
1574 2929 1619 2963 de
1639 2927 1756 2962 Mimis
1775 2940 1811 2974 p.
