1910 3138
275 229 357 272 408

847 231 1228 272 HORATII

342 348 440 394 Hoc
475 361 585 407 age,
620 360 676 390 ne
709 348 874 391 mutata
903 349 1138 393 retrorsum
1170 351 1216 393 te
1250 349 1361 395 ferat
1395 366 1521 396 aura.

343 427 535 472 Oderunt
566 426 746 470 hilarem
777 427 926 471 tristes
958 429 1205 487 tristemque
1235 430 1390 490 jocosi,

342 505 550 553 Sedatum
585 506 776 566 celera,
813 508 974 566 agilem
998 521 1238 566 navumque
1267 509 1453 567 remissi3

1743 508 1799 549 90

340 587 523 631 Potores
553 585 679 629 bibuli
702 585 842 629 media
867 585 920 631 de
945 589 1071 632 nocte
1098 587 1274 631 Falerni

342 664 536 710 Oderunt
561 667 761 723 porrecta
790 668 1023 726 negantem
1046 667 1226 726 poeula,
1262 668 1452 725 quamvis

338 744 585 788 Nocturnos
614 748 736 802 Jures
773 746 818 788 te
853 744 1085 790 formidare
1121 748 1311 807 tepores·

270 893 374 927 Dess.
395 893 428 926 1.
456 892 559 927 Gott.
586 894 618 929 2.
649 894 720 928 Gu.
748 894 778 928 1.
800 892 898 939 Lips.
920 895 953 928 1.
980 895 1013 930 2.

270 950 369 985 Mon.
385 950 421 983 b.
445 949 479 983 d.
499 961 535 994 g,
564 949 641 994 (hic
665 961 824 995 suprasc.
848 952 878 994 i)
909 952 1010 985 Sant.

271 1007 349 1042 cod.
379 1006 527 1041 Mentel.
559 1006 626 1042 Ed.
656 1007 796 1042 Bodon.
822 1012 918 1042 teste
942 1009 1013 1042 Bo-

268 1063 358 1098 thio.
389 1082 437 1088 —
468 1063 564 1098 Dum
589 1069 638 1099 tu.
671 1064 742 1102 Ms.
774 1064 824 1101 lk.
852 1062 887 1099 4.
917 1064 1012 1099 Nam

270 1123 367 1156 dum.
394 1120 493 1157 Mon.
523 1132 554 1154 e.
584 1139 639 1146 —
666 1121 708 1155 V.
728 1122 785 1156 88.
814 1122 912 1156 Haec
928 1133 1011 1167 age.

269 1178 340 1212 Ed.
367 1176 479 1222 princ.
511 1189 568 1222 ap.
603 1177 727 1212 Comb.
761 1197 818 1204 ——·
849 1179 1013 1212 multata.

268 1235 374 1270 Dess.
399 1236 433 1271 1.
454 1254 511 1260 -—
533 1234 636 1268 vehat
661 1246 763 1270 aura.
794 1234 882 1270 Mss.
905 1235 1013 1270 Torr.

269 1292 351 1326 duo.
378 1292 440 1325 Sic
456 1296 492 1324 et
512 1290 640 1325 Malch.
665 1292 757 1326 Ecb.
782 1292 890 1337 Capt.
911 1288 1015 1327 1047.

273 1349 325 1383 Te
337 1354 401 1382 tua
415 1349 519 1393 culpa
530 1348 675 1393 premit,
695 1354 734 1383 tu
744 1374 753 1392 ,
770 1350 852 1383 dum
867 1354 931 1383 tua
945 1359 1014 1382 na-

266 1405 318 1440 vis
335 1405 372 1439 in
391 1406 463 1439 alto
483 1410 554 1450 est,
584 1405 659 1438 Hoc
680 1417 770 1451 age,
793 1417 838 1439 ne
856 1411 889 1440 te
909 1406 1015 1439 vehat

268 1474 372 1496 aura.
394 1481 440 1487 —
462 1462 503 1499 V.
523 1462 579 1496 89.
602 1461 754 1495 hilarum
774 1462 845 1496 Ed.
859 1461 1012 1507 Cuning.

267 1520 414 1553 Versum
449 1517 629 1563 expressit
660 1518 789 1555 Malch.
818 1519 841 1555 l.
870 1519 893 1554 l.
919 1519 1012 1564 992.‚

268 1577 330 1610 sed
350 1587 414 1620 pro
434 1575 548 1610 tristes
566 1575 710 1621 scripsit
728 1575 860 1614 moesti.

325 1633 367 1666 V.
388 1633 446 1666 90.
474 1644 682 1676 navumque.
713 1633 803 1667 Mss.
823 1632 948 1667 Oberl.
970 1632 1012 1666 C.

267 1689 313 1722 D.
339 1689 391 1722 Ik.
410 1690 440 1722 1.
459 1689 490 1724 5.
511 1691 545 1724 6.
574 1689 688 1723 Orell.
711 1690 830 1724 bSEc.
860 1690 961 1726 Dess.
981 1691 1014 1724 1.

269 1748 302 1782 2,
323 1746 435 1780 Dorv.
454 1747 487 1779 1.
502 1747 533 1780 2.
557 1747 667 1780 Goth.
692 1748 794 1780 Gott.
821 1749 853 1782 1.
885 1748 955 1781 Gn.
978 1746 1012 1780 3.

267 1802 366 1846 Lips.
384 1803 415 1835 1.
433 1803 465 1837 2.
480 1803 513 1836 3.
534 1803 627 1837 Edd.
642 1803 730 1837 Min.
752 1804 886 1838 Bersm.
903 1803 1013 1837 Orell.

266 1870 502 1904 gnavumque.
533 1860 622 1895 Mss.
641 1859 744 1905 reliq.
767 1864 803 1893 et
826 1861 905 1894 edd.
935 1859 1012 1893 vul-

267 1917 342 1960 garss
364 1914 467 1948 etiam
482 1915 599 1950 Bentl.
619 1916 685 1951 Fe.
705 1917 761 1950 Ik.
784 1917 884 1951 Pott.
907 1916 1011 1953 Jahn.

268 1971 423 2006 Schmid.
438 1971 598 2009 Hoched.
619 1972 776 2006 Meinek.
797 1992 852 1997 —
875 1972 929 2006 De
945 1974 1011 2007 hac

266 2028 427 2064 variante
446 2028 626 2074 scriptura
643 2028 717 2063 vid.
734 2040 812 2062 ann.
842 2028 885 2062 ad
905 2030 936 2071 1,
954 2026 1010 2064 24.

266 2098 302 2132 p.
314 2084 347 2121 5.
363 2085 443 2130 (ubi
457 2086 593 2120 naviter
604 2085 712 2119 scribi
723 2085 829 2130 malo)
843 2089 880 2119 et
891 2085 1008 2118 Kritz.

268 2143 313 2177 ad
332 2142 422 2180 Veli.
447 2143 587 2176 Paterc-
613 2144 646 2187 2,
674 2141 751 2185 105,
775 2144 807 2177 2.
825 2161 873 2167 -
892 2142 937 2175 V.
954 2143 1011 2176 91.

268 2201 346 2235 Pot.
366 2200 431 2234 bib.
446 2201 538 2234 med.
561 2200 603 2233 de
627 2205 728 2234 nocte
751 2198 910 2234 Falerni.
941 2198 1012 2232 De—

269 2262 325 2292 est
341 2256 397 2291 hic
411 2268 446 2291 v.
462 2255 499 2290 in
513 2267 594 2293 mss.
612 2256 708 2291 Pott.
725 2254 811 2298 (nisi
827 2255 920 2300 quod
939 2256 961 2290 9
975 2259 1012 2289 et

269 2316 311 2350 12
324 2315 386 2351 a2.
401 2324 503 2348 manu
512 2313 661 2357 habent)
678 2313 714 2347 in
725 2311 834 2346 Orell.
847 2312 915 2348 Ed.
933 2311 1012 2358 (hu-

263 2372 322 2415 jus
342 2371 482 2417 quidem
501 2369 648 2415 margini
668 2369 859 2404 minoribus
882 2368 1011 2403 litteris

268 2433 306 2461 et
326 2427 394 2461 alia
415 2438 535 2471 manu,
564 2428 720 2472 ejusdem
741 2430 856 2461 tamen
879 2425 1008 2460 aetatis

268 2485 487 2529 adscriptus)
510 2489 547 2518 et
572 2495 639 2518 uno
668 2484 938 2529 Bambergensi,
972 2483 1008 2517 in

267 2541 371 2575 Dess.
393 2543 426 2575 1.
455 2542 553 2575 Mon.
575 2553 608 2576 a.
633 2542 691 2583 b.;
713 2541 872 2586 adjectus
893 2545 949 2575 est
972 2540 1010 2574 in

267 2598 421 2642 Bentleji
439 2595 475 2632 4.
495 2603 531 2631 et
550 2599 583 2634 6.
619 2597 655 2631 in
684 2597 753 2632 Ikii
771 2600 801 2636 1,
835 2609 936 2631 manu
956 2608 1013 2631 re-

269 2654 445 2697 centiore,
473 2653 508 2688 in
528 2655 683 2699 margine
699 2657 803 2689 Gott.
821 2657 851 2689 1.
878 2660 1008 2688 tantum

269 2710 451 2754 appositus
467 2711 518 2744 uti
535 2712 617 2745 etin
633 2712 730 2757 LiPS.
743 2713 776 2747 2.
787 2711 820 2746 3.
839 2712 925 2745 etin
939 2712 1009 2744 Gu.

270 2767 303 2799 2.
329 2777 348 2798 a
372 2768 569 2802 recentiore
596 2779 697 2802 manu
724 2779 799 2802 cum
821 2779 881 2803 vv,
905 2769 947 2802 91
974 2772 1010 2801 et

269 2822 325 2855 92.
348 2822 544 2868 adscriptus
564 2825 713 2869 legitur,
736 2826 837 2859 deest
855 2825 890 2858 in
917 2825 1007 2868 allis,

270 2888 356 2921 quos
368 2879 458 2913 infra
472 2881 508 2914 in
519 2881 681 2915 Excursu
693 2881 886 2916 nominabit
897 2882 1005 2915 Ferd.

269 2934 491 2973 Hauthalius.
507 2936 704 2983 Aliquando
719 2944 834 2972 tamen
848 2937 882 2971 in
899 2938 1008 2973 omni-

1058 895 1124 928 bus
1155 894 1258 928 codd.
1287 893 1397 927 fuerit
1415 904 1562 928 necesse
1581 898 1655 936 est,
1684 904 1798 939 quum,

1058 950 1111 985 uti
1136 963 1203 985 non
1225 956 1331 996 negat
1355 949 1529 994 Orellius,
1562 961 1680 985 omnes
1710 961 1802 985 nunc

1057 1007 1150 1051 noti,
1166 1008 1250 1042 item
1264 1006 1488 1053 Porphyrion
1503 1013 1540 1042 et
1553 1006 1673 1043 Schol.
1691 1008 1798 1053 Cruq.

1058 1065 1212 1099 habeant
1233 1064 1390 1100 Oderunt
1407 1070 1591 1110 porrecta3
1618 1075 1800 1110 expunxe-

1057 1127 1140 1156 runt
1168 1122 1280 1156 verba
1309 1121 1414 1156 bibuli
1441 1139 1490 1146 —-
1529 1122 1690 1156 Oderunt
1719 1121 1801 1161 edd.

1058 1180 1154 1214 Pott.
1171 1179 1328 1213 Meinek.
1350 1182 1386 1211 et
1399 1177 1581 1224 interpres
1598 1178 1632 1212 J.
1648 1178 1800 1221 Merkel,

1057 1235 1195 1270 uncinis
1214 1235 1356 1269 inclusit
1375 1233 1547 1276 Granius,
1569 1234 1630 1280 qui
1648 1245 1801 1278 versum,

1058 1292 1110 1327 uti
1130 1292 1253 1337 Siipfle
1274 1299 1310 1326 et
1323 1291 1468 1325 Frenzel
1490 1291 1657 1336 (Quaest.
1679 1291 1798 1326 Venus

1056 1351 1194 1384 Isenac.
1216 1347 1318 1384 1835.
1342 1361 1376 1394 p.
1401 1345 1498 1392 24.),
1523 1360 1588 1394 pro
1608 1347 1798 1383 subditicio

1057 1407 1185 1448 habet3
1205 1405 1397 1440 defendunt
1416 1403 1626 1452 scripturam
1643 1404 1739 1450 vulg.
1761 1409 1800 1439 et

1059 1463 1237 1509 explicant
1262 1464 1350 1498 Dae.
1372 1463 1484 1496 Gesn.
1507 1462 1603 1507 Fea,
1631 1461 1799 1506 Diintzer‚

1058 1520 1227 1564 Fossius,
1269 1520 1314 1553 V.
1343 1519 1418 1562 CL,
1460 1520 1559 1564 cujus
1603 1518 1801 1553 Excursum

1057 1577 1150 1612 infra
1174 1587 1351 1623 ponemus.
1391 1576 1534 1611 Potum
1556 1575 1679 1620 liquidi
1708 1576 1800 1610 med-

1058 1635 1148 1670 Mss.
1185 1634 1266 1679 aliq.
1301 1646 1359 1679 ap.
1387 1633 1499 1667 Fabr.
1530 1636 1569 1667 et
1591 1633 1633 1669 C.
1662 1633 1708 1666 G.
1737 1643 1797 1677 ap.

1059 1692 1182 1726 Comb.
1202 1702 1290 1725 omn.
1303 1717 1313 1735 ,
1333 1689 1363 1724 si
1383 1701 1427 1724 ex
1445 1688 1586 1724 silentio
1605 1687 1696 1732 certi
1715 1687 1800 1734 quid

1059 1748 1154 1783 effici
1173 1748 1274 1791 licet,
1301 1760 1358 1794 ap.
1381 1746 1524 1789 Jaeck.;
1542 1746 1595 1781 sic
1618 1744 1723 1780 etiam
1738 1745 1800 1780 ha-

1057 1807 1120 1840 bet
1144 1805 1346 1839 Hildebert.
1370 1803 1466 1840 Mor.
1485 1803 1572 1849 phil.
1594 1813 1626 1837 c.
1646 1802 1726 1837 989.
1745 1822 1795 1830 —

1057 1864 1101 1897 de
1119 1863 1205 1897 luce.
1238 1861 1308 1895 Ms.
1335 1860 1451 1895 Bentl.
1470 1862 1504 1896 6.
1527 1871 1594 1906 pro
1621 1859 1723 1893 varia
1749 1858 1799 1892 le-

1057 1919 1188 1962 ctione,
1204 1918 1325 1951 Comb.
1344 1917 1385 1950 C.
1401 1918 1449 1951 G.
1463 1941 1475 1963 ‚
1492 1927 1535 1950 an
1549 1915 1684 1951 Jaeckii
1699 1914 1798 1950 codi-

1058 1975 1146 2008 ces?
1189 1975 1256 2008 His
1281 1974 1385 2008 rebus
1409 1973 1622 2019 comparatis
1650 1972 1728 2007 Pet.
1758 1971 1799 2006 1⁸·-

1056 2031 1151 2075 quida'
1163 2032 1253 2064 med.
1270 2032 1313 2065 de
1330 2031 1405 2064 luce
1420 2029 1566 2065 Falerni
1582 2029 1663 2064 edd.
1676 2027 1797 2072 Beati.

1056 2087 1135 2132 (qui
1151 2092 1311 2131 veretur,
1331 2098 1374 2120 ne
1389 2086 1653 2132 interpolatofis
1666 2085 1798 2120 libera-

1055 2144 1147 2177 litati
1178 2143 1234 2176 hic
1261 2142 1456 2178 versiculus
1488 2141 1678 2186 debeatur)
1710 2141 1798 2175 San.

1055 2200 1134 2245 (qui
1154 2200 1246 2243 def.)
1281 2200 1398 2238 Merv,
1417 2199 1509 2237 Phil.
1532 2199 1658 2236 Franc.
1686 2197 1795 2232 Bask.

1054 2257 1203 2301 Dorigh.
1225 2257 1321 2292 Sivr.
1338 2257 1457 2294 Wetz,
1476 2256 1628 2293 Haberf.
1647 2253 1729 2299 (sed
1742 2254 1797 2288 in-

1055 2314 1161 2348 clusit
1187 2313 1310 2356 liquidi
1340 2332 1387 2338 -—
1423 2312 1598 2356 Oderunt)
1632 2310 1796 2346 Praedic.

1053 2370 1174 2406 Jaeck.
1201 2369 1290 2403 Bod.
1316 2370 1427 2413 (teste
1444 2369 1538 2412 Fea)
1559 2372 1597 2402 et
1615 2365 1719 2402 Voss.
1741 2367 1796 2412 (in

1053 2427 1316 2468 translatione).
1335 2426 1412 2460 Pot.
1423 2425 1530 2460 bibuli
1541 2425 1653 2460 media
1663 2425 1706 2459 de
1720 2425 1797 2459 luce

1055 2486 1135 2520 Fal.
1153 2483 1244 2517 Edd.
1256 2483 1347 2519 Cun.
1358 2482 1512 2526 Wakef.‚
1524 2481 1576 2515 sic
1590 2486 1628 2516 et
1641 2480 1711 2526 legi
1725 2492 1796 2515 ma—

1055 2541 1121 2576 luit
1146 2539 1343 2574 Fabricius.
1386 2539 1463 2573 Pot.
1493 2539 1612 2583 liquidi
1635 2539 1722 2572 med.
1752 2538 1796 2572 de

1054 2604 1154 2633 nocte
1172 2597 1327 2631 Falerni.
1355 2596 1423 2632 Ed.
1446 2596 1551 2631 Daru.
1572 2595 1713 2630 Potom-
1733 2593 1794 2628 Bi-

1055 2655 1128 2689 buli
1144 2655 1232 2689 med.
1253 2655 1295 2687 de
1313 2657 1413 2686 nocte
1439 2653 1519 2686 Fal.
1540 2652 1565 2687 i.
1585 2663 1617 2686 e.
1642 2648 1794 2685 consulis

1055 2711 1217 2746 Rosellus
1241 2722 1297 2754 ap.
1320 2709 1468 2753 Dorigh.

1110 2768 1155 2801 V.
1169 2768 1225 2803 92.
1245 2771 1432 2812 negantes.
1459 2764 1529 2799 Ms.
1556 2763 1622 2798 Fe.
1650 2763 1681 2804 1,
1702 2759 1736 2794 d.
1756 2769 1790 2797 a.

1057 2826 1086 2858 1.
1107 2835 1149 2857 m.
1170 2841 1218 2848 —·
1238 2834 1438 2868 quanquam
1454 2820 1555 2856 Noa.
1565 2820 1676 2862 jures,
1695 2813 1786 2850 Edd.

1054 2881 1143 2915 Cun.
1164 2881 1247 2917 San,
1270 2880 1398 2914 Franc.
1420 2877 1524 2912 Bask.
1549 2873 1646 2908 Sivr.
1670 2890 1724 2897 —
1743 2870 1787 2904 V.

1051 2938 1108 2973 93.
1127 2927 1274 2983 lebetes.
1294 2936 1381 2970 Mss.
1393 2933 1528 2979 quidam
1543 2927 1786 2965 Lamb.Pu1m.
