1910 3138
297 230 382 274 144
415 229 798 272 COMMENTARII
814 229 874 270 IN
890 228 1115 272 HoRA'm
1130 230 1232 272 Lm.
1252 232 1282 271 1.
1302 228 1718 273 Erlsrfflnmmc.
1756 232 1841 276 144

295 370 378 398 voc.
408 357 514 395 lucri
536 356 745 408 junxerim,
773 359 818 394 ut
843 355 995 396 scabies
1020 363 1136 395 tanta
1163 364 1202 394 et
1228 358 1419 409 contagia
1445 357 1564 396 lucri
1577 358 1840 409 „irritamutn

295 427 405 479 quasi
430 425 646 478 cupiditatis
673 424 782 462 sint“
807 424 869 463 vel
894 425 1049 464 nimium
1076 425 1132 464 rei
1160 427 1399 477 quaerendae
1421 427 1603 476 studim,
1625 427 1736 478 quod
1757 437 1842 466 ma*

294 497 415 535 ximos
443 494 616 532 minimos
644 492 775 531 morbi·
794 493 917 531 instar
940 495 1089 533 invadit
1117 498 1158 533 et
1183 507 1330 534 veneno
1362 493 1506 534 saeculi
1533 495 1753 547 corrmpit.
1775 493 1840 533 :In

292 549 476 602 §ocabulo
504 561 612 598 lucri
637 572 729 598 cave
758 562 960 612 arguteris.
1010 562 1215 614 Lucrum,
1241 563 1280 601 h.
1307 563 1336 602 l.
1359 575 1445 601 voc.
1467 561 1662 601 sublimia
1687 566 1841 602 coutra-

291 632 404 680 rium,
432 633 492 667 est
520 628 624 679 quod
650 633 846 668 nostrates
874 631 969 680 „die
995 630 1231 670 materiellen
1256 631 1507 670 Interessen“
1533 635 1687 670 vocant.
1723 631 1842 670 'mm

294 699 406 738 animi
434 698 653 747 aeruginem
685 697 826 749 ubique
862 698 980 736 modo
1015 697 1213 750 acerbius,
1249 700 1367 738 modo
1405 699 1529 738 lenius
1565 703 1671 738 taxat
1705 697 1840 740 Poeta.

300 767 499 817 Crziquius
526 769 566 803 et
592 765 873 804 Bersmannus
900 770 1101 818 utrumque
1135 766 1228 805 illud
1263 767 1420 807 verbum
1438 768 1505 806 ad
1538 768 1706 807 animum
1739 766 1842 806 rela-

293 842 374 875 tum
401 833 602 885 „scabiem
631 835 921 885 contagiosam“
955 847 1042 874 esse
1069 839 1234 888 putant.
1275 834 1339 874 De
1361 836 1558 875 sententia
1584 835 1730 873 Bothii
1756 848 1842 874 sea-

291 904 376 942 bies
403 901 468 940 illa
502 904 727 953 contagiosa
762 903 1030 955 incorruptiori
1064 916 1158 942 aevo
1182 903 1394 943 Democriti
1430 904 1655 956 opponitur,
1691 904 1733 942 in
1764 916 1842 955 quo

291 984 388 1011 aevo
416 971 540 1009 minus
568 971 706 1010 mirum
733 971 869 1021 fuerit,
904 975 985 1010 tam
1019 973 1148 1023 magni
1184 973 1298 1011 animi
1332 973 1528 1012 exstitisse
1556 971 1840 1025 philosophum.

301 1040 528 1078 Torrentius
550 1040 589 1078 in
613 1043 698 1078 toto
727 1041 845 1077 sentit
866 1039 952 1078 loco
977 1041 1190 1079 irrisionem
1212 1041 1300 1079 Iccii
1323 1042 1379 1080 rei
1402 1040 1596 1080 familiaris
1618 1043 1844 1079 miton

291 1108 530 1161 abjicientis,
559 1108 631 1147 sed
655 1108 740 1159 pari
768 1109 906 1146 ardore
931 1108 1208 1160 philosophiam
1234 1109 1493 1161 capessentis,
1522 1121 1598 1161 qua
1625 1108 1780 1159 quidm
1803 1107 1845 1146 in

291 1193 334 1219 re
361 1176 612 1216 Lambinum
638 1177 689 1214 ad
716 1188 751 1214 v.
782 1178 850 1218 12.
877 1176 1009 1214 habuit
1034 1181 1241 1215 auctorem.
1283 1178 1510 1227 Quanquam
1535 1177 1748 1215 rectissime
1772 1175 1842 1213 ob-

292 1246 460 1286 servavit
486 1245 712 1282 Dacerius:
754 1242 960 1290 „Scabies
988 1250 1028 1282 et
1061 1246 1252 1296 contagia
1285 1244 1394 1283 lucri
1427 1257 1478 1283 ne
1511 1248 1602 1282 sont
1636 1256 1709 1295 pas
1744 1244 1843 1283 dans

291 1316 400 1364 Itius,
426 1314 520 1352 mais
548 1317 684 1350 autour
702 1311 847 1350 d'ltius.
888 1312 945 1350 Ce
964 1317 1054 1351 sont
1074 1312 1130 1351 les
1151 1314 1254 1352 vices
1276 1314 1327 1352 du
1349 1311 1512 1362 sieclef‘
1542 1312 1674 1351 nescio
1697 1316 1842 1362 tamen,

289 1396 382 1422 num
415 1383 456 1420 in
490 1381 616 1419 verbis
655 1381 844 1431 contagia
878 1381 984 1418 lucri
1018 1394 1090 1433 per
1122 1382 1299 1419 festivam
1336 1381 1528 1432 quandam
1545 1379 1842 1419 cavillationem

290 1452 412 1490 Iccius
438 1450 669 1500 intelligatur
692 1449 828 1487 leviter
853 1452 993 1499 tactus,
1023 1450 1083 1487 cui
1109 1449 1171 1488 vel
1200 1449 1307 1486 lucri
1328 1460 1419 1487 cura
1440 1461 1472 1487 a
1495 1451 1659 1501 patrono
1674 1450 1842 1489 demm-

290 1520 381 1557 data
416 1521 543 1567 esset,
584 1518 646 1556 vel
674 1517 733 1555 cui
760 1516 834 1567 ipsi
863 1520 998 1568 utpote
1025 1517 1128 1555 bono
1156 1516 1396 1569 procuratori
1421 1517 1573 1556 reditus·
1593 1521 1843 1556 strenuom-

289 1586 406 1638 gendi
446 1589 579 1624 essent
610 1585 698 1623 visi.
759 1584 952 1636 Quicquid
990 1590 1072 1636 est,
1117 1598 1277 1638 prorsus
1313 1583 1503 1623 abhorreo
1541 1583 1592 1623 ab
1629 1585 1843 1637 interprete

294 1654 496 1693 Schellero
510 1669 523 1691 .·
563 1653 719 1704 „Wenn
753 1653 804 1689 du
840 1652 1027 1692 besessen
1059 1667 1136 1692 von
1163 1652 1371 1691 ‘solcherlei
1403 1652 1529 1690 Kritz
1552 1652 1637 1691 md
1662 1652 1842 1702 :infiget

288 1722 502 1772 Habgier.“
551 1721 612 1759 De
645 1721 684 1758 vi
717 1721 926 1771 particulae
961 1721 1290 1760 inter-<exclusiva
1323 1721 1411 1759 vide
1445 1724 1577 1760 annot.
1610 1721 1662 1759 ad
1690 1717 1742 1769 4,
1765 1720 1840 1762 12.

288 1791 374 1829 coll.
407 1791 516 1829 Cort.
546 1790 597 1827 ad
624 1789 781 1826 Sallust.
813 1789 899 1829 Cat.
929 1790 973 1840 3,
1002 1788 1042 1831 4.
1070 1791 1121 1828 ad
1149 1789 1232 1828 Cic.
1259 1788 1374 1841 Epist
1397 1790 1448 1828 ad
1473 1788 1563 1828 Div,
1591 1790 1660 1840 10,
1681 1784 1725 1838 4,
1757 1788 1841 1844 11.,

288 1859 337 1897 de
367 1858 555 1895 translato
593 1870 666 1895 usu
701 1869 739 1894 V.
770 1856 877 1894 soah.
907 1858 1023 1896 Mart.
1055 1858 1105 1907 5,
1136 1858 1215 1907 60,
1246 1858 1313 1898 11.
1355 1857 1548 1896 Goerenz.
1584 1858 1634 1894 ad
1672 1856 1756 1894 Cic.
1790 1853 1841 1892 de

285 1925 411 1976 Legg.
441 1927 478 1974 1,
505 1926 572 1974 17,
597 1923 667 1965 47.
696 1924 880 1964 Prudent.
900 1925 1040 1963 Perist.
1062 1925 1105 1975 8,
1131 1924 1225 1967 253.
1253 1922 1323 1975 (ib.
1345 1924 1524 1963 Nebriss.
1544 1937 1591 1975 p.
1604 1921 1689 1974 64)
1717 1921 1842 1972 Quie-

289 1994 380 2045 quis
406 1993 567 2030 tacendi
592 1994 862 2042 intemperans
892 1993 1061 2031 Silenda
1081 1994 1222 2043 prurit
1242 1992 1424 2044 prodere,
1464 1993 1512 2032 V
1503 1996 1710 2030 exalaret
1732 1988 1842 2028 soab-

283 2063 351 2114 pit
363 2063 480 2110 jecor
512 2059 776 2112 Scabiemque
803 2061 933 2098 cordis
959 2062 1139 2100 sustinet.
1188 2059 1251 2099 De
1278 2059 1475 2098 Lambini
1499 2058 1690 2100 senoenfia
1714 2057 1840 2095 locum

287 2131 540 2169 Horatianum
574 2130 742 2180 respexit
781 2127 927 2169 Auson.
966 2131 1006 2167 in
1042 2129 1168 2180 Edyll.
1204 2127 1272 2167 XI.
1311 2142 1350 2180 p.
1376 2128 1470 2170 190.
1500 2129 1562 2167 ed.
1585 2127 1675 2179 Bip.
1710 2125 1841 2164 Hunc

288 2200 421 2237 locum
436 2204 639 2235 —nostra
665 2196 742 2233 illa
770 2198 929 2247 poetica
957 2196 1110 2235 scabies
1135 2198 1262 2248 coepit
1287 2196 1535 2248 exsculpere:
1575 2196 1691 2244 cujus
1714 2192 1844 2232 morbi·

289 2268 480 2319 quoniam
501 2264 631 2318 facile
659 2267 894 2316 contagium
923 2272 996 2311 est,
1025 2267 1183 2303 utinam
1209 2265 1268 2302 ad
1292 2271 1330 2302 te
1359 2277 1513 2316 quoquo
1532 2263 1706 2315 prurigo
1730 2274 1840 2299 eom-

288 2336 447 2386 migret.
492 2334 609 2379 Quod
635 2333 774 2372 attinet
797 2333 846 2370 ad
869 2346 980 2371 usum
998 2346 1035 2371 v.
1058 2333 1308 2384 contagionis
1327 2333 1429 2371 conf.
1459 2331 1644 2369 Prudent.
1665 2321 1838 2369 cathem.

289 2406 331 2454 7,
361 2404 430 2444 33.
460 2402 636 2454 (VVeitz.)
665 2401 733 2439 Ne
760 2400 810 2439 de
831 2401 1059 2452 propinquo
1083 2400 1261 2438 sordium
1290 2400 1475 2450 contagio
1501 2399 1631 2436 Dima
1653 2399 1840 2451 *quietum

289 2471 466 2509 mundus
493 2463 661 2522 affl'aret
682 2471 825 2509 virum.
855 2469 1026 2519 Herzog.
1055 2474 1095 2508 et
1117 2468 1242 2507 Kritz.
1266 2468 1316 2505 ad
1341 2466 1433 2505 Sall.
1458 2466 1541 2506 Cat.
1566 2467 1636 2517 10,
1659 2467 1701 2508 6.
1732 2465 1840 2505 Gies.

289 2540 338 2576 ad
366 2539 449 2576 Cic.
479 2539 528 2577 de
556 2537 684 2577 Divin.
716 2541 763 2591 1,
798 2538 881 2588 30,
917 2537 986 2578 63.
1026 2537 1191 2588 Rupert.
1229 2536 1279 2574 ad
1316 2534 1415 2574 Tac.
1455 2533 1556 2574 Anu.
1598 2536 1647 2586 1,
1682 2533 1838 2585 43,1=3.

289 2606 448 2644 Biinem.
479 2607 529 2644 ad
557 2605 737 2645 Lactant.
767 2605 862 2644 Inst.
892 2604 932 2654 5,
963 2605 1031 2654 12,
1059 2605 1098 2645 2.
1130 2605 1239 2643 Cort.
1269 2604 1318 2641 ad
1345 2602 1492 2642 Lucan.
1522 2603 1565 2653 3,
1596 2603 1694 2646 822.
1722 2601 1837 2640 Ovid.

291 2672 411 2710 Trist-
441 2674 483 2723 3,
505 2675 546 2723 9,
572 2674 640 2717 25.
661 2676 722 2714 ed.
744 2673 794 2713 L.
814 2695 864 2702 —
894 2673 943 2712 V.
969 2671 1036 2713 15.
1071 2671 1153 2710 Nil
1166 2685 1342 2723 parvum
1368 2673 1525 2723 sapias,
1554 2671 1646 2710 i.'e.·
1665 2672 1835 2724 φρονῇς.

290 2821 334 2855 iis
355 2834 423 2855 non
445 2825 622 2869 refragor,
650 2830 768 2859 tamen
790 2834 879 2874 eum,
906 2822 966 2871 qui
992 2834 1066 2858 rem
1093 2822 1200 2856 latius
1227 2826 1354 2868 patere
1377 2819 1594 2863 crediderit,
1623 2829 1747 2853 errare
1765 2829 1838 2853 non

290 2878 462 2912 arbitror.
521 2881 602 2915 Alia
631 2887 746 2915 autem
775 2880 855 2915 luce
882 2882 976 2917 hunc
1005 2881 1118 2917 locum
1144 2879 1338 2924 illustrari,
1369 2878 1401 2915 si
1420 2877 1648 2922 coniecturae
1672 2876 1719 2911 ad
1743 2887 1780 2910 v·
1799 2874 1835 2910 3-

290 2934 498 2981 propositae
517 2935 723 2982 indulseris,
753 2943 916 2983 apparet.
