1910 3138
106 221 193 264 :133
245 218 524 269 OOHURNT.
545 217 738 258 maon.
753 217 854 257 LlB.
871 217 901 256 1.
932 216 1099 257 EPlsT.
1122 217 1274 258 sm.
1295 216 1476 257 Dsscm.
1534 214 1619 258 293

103 345 322 387 eohorhtnr
353 344 500 394 Poeta,
540 348 583 382 ut
616 356 699 382 cum
738 346 892 382 extenua
926 343 1158 380 beatitudine
1195 342 1234 380 in
1274 355 1342 381 ore
1375 343 1482 392 quasi
1517 341 1617 393 vulgi

102 413 230 465 pedu
254 413 439 451 internam
469 411 496 449 i.
523 425 555 451 e.
585 411 750 450 animum
782 423 870 449 vere
905 411 1141 449 emendatum
1169 410 1385 460 conjungat.
1437 409 1497 448 Ex
1524 422 1618 461 pro-

101 479 218 532 priis,
251 483 296 518 nt
323 478 444 529 solet,
474 479 525 517 ad
550 479 758 517 communia
784 479 926 529 surgit,
963 478 987 516 i.
1017 491 1052 517 e.
1086 477 1136 515 ad
1165 478 1263 516 vitae
1290 476 1425 516 beatae
1450 490 1519 516 seu
1547 477 1616 515 viri

100 547 191 587 boni
222 547 539 599 descriptionem,
576 545 722 584 Horatii
756 545 858 584 mitis
899 545 1096 595 sapientia.
1154 545 1276 590 Quem
1305 542 1448 582 Poetae
1475 557 1617 583 morem

101 627 216 667 quum
248 627 384 666 parum
417 613 662 652 observasset
693 612 831 650 Julius
865 611 1060 662 Iosephus
1100 610 1309 662 Scaliger,
1347 623 1427 649 non
1460 623 1617 662 aequam

100 681 158 722 de*
176 682 250 721 hac
276 680 447 734 Epistola
478 680 568 719 fecit
595 680 845 728 sententiam,
874 692 990 730 quum
1018 680 1178 717 diceret:
1211 679 1424 728 „Ceterum
1447 678 1486 716 in
1511 684 1618 718 sexta

100 749 264 800 dedma,
298 748 363 787 ubi
396 762 461 787 rus
497 748 719 798 descripsit,
753 747 853 785 exilit
888 753 1032 785 temere
1067 747 1118 784 ad
1150 746 1385 785 discutienda
1414 750 1618 798 praecepta

99 816 355 869 sapientiae.“
414 816 544 866 lniquo
582 814 668 853 huie
696 815 840 865 judicio
874 827 997 866 paene
1024 814 1214 852 contraria
1246 812 1427 864 opposuit
1462 825 1618 852 acumen

98 885 369 924 Boin-sianum
395 884 499 922 hisce
526 883 673 922 verbis:
702 883 1056 932 „Quofiescumqne
1081 885 1207 920 autem
1225 879 1385 931 aliquem
1405 893 1427 918 e
1448 880 1617 931 philoso—

98 953 189 1006 phia
214 953 338 991 locum
363 951 563 1001 diligenter
587 955 746 1000 tractat,
773 949 882 988 facile
906 950 1131 1000 persuadet,
1159 960 1293 986 causas
1318 948 1398 1008 sibi-
1416 961 1524 997 esse,
1553 962 1618 987 cur

98 1031 366 1070 nonnunquam
391 1018 595 1057 desultorie
622 1019 696 1057 hoe
722 1022 832 1068 agat;
866 1029 938 1054 nec
964 1017 1159 1055 scientiam
1185 1016 1321 1054 deesse
1348 1020 1413 1054 aut
1436 1016 1617 1054 eruditio-

101 1101 201 1127 nem.
258 1086 383 1137 Legat
410 1086 607 1138 epistolam
633 1087 685 1124 ad
710 1086 903 1131 Quintium
932 1085 997 1136 qui
1023 1084 1139 1133 volet,
1168 1084 1208 1121 in
1230 1095 1319 1134 qua,
1348 1084 1432 1133 quis
1455 1084 1506 1121 sit
1527 1096 1617 1122 vere

101 1156 157 1194 vir
183 1155 328 1204 bonus,
361 1153 585 1205 disputatur.
641 1154 741 1193 Nam
770 1161 1038 1204 praeterquam
1064 1152 1168 1202 quod
1198 1151 1347 1199 omnia,
1382 1163 1478 1201 quae
1505 1163 1530 1188 a
1557 1163 1617 1188 sa-

98 1221 291 1275 pientibus
315 1220 445 1259 afferri
468 1225 534 1259 aut
558 1221 699 1272 opponi
726 1221 871 1270 solent,
900 1220 1081 1269 excutiat,
1109 1222 1169 1257 tot
1194 1231 1315 1270 prope
1344 1218 1618 1268 enthymemata

98 1295 195 1341 quot
230 1289 359 1328 verba.
429 1287 556 1326 Etiam
596 1288 833 1328 definitiones
878 1301 1011 1340 parum
1051 1291 1244 1325 accuratas
1291 1285 1391 1323 serio
1434 1286 1615 1337 explorat.

97 1357 224 1396 Primo
251 1356 351 1396 enim
377 1356 478 1407 vulgi
505 1356 721 1407 opinionem
747 1356 947 1407 proponit:
977 1355 1113 1393 deinde
1139 1353 1340 1392 falsitatem
1370 1354 1451 1404 ejus
1480 1354 1615 1404 arguit.

98 1446 222 1454 ——-
240 1446 297 1454 —
318 1425 381 1462 vir
408 1423 534 1462 bonus
559 1445 615 1451 —
636 1422 744 1474 pelle
770 1422 925 1460 deeora.
965 1421 1150 1473 Denique,
1178 1422 1355 1472 quicquid
1380 1421 1498 1460 libera
1527 1435 1616 1460 ora-

97 1493 202 1532 tione
228 1493 304 1531 diei
333 1505 357 1530 a
382 1491 609 1542 philosopho
634 1495 785 1541 potest,
818 1490 892 1528 hoc
920 1490 1038 1540 ligata
1075 1494 1136 1528 est
1162 1488 1369 1540 amplexus.
1423 1490 1475 1528 Et
1511 1491 1616 1540 quod

23 1592 34 1597 ⁴
98 1559 263 1599 miraculi
289 1564 351 1598 est
375 1560 516 1607 insmr,
552 1559 634 1597 sine
666 1559 792 1596 taedio
825 1558 977 1596 lectoris
1010 1562 1077 1596 aut
1102 1557 1344 1609 putiditate.“
1359 1555 1397 1607 *)
1452 1558 1617 1596 Constat

97 1632 249 1677 autem,
288 1639 401 1685 qnam
435 1637 586 1663 morose
621 1628 735 1676 atque
769 1625 897 1676 inique
932 1626 981 1663 de
1025 1626 1182 1676 Quintii
1218 1625 1385 1663 moribus
1414 1626 1616 1676 judicarint

195 1785 235 1831 ⁴)
251 1786 351 1820 Haec
367 1785 526 1826 Danielis
538 1786 649 1821 verba
667 1786 832 1831 leguntur
847 1787 886 1821 in
905 1787 995 1821 libro
1015 1788 1059 1821 de
1073 1786 1151 1821 Sat.
1172 1785 1300 1820 Horat.
1316 1798 1352 1831 p.
1370 1784 1451 1823 152.
1466 1784 1615 1820 editioni

20 1839 25 1845 “
99 1844 189 1878 Hor.
205 1842 322 1888 langd.
338 1842 419 1877 Bat-
439 1843 540 1878 1612.
559 1854 717 1885 annexo;
737 1843 916 1889 Sed-‘gen’
932 1843 968 1877 in
985 1843 1111 1878 Poefie.
1123 1843 1204 1880 libr.
1218 1843 1252 1877 6.
1271 1854 1308 1888 p.
1322 1842 1405 1878 808.
1421 1841 1479 1877 ed.
1495 1849 1612 1888 quart.

102 1900 205 1935 1607.
224 1899 328 1941 Quae
339 1899 385 1933 de
397 1898 515 1933 indole
527 1900 756 1944 epistolarum
765 1900 1034 1934 Horatinnarnm
1047 1905 1120 1933 tum
1131 1899 1160 1942 1,
1178 1901 1210 1934 1.
1226 1910 1262 1944 p.
1275 1898 1321 1935 25
1334 1910 1405 1945 sq„
1418 1903 1492 1933 tum
1505 1898 1543 1933 in
1557 1910 1615 1933 ar-

99 1964 263 2002 gumento
281 1956 492 2000 singularum
510 1955 658 1991 subinde
676 1955 912 2002 exposuimus,
932 1969 976 1992 ea
992 1957 1138 2002 egregie
1150 1956 1335 1990 firmantur
1352 1957 1415 1990 Fr.
1432 1955 1555 1990 Jacobs·
1571 1955 1614 1989 li-

98 2013 213 2048 bello:
242 2012 397 2057 „Einige
411 2012 675 2058 Bemerkungen
693 2014 783 2047 iiber
801 2013 870 2048 den
884 2014 1050 2058 heutigen
1064 2013 1290 2058 Standpunkt
1305 2013 1369 2046 der
1382 2011 1613 2056 Paedagogik

98 2068 170 2104 und
185 2079 230 2103 zu
247 2070 413 2104 Horaz.“
439 2067 581 2103 Lfiboek
604 2067 706 2105 1841.
730 2082 766 2115 p.
788 2072 831 2105 10
849 2081 904 2116 sq.
945 2071 1047 2114 „nie
1070 2069 1237 2114 Episteln
1257 2086 1306 2093 —
1331 2068 1411 2102 sind
1429 2067 1613 2111 Selbstge-

99 2125 271 2172 spridze,
302 2125 338 2159 in
363 2125 476 2160 denen
502 2126 566 2160 der
593 2126 740 2160 Dichter
764 2126 933 2161 zuniehst
959 2127 1023 2161 mit
1048 2126 1124 2160 sich
1142 2126 1259 2159 selbst
1277 2125 1340 2159 auf
1354 2125 1417 2158 das
1435 2124 1550 2157 Reine
1568 2133 1613 2157 zu

98 2183 256 2216 konnen
273 2182 387 2221 sucht.
429 2181 611 2217 Wihrend
630 2183 741 2218 daher
761 2183 798 2217 in
822 2184 886 2217 der
906 2183 1026 2218 Satire
1046 2183 1111 2216 der
1127 2181 1267 2226 Biirger
1286 2181 1358 2214 und
1379 2181 1484 2214 Stant
1501 2179 1612 2213 durch

101 2238 219 2272 'radul
239 2239 423 2284 gefiirdert
442 2239 553 2282 wird,
580 2239 769 2274 behandelt
794 2239 852 2273 die
878 2240 1018 2285 Epistel
1038 2239 1142 2273 meist
1160 2237 1318 2272 sittliche
1335 2236 1422 2270 oder
1442 2235 1613 2269 aestheti-

100 2294 185 2328 sebe
202 2295 450 2338 Gegenstinde
476 2307 546 2329 von
572 2295 650 2330 rein
676 2295 941 2330 menschlichem
970 2295 1057 2330 oder
1075 2293 1338 2328 individuellem
1363 2291 1612 2337 Standpunkte

101 2359 177 2383 aus.
218 2350 268 2383 So
287 2350 492 2386 bezeichnet
510 2363 549 2385 er
566 2353 619 2386 sie
637 2353 675 2386 in
692 2353 758 2386 der
776 2351 916 2386 vierten
933 2352 1054 2386 Satire
1074 2350 1197 2391 selbst,
1217 2360 1288 2382 von
1308 2349 1353 2384 V.
1373 2348 1453 2382 129,
1471 2359 1535 2382 an:
1555 2347 1611 2382 Ex

101 2404 170 2438 hoe
187 2415 252 2448 ego
271 2417 375 2440 sanus
391 2411 474 2450 etc„
493 2408 602 2442 durch
620 2409 687 2443 den
703 2409 767 2442 der
781 2409 998 2452 Uebergang
1016 2418 1061 2441 zu
1076 2407 1155 2440 dem
1171 2405 1307 2439 Thema
1321 2403 1483 2448 gemacht
1499 2404 1608 2438 wird:

103 2459 283 2494 Fortassis
300 2466 339 2494 et
352 2461 458 2496 istinc
474 2468 545 2497 etc.

214 2515 286 2549 Ans
304 2516 421 2551 dieser
438 2519 670 2564 Auffmung,
693 2521 757 2553 auf
770 2518 830 2553 die
849 2518 954 2564 eigne
973 2517 1178 2551 Auctoritiit
1194 2516 1257 2550 des
1276 2514 1441 2550 Dichters
1459 2516 1610 2561 begu-fin-

105 2572 177 2614 det,
200 2570 286 2616 geht
305 2572 464 2615 zugleich
477 2574 536 2608 die
549 2575 822 2610 Unihnliehkeit
839 2574 975 2609 sowohl
993 2572 1119 2606 beider
1135 2571 1434 2616 Dichtungsarten
1451 2573 1489 2607 in
1505 2572 1609 2608 ihren

103 2627 360 2663 entserntesten
378 2628 538 2663 Punkten
554 2631 700 2674 hervor,
727 2632 795 2665 wie
815 2630 902 2664 auch
920 2629 996 2663 ihre
1015 2629 1105 2662 nahe
1127 2627 1454 2671 Verwan'dtsehast,
1474 2629 1609 2664 welche

103 2696 145 2719 so
164 2684 256 2718 viele
270 2683 519 2719 Kunstrichter
535 2685 624 2720 iiber
640 2686 718 2722 ihre
737 2687 855 2720 wahre
869 2686 985 2720 Natur
999 2684 1046 2719 im
1059 2684 1222 2719 Dunkeln
1235 2684 1397 2729 gelassen
1414 2684 1487 2720 hat.
1506 2686 1607 2722 Denn

103 2740 264 2775 offenbar
284 2740 426 2774 werden
448 2740 501 2774 oft
519 2740 700 2777 dieselben
717 2742 894 2777 Materien
911 2741 947 2774 in
966 2751 1057 2784 ganz
1076 2739 1256 2775 iihnlicher
1274 2742 1396 2776 Weise
1419 2741 1456 2776 in
1473 2741 1606 2778 Beiden

102 2795 293 2831 behandelt
319 2797 483 2840 werden,
512 2807 577 2830 nur
602 2797 667 2831 der
690 2798 909 2844 Angeredete
935 2795 1076 2840 [dieser
1100 2796 1250 2832 nimlieh
1272 2798 1321 2832 ist
1347 2798 1527 2834 entweder
1542 2799 1606 2835 der

103 2851 251 2888 Dichter
265 2853 394 2896 selbst,
412 2852 475 2887 mit
493 2851 560 2886 den
577 2851 638 2886 ibn
653 2853 896 2888 beriihrenden
914 2852 1132 2897 Inter-essen,
1152 2865 1185 2890 z.
1198 2853 1239 2888 B.
1259 2854 1380 2889 seinen
1398 2855 1604 2898 Freunden3

106 2907 193 2943 oder
210 2908 271 2944 dss
291 2909 393 2945 Volk.
437 2908 497 2945 Ich
516 2907 628 2944 meine
645 2909 719 2944 also
745 2908 842 2944 nicht
861 2909 925 2944 init
945 2909 1023 2944 dem
1043 2909 1288 2956 Angeredeten
1312 2911 1370 2947 die
1387 2912 1540 2957 Person,
1559 2913 1603 2948 an
