1910 3138
138 160 197 203 79
234 158 511 200 comm.
529 159 588 199 ΙΝ
607 159 730 199 ROB.
757 158 855 198 ΠΒ.
876 160 904 198 l.
945 158 1109 198 EPIST.
1129 157 1538 199 nuonssvlcRsm.
1581 156 1663 199 427

138 271 344 323 quoq-0⁴¹)
369 271 519 311 seilicet
528 299 545 318 ‚
574 284 649 322 qua
672 272 930 310 admirationis
961 272 1063 310 notio
1095 276 1273 322 augetur,
1301 273 1507 313 confluant.
1550 271 1664 310 Cous.

138 351 229 378 ann.
255 339 307 378 ad
331 339 376 390 9,
402 339 444 380 3·
483 338 588 378 Bene
613 340 726 390 igitur
753 339 794 376 J.
824 339 1007 377 Merkel:
1039 339 1131 389 „lhr
1155 340 1310 379 Gotter!
1353 339 1578 389 Verlaugest
1599 340 1665 389 du,

138 406 231 445 dtu
254 405 361 445 nicht
386 406 490 445 Mein
518 406 630 446 Wort
656 406 782 457 gelte,
819 408 897 446 und
922 408 1011 444 dass
1035 406 1141 445 nieht
1169 407 1444 445 unumwunden
1470 406 1531 446 ich
1557 419 1666 456 sage,

139 473 230 512 Was
251 474 322 512 mir
341 473 542 525 gefautw
586 474 773 512 Elatrare
800 479 948 524 antem,
978 480 1018 513 ut
1046 476 1243 513 commode
1269 473 1466 521 Oreum,
1492 486 1667 524 „summa

137 541 325 593 pulmonis
353 542 594 580 contentione
625 543 822 594 proferre,
860 543 962 593 quod
991 543 1029 580 in
1057 541 1209 579 buccam
1237 542 1384 582 venit.“
1428 541 1490 580 Ad
1517 555 1554 580 v.
1580 554 1667 580 εον-

135 609 204 646 det
229 609 330 650 conf.
357 609 472 648 Mart.
499 610 549 658 9,
578 610 647 658 71,
676 611 716 650 9.
756 616 829 646 tua
865 609 974 660 quod
1010 608 1083 645 tibi
1115 608 1275 646 sordent
1309 616 1486 660 tempora
1509 613 1549 648 et
1582 621 1668 648 ann.

137 677 188 715 ad
220 678 297 726 11,
326 676 367 719 4.
418 677 479 715 Ad
510 677 734 714 sententiam
771 676 912 715 faciunt
945 677 1140 715 Menandr.
1178 676 1339 714 Fatidic.
1371 679 1419 726 2,
1450 678 1489 718 2.
1530 677 1589 717 Et
1608 692 1667 725 τις

137 742 376 796 προσελθών
398 759 467 797 μοι
488 745 600 784 θεῶν
623 742 748 796 λέγοι·
780 741 968 796 Κρότων,
996 741 1098 785 &miv
1117 740 1359 800 ἀποθάνῃς,
1388 738 1511 792 αὖθις
1531 743 1573 793 ἐξ
1595 739 1666 797 ἆρ-

137 814 212 865 pig
236 811 316 854 ἔσει
340 816 414 851 etc.
456 810 547 850 Tib.
581 812 618 860 1,
646 811 689 861 9,
717 811 771 852 31
795 833 852 841 —
870 810 939 852 34.

249 878 296 919 V.
331 880 397 919 19.
423 879 491 921 20.
538 878 777 931 Ambigitur
799 878 900 930 quid
922 901 980 907 —
997 880 1127 930 Appi.
1171 880 1276 919 Cave
1294 884 1383 931 post
1401 878 1559 930 primum
1581 890 1668 916 ver—

138 945 227 983 bnm
254 945 425 994 incidas,
453 958 530 996 qua
555 946 794 985 distinctione
817 947 983 985 admissa
1010 948 1123 997 paulo
1146 949 1222 986 alia
1249 948 1442 986 enascitur
1466 945 1668 996 sententia,

135 1011 187 1050 ef.
216 1011 342 1050 Hand.
382 1011 548 1053 Tursell.
579 1014 625 1056 lL
664 1029 704 1066 p.
734 1015 831 1056 386.
859 1018 898 1052 et
923 1013 1065 1053 Heind.
1090 1016 1140 1054 ad
1164 1017 1247 1055 Sat.
1277 1018 1316 1066 1,
1346 1016 1385 1064 1,
1412 1016 1452 1054 7.
1493 1013 1667 1063 „Agitur

133 1083 283 1131 autern,
310 1084 351 1118 ut
378 1081 432 1119 ait
459 1082 587 1121 Schol.
610 1082 745 1133 Cruq.,
776 1082 824 1120 de
842 1081 1116 1132 gladiatoribus
1135 1087 1201 1122 aut
1218 1083 1476 1134 pantomimis,
1501 1082 1573 1120 utri
1591 1081 1668 1119 sint

134 1147 359 1187 scientiores
370 1147 392 1186 ἓ
419 1149 558 1189 Castor
577 1154 617 1188 et
630 1149 813 1189 Dolichos
830 1154 938 1189 erant
954 1149 1054 1188 illius
1072 1151 1304 1203 temporibus
1318 1150 1464 1189 nobiles
1478 1149 1667 1199 gladiato-

136 1215 244 1254 ηις(
298 1215 444 1255 Contra
462 1216 672 1269 porphyrio
693 1218 893 1257 Castorem
917 1222 955 1257 et
986 1217 1155 1256 Docilem
1181 1217 1291 1269 (sic2)
1322 1218 1553 1268 „histriones
1578 1221 1668 1256 tunc

136 1283 349 1334 tempori&
384 1289 424 1323 et
447 1284 497 1323 de
522 1287 712 1324 sententia
737 1286 893 1324 aliorum
928 1286 1221 1337 „gladiatores“
1258 1287 1374 1324 fuisse
1408 1287 1510 1328 dicit.
1538 1284 1665 1326 Schol.

135 1362 208 1388 ms.
237 1350 343 1390 Mon.
370 1364 426 1393 ιε
454 1354 638 1405 „propria
665 1355 816 1392 nomina
836 1355 1087 1405 gladiatorum
1111 1354 1170 1392 vel
1187 1354 1454 1392 histrionum.“
1500 1353 1667 1391 Subtiles

136 1421 264 1456 autem
293 1418 379 1471 plus
414 1432 536 1471 aequo
577 1422 778 1461 Dacm'm
809 1427 849 1461 et
877 1423 1209 1461 Walckenaerius
1243 1422 1309 1473 (ll.
1338 1436 1377 1473 p.
1411 1422 1525 1472 183.)
1564 1425 1666 1470 sunt,

138 1498 254 1536 quum
279 1491 437 1538 propter
471 1488 625 1527 verbum
660 1491 764 1527 sciat
790 1490 994 1529 histriones
1019 1491 1079 1529 vel
1107 1491 1240 1528 mimos
1268 1490 1372 1539 ajunt
1399 1489 1666 1539 intelligendos

137 1565 246 1600 esse3
278 1553 370 1592 illud
401 1556 499 1594 enim
531 1557 686 1597 verbum
721 1562 842 1596 artem
878 1558 936 1597 vel
976 1559 1169 1596 scientiam
1195 1558 1252 1595 rei
1280 1556 1481 1605 cujuslibet
1514 1557 1666 1606 indicat,

138 1620 238 1659 conf.
262 1620 407 1660 Walch.
444 1623 494 1660 ad
531 1622 626 1662 Tac.
667 1626 793 1676 Agric.
823 1627 865 1674 5,
893 1626 934 1667 4.
979 1627 1118 1664 Veram
1147 1626 1371 1676 scripturam
1408 1625 1491 1662 sine
1518 1624 1667 1662 dubita-

137 1688 243 1726 tione
269 1690 435 1728 servavit
455 1689 518 1728 ille
545 1691 756 1731 Scholiasta
783 1699 822 1732 et
839 1695 914 1743 ita,
944 1698 984 1732 ut
1006 1705 1146 1732 nomen
1172 1692 1365 1730 Dolichos
1390 1693 1530 1731 homini
1555 1704 1667 1731 servo

138 1754 187 1794 ab
215 1754 338 1793 insula
365 1756 421 1795 vel
449 1757 542 1796 urbe
570 1758 727 1799 Doliche
754 1760 868 1811 (Plin.
897 1761 945 1802 H.
975 1762 1032 1811 N.
1057 1760 1099 1811 4,
1126 1761 1218 1813 (12)
1245 1762 1311 1802 23.
1338 1759 1424 1799 Liv.
1445 1759 1514 1810 42,
1537 1761 1605 1810 53,
1626 1762 1666 1801 6.

137 1821 219 1871 44,
248 1824 294 1870 2,
328 1824 367 1864 8.
397 1823 555 1877 Ptolem.
584 1827 635 1876 5,
667 1828 774 1879 15.),
815 1842 892 1867 non
919 1842 974 1879 „a
1002 1834 1148 1868 statura
1177 1829 1348 1880 corporis
1375 1830 1597 1880 procera,“
1624 1834 1667 1866 ut

138 1889 191 1927 ait
222 1889 421 1942 Guqmus
430 1919 447 1937 ‚
483 1893 697 1945 impositum
722 1897 902 1935 videatur.
963 1898 1133 1936 Pessima
1160 1901 1284 1935 autem
1312 1909 1440 1935 eorum
1465 1897 1563 1934 ratio
1592 1900 1666 1946 est,

138 1956 204 2006 qui
230 1957 347 1996 verbo
379 1958 519 1998 docilis
544 1974 615 2013 pro
644 1961 841 2013 Adjeetivo
866 1963 995 2003 habito
1027 1967 1115 2005 olim
1143 1965 1378 2016 interpretati
1407 1968 1513 2002 sunt:
1558 1963 1666 2012 „Ca-

138 2027 220 2062 stor
245 2024 330 2077 plus
359 2026 453 2064 sciat
489 2040 538 2066 an
571 2029 622 2067 sit
646 2030 731 2082 plus
768 2032 899 2070 docilis
927 2034 952 2070 i.
983 2047 1016 2071 e.
1051 2032 1172 2071 adhue
1206 2032 1441 2073 doeendusf‘
1489 2031 1666 2068 Ceterum

139 2091 233 2130 tales
261 2093 311 2131 de
338 2093 609 2147 gladiatoribus
630 2102 669 2136 et
695 2100 817 2138 mimis
845 2114 1038 2140 sermones
1064 2100 1102 2137 in
1121 2099 1267 2138 circulis
1290 2098 1479 2137 hominum
1500 2098 1560 2136 vel
1586 2097 1665 2136 ele·

138 2161 352 2209 gantiorum
378 2161 527 2202 habitos
556 2178 643 2204 esse
673 2178 718 2204 ex
746 2167 828 2206 Sat.
856 2171 902 2217 2,
932 2170 984 2218 6,
1013 2169 1081 2209 72.
1111 2173 1150 2205 et
1184 2167 1278 2205 locis
1305 2167 1353 2204 ad
1380 2167 1419 2214 1,
1451 2167 1491 2206 6.
1527 2179 1566 2216 p.
1595 2164 1663 2205 33·

249 2330 287 2376 ²⁸¹)
306 2333 388 2368 Nou
407 2336 585 2371 assentior
602 2337 733 2372 Baebio
754 2338 894 2382 (Zimm.
912 2337 1147 2381 „zeitschrift
1158 2339 1183 2373 f.
1197 2337 1233 2372 d.
1247 2337 1539 2373 Alterthumsw.“
1558 2333 1662 2376 1834.

139 2399 178 2433 p.
198 2385 328 2433 1043),
352 2401 454 2435 quum
475 2393 681 2439 particulam
699 2395 826 2429 scilicet
845 2394 892 2428 ad
914 2394 1024 2427 verba
1043 2394 1198 2429 Pretium
1210 2413 1267 2418 —
1279 2413 1336 2421 —-
1351 2395 1470 2428 sordet
1487 2393 1613 2428 referri
1626 2399 1664 2428 et

139 2453 176 2477 v.
195 2449 237 2478 ut
256 2447 462 2483 concessive
480 2451 569 2483 sumi
589 2451 715 2494 jubet:
747 2454 929 2495 „gesetzt‚
958 2449 1039 2484 dass
1058 2449 1156 2484 nicht
1175 2450 1320 2484 meinem
1341 2451 1466 2483 Worte
1486 2461 1551 2485 vor
1571 2450 1662 2485 allen

138 2498 271 2534 anderu
290 2501 460 2546 geghubt
476 2505 619 2550 wiirde,
642 2507 714 2541 und
739 2506 796 2540 ich
827 2506 925 2540 nicht
946 2505 1070 2540 scharf
1084 2507 1324 2540 herausbellen
1344 2506 1484 2549 diirfte,
1507 2518 1580 2541 was
1598 2507 1664 2541 mir

139 2555 295 2598 heliam,
319 2556 432 2601 daun,
460 2561 651 2596 versteht's
670 2562 766 2605 sich,
795 2563 858 2596 hat
883 2562 939 2596 eiu
969 2567 1133 2596 eruentes
1155 2563 1276 2596 Leben
1304 2562 1507 2598 schleehten
1534 2563 1662 2598 Werth

139 2611 196 2646 ffir
213 2611 345 2647 mich.“
385 2613 556 2649 Similiter
582 2617 784 2653 Lambinus.
821 2617 1022 2652 Dfintzerus
1045 2629 1238 2663 quanquam
1259 2619 1364 2653 aliter
1386 2620 1515 2662 sentit,
1545 2625 1661 2655 tamen

139 2667 405 2713 improbabilem
423 2681 458 2703 v.
471 2671 597 2706 scilicet
610 2673 719 2707 affert
737 2673 1082 2718 interpretationem:
1104 2674 1278 2717 „Scilicet
1295 2674 1396 2710 ziehe
1409 2675 1467 2710 ich
1485 2675 1582 2711 nieht
1597 2676 1662 2712 nit

139 2724 177 2758 in
200 2724 266 2759 den
285 2725 330 2759 im
352 2725 555 2770 [folgenden
582 2728 836 2772 dargestellten
863 2729 1058 2763 Gedanken
1087 2730 1150 2764 des
1169 2731 1459 2777 streitsfichtigen
1484 2733 1660 2769 Rechtba-

141 2779 246 2825 bers,
273 2782 426 2817 sondern
445 2782 538 2819 fasse
556 2795 595 2817 es
615 2784 667 2819 als
689 2785 866 2836 ironische
886 2785 1105 2830 Anffihrung.
1145 2787 1366 2832 ‚‚„Nim1ich
1381 2801 1421 2824 er
1440 2789 1550 2826 denkt
1565 2790 1658 2826 sich:

119 2868 122 2870 .
141 2835 218 2871 sou
234 2837 290 2873 ich
308 2838 375 2873 mir
391 2839 488 2874 nicht
507 2850 571 2873 vor
585 2840 676 2875 allen
696 2841 838 2876 Andern
856 2842 1006 2885 glauben
1017 2842 1069 2875 ?“
1082 2844 1105 2860 “
