1910 3138
274 216 358 263 ³18
411 215 693 258 COMMENT.
712 216 769 256 IN
788 215 1034 257 Helu-Lm.
1052 216 1087 256 Ι.-
1117 210 1651 261 EPJS‘LEAEEWAEECOE.
1703 216 1786 266 ἥδ
1847 0 1910 291 11

271 344 444 395 Zeuge.“
485 340 644 393 Proprie
668 339 768 380 enim
795 346 924 379 tenere
951 355 1116 385 causam
1141 355 1231 394 opp.
1254 342 1291 382 ei
1300 367 1317 390 φ.
1330 375 1334 385 2
1347 343 1458 394 quoti
1477 347 1690 383 areauna
1716 354 1791 381 oa-
1907 324 1910 330 ,

270 413 374 451 dere.
404 410 516 450 ovid.
540 408 632 447 Met.
661 407 730 458 13,
755 409 849 451 109.
875 407 983 461 (ibiq.
1008 409 1145 462 Bach.)
1173 410 1400 462 Difficilem·
1414 411 1625 458 ,tonui-sub
1646 412 1788 463 “atiquo

270 481 400 519 iudice
428 490 607 516 eausam.
642 476 722 515 Cic.
750 490 809 528 pr.
840 476 954 518 Caec.
985 477 1052 528 24,
1083 479 1150 519 67.
1203 479 1439 519 Scaevolam
1454 479 1600 539 Μ
1620 491 1787 518 causam

268 547 384 599 apud
409 545 671 584 centumviros
699 558 781 583 non
804 546 984 587 tenuisse.
1019 546 1127 604 Suet.
1154 544 1298 586 Domit.
1322 549 1361 589 9.
1397 549 1590 599 pemati(
1615 560 1787 590 accusa-

268 617 367 661 tori,
405 615 477 666 qui
503 627 667 652 causam
704 627 785 651 non
812 620 981 661 teneret,
1010 615 1191 654 exsilium
1211 630 1347 667 poena
1373 623 1482 656 esset.
1502 628 1505 630 ’
1527 615 1787 667 Simili->sup-

266 684 439 736 peditant
463 683 591 721 Schm.
618 688 658 722 et
682 682 800 721 Orell.
819 683 869 722 ad
889 683 925 721 h.
944 682 968 721 l.
991 682 1111 723 Drak.
1136 685 1188 723 ad
1214 684 1300 727 Liv.
1329 685 1400 736 39,
1428 686 1471 736 3,
1494 684 1537 727 3.
1562 683 1719 731 Ruhnh
1736 682 1788 723 811
1908 725 1910 733 1

267 752 379 790 Ovid.
406 751 500 790 Her.
535 752 613 800 17,
650 749 745 792 244.
791 751 981 790 Goerenz.
1010 753 1060 790 ad
1087 752 1168 793 Cic.
1201 752 1320 792 Acad.
1352 754 1401 805 2,
1425 754 1476 803 8,
1506 754 1573 796 26.
1610 752 1689 800 30,
1715 751 1786 795 98.
1901 746 1910 839 ἐ

265 821 418 859 Ernest.
448 820 553 858 Clav.
579 819 659 858 Cic.
689 820 726 861 h.
759 833 794 860 v.
851 820 949 858 Hinc
975 833 1038 858 res
1067 834 1251 871 sponsore
1277 827 1481 867 tenentur,
1510 817 1787 872 quaten-isius
1902 843 1903 846 =

263 889 359 927 satis
388 887 558 938 locuples
588 891 628 926 et
661 888 758 926 fidus
790 892 871 938 est,
910 891 951 925 ut
982 888 1020 926 in
1057 901 1104 927 eo
1138 894 1220 928 tuto
1256 890 1488 940 acquiescas.
1546 887 1657 929 Talia
1687 887 1787 934 iudi·

264 957 386 996 canda
414 960 523 994 erant
555 959 715 1008 propter
752 956 949 995 Dantzeri
980 956 1113 996 miram
1146 959 1444 998 annotationem:
1481 957 1677 1004 „Cumae
1702 955 1788 1005 sinii
1811 1003 1815 1010 1

264 1024 347 1063 hier
375 1024 437 1063 die
465 1023 584 1062 durch
622 1024 808 1075 Vertriige
843 1025 1135 1075 geschlossenen
1174 1027 1404 1077 creamine,
1441 1026 1503 1065 bei
1533 1025 1699 1065 welchen
1717 1025 1787 1064 -ein

263 1105 430 1143 sponsor
460 1092 552 1131 oder
582 1098 696 1130 testes
719 1106 805 1132 zum
827 1092 1012 1145 Vollzuge
1034 1094 1166 1145 nothig
1189 1097 1291 1143 sind;
1315 1097 1419 1134 diese
1437 1092 1788 1137 vouzieheu.heisst

264 1160 344 1199 hier
371 1164 523 1211 tenere,
551 1160 656 1200 nicht
683 1162 893 1211 gewinnen.
950 1162 1057 1201 Idem
1089 1170 1222 1201 testem
1249 1165 1286 1203 in
1311 1164 1453 1214 judicio
1479 1162 1704 1214 productum
1731 1160 1788 1201 in*

263 1228 384 1279 telligi
409 1231 532 1268 vetat:
562 1229 689 1279 „Man
713 1229 803 1267 dars
822 1230 931 1268 testis
958 1231 1063 1269 nicht
1088 1231 1144 1270 als
1171 1232 1303 1283 Zeuge
1330 1245 1400 1270 vor
1429 1230 1586 1271 Gericht
1613 1229 1788 1278 nehmen,

263 1300 334 1340 wie
360 1299 458 1338 noch
493 1296 619 1335 Orelli
648 1297 755 1347 thut,
797 1299 963 1337 sondern
996 1312 1101 1338 muss
1137 1313 1180 1339 es
1220 1300 1288 1339 auf
1318 1300 1530 1350 Zeugnisse
1560 1297 1621 1336 bei
1649 1297 1798 1346 Acten„

264 1369 336 1407 wie
361 1368 400 1406 in
428 1367 498 1406 der
525 1365 646 1405 stelle
675 1366 743 1404 des
774 1365 928 1405 Persius
960 1366 1020 1418 (5,
1049 1367 1103 1408 79
1133 1367 1256 1419 sqq.)‚
1287 1366 1510 1409 beziehen.“
1561 1366 1615 1404 At
1646 1365 1786 1404 videsis

264 1436 354 1486 Dig.
381 1434 498 1474 XXII.
527 1434 568 1484 5,
595 1434 635 1474 3-
663 1447 723 1486 pr,
762 1435 934 1472 Testium
946 1435 1057 1484 fides
1084 1436 1295 1488 diligenter
1322 1435 1591 1476 exarninanda
1616 1439 1677 1471 est
1707 1436 1784 1473 etc.

264 1504 376 1544 Rein.
396 1504 422 1542 l.
444 1503 469 1545 l.
494 1517 533 1554 p.
555 1501 639 1544 476
663 1516 722 1553 sq.
754 1507 814 1552 et,
841 1516 952 1553 quem
980 1503 1109 1543 laudat
1135 1505 1263 1544 Beier.
1289 1505 1339 1542 ad
1368 1504 1450 1545 Cic.
1478 1502 1603 1550 Qzatt.
1629 1501 1785 1552 Fragm.

265 1586 303 1624 p.
329 1573 436 1622 181.,
461 1571 544 1612 Jul.
562 1570 668 1612 Paul.
692 1571 735 1608 S.
759 1571 808 1610 R.
833 1571 881 1610 V.
909 1571 976 1622 15,
1008 1573 1045 1613 1.
1084 1572 1138 1610 In
1163 1579 1256 1611 teste
1281 1573 1387 1612 enim
1414 1578 1452 1614 et
1474 1571 1582 1610 vitae
1598 1568 1788 1622 qualit&

264 1641 436 1691 spectari
471 1638 585 1677 debet
622 1646 660 1677 et
697 1638 889 1690 dignisa-s,
935 1639 1046 1678 Conf.
1086 1641 1197 1682 eund.
1227 1642 1352 1680 Beier.
1389 1655 1429 1693 p.
1456 1638 1526 1681 39.
1558 1639 1654 1680 199.
1689 1637 1785 1687 208,

265 1713 305 1747 et
333 1709 382 1746 de
411 1709 510 1746 omni
543 1721 585 1746 re
615 1708 827 1746 Mommsen
861 1707 900 1746 in
936 1721 1095 1747 censura
1131 1709 1178 1748 de
1207 1710 1363 1765 Escheri
1404 1708 1509 1748 Diss.
1548 1705 1598 1745 de
1631 1706 1787 1746 testium

264 1777 416 1813 ratione
457 1789 561 1827 quae
594 1776 751 1814 Romae
793 1776 991 1814 Ciceronis
1026 1783 1155 1814 aetate
1195 1777 1376 1816 obtinuit.
1416 1775 1549 1818 Tin-ic.
1586 1772 1712 1818 1842.
1746 1773 1787 1813 in

265 1843 483 1893 „Zeitschr.
509 1845 535 1882 f.
564 1844 601 1883 d.
628 1844 906 1883 Alterthumsw
909 1845 938 1868 “
968 1838 1087 1886 1844.
1111 1845 1183 1884 Nr.
1209 1846 1262 1887 58
1285 1859 1344 1897 sq.
1371 1845 1433 1884 De
1453 1856 1655 1895 sponsore,
1675 1855 1788 1894 quem

265 1912 349 1950 Fea
390 1924 461 1963 pro
506 1912 744 1962 fideijussore
781 1913 820 1950 in
865 1925 907 1949 re
945 1912 1143 1961 judiciaria
1181 1913 1318 1964 habet,
1366 1924 1555 1963 quemque
1594 1909 1787 1956 Oretum,

266 1979 442 2031 quoniam
469 1992 531 2016 res
568 1981 771 2030 (pecuniae
807 1979 890 2017 aliis
927 1978 1122 2028 creditae)
1157 1985 1196 2019 et
1230 1981 1318 2019 lite-s
1345 1981 1382 2022 h.
1412 1981 1450 2019 l.
1480 1977 1680 2019 manifesto
1713 1975 1786 2017 sibi

265 2052 518 2100 opponantur,
547 2046 764 2098 simpliciter
792 2059 838 2085 ex
860 2045 970 2084 Varr.
995 2045 1042 2085 L.
1065 2045 1113 2085 L.
1143 2050 1184 2096 6,
1213 2049 1281 2089 69.
1312 2053 1351 2087 et
1377 2048 1476 2098 Gajo
1505 2048 1549 2097 3,
1571 2045 1786 2092 115.116.

267 2116 363 2158 118.
393 2114 655 2167 explicandum
681 2118 833 2162 censet,
868 2114 943 2151 vid.
969 2114 1107 2153 Heind.
1139 2117 1189 2153 ad
1218 2117 1300 2154 Sat.
1332 2118 1380 2166 2,
1408 2118 1456 2165 6,
1489 2115 1565 2157 23.
1586 2113 1705 2152 Orell.
1736 2112 1786 2155 ad

265 2186 312 2224 A.
337 2184 382 2224 Ρ.
412 2183 509 2226 423.
537 2182 625 2234 (ubi
651 2195 713 2220 res
744 2186 782 2220 et
811 2180 900 2218 lites
931 2182 1099 2222 similiter
1127 2182 1428 2233 conjunguntur)
1464 2185 1504 2220 et
1532 2193 1630 2230 quos
1658 2180 1788 2220 laudat

267 2253 318 2291 Ο.
350 2251 463 2291 Jahn.
486 2251 537 2289 ud
564 2251 671 2290 Pers.
693 2249 734 2301 5,
759 2248 826 2291 79.
855 2250 1038 2300 imprimis
1060 2250 1171 2290 Rein.
1202 2251 1225 2289 Ι.
1252 2251 1276 2288 1.
1307 2264 1345 2302 p.
1373 2249 1468 2292 342.
1509 2249 1693 2295 Persiano
1720 2246 1785 2289 illo

264 2321 349 2358 loco
387 2320 483 2368 tria,
530 2331 627 2369 quae
661 2318 843 2357 Horatius
878 2317 939 2355 hic
979 2324 1268 2365 commemorat,
1307 2305 1555 2368 sponsorem,
1584 2315 1786 2362 juda-am,

265 2395 398 2426 testem
424 2388 614 2426 recenseri
641 2387 734 2425 scite
760 2386 837 2437 jam
869 2385 1082 2424 observavit
1106 2385 1327 2433 Bentlejus.
1360 2386 1435 2430 Qui
1463 2389 1589 2424 autem
1610 2397 1657 2423 ex
1683 2379 1785 2440 ynlg.

266 2456 451 2508 scriptura
478 2467 745 2506 responsorem
772 2467 843 2506 pro
868 2453 1137 2504 jurisconsulto
1150 2483 1162 2504 ,
1206 2458 1247 2492 ut
1285 2455 1510 2492 Torrentius
1543 2457 1582 2492 et
1618 2452 1788 2502 Campe.—

265 2538 345 2562 non
382 2523 547 2573 habent,
589 2523 615 2561 ii
654 2527 692 2561 et
728 2522 813 2560 huic
849 2521 964 2561 verbo
998 2522 1310 2573 significationem
1338 2523 1449 2574 plane
1484 2521 1692 2561 inauditam
1712 2519 1788 2559 >tri-

267 2592 384 2631 buunt
422 2597 460 2632 et
495 2590 762 2643 jurisconsulto
797 2590 870 2642 ipsi
907 2590 1029 2632 locum
1063 2591 1111 2628 de
1144 2590 1352 2629 rectissima
1387 2590 1576 2630 sententia
1611 2586 1788 2636 Bentleii

266 2673 399 2710 parum
435 2664 577 2711 aptum.
636 2658 782 2698 Rursus
821 2658 910 2698 nihil
943 2664 1059 2709 agunt
1093 2659 1158 2710 qui
1193 2671 1460 2708 responsorem
1496 2670 1567 2710 pro
1603 2667 1787 2708 eponoure

267 2727 427 2765 Acronis
454 2728 680 2765 auctoritate
707 2726 756 2764 ad
785 2726 866 2764 Sat.
899 2729 939 2778 1,
967 2727 1008 2776 4,
1043 2726 1108 2768 14.
1135 2726 1244 2764 innisi
1279 2727 1351 2764 dici
1379 2728 1591 2778 opinantur.
1664 2766 1672 2777 ‚
1906 2774 1910 2778 .

379 2794 426 2831 V.
459 2794 529 2836 44.
565 2794 631 2835 45.
678 2794 760 2832 Sed
789 2793 895 2831 videt
924 2817 979 2823 —
1001 2794 1110 2846 pelle
1140 2794 1293 2835 decora.
1349 2794 1433 2833 Jam
1470 2793 1594 2844 pergit
1629 2789 1677 2831 ad
1714 2789 1783 2829 de-
1884 2799 1910 2843 Y.

268 2860 508 2909 scriptionem
534 2862 694 2900 hominis
719 2861 788 2912 (uti
816 2867 929 2902 antea
955 2862 1097 2907 Quinfii
1117 2862 1246 2912 verba,
1275 2863 1328 2900 ita
1351 2862 1409 2900 hic
1429 2859 1578 2899 Horatii
1603 2856 1784 2908 objectio-

270 2939 356 2964 nem
381 2942 579 2979 perperam
606 2929 736 2968 vident
771 2930 879 2968 Dae.
909 2935 950 2969 et
982 2929 1179 2981 Sanad.)‚
1218 2931 1279 2980 qui
1309 2936 1354 2968 ue
1376 2927 1584 2971 vestitum,
1611 2926 1670 2964 eie
1696 2938 1783 2962 sen-
