1910 3138
62 167 147 209 -187
215 163 492 206 comt
518 164 575 204 IN
599 164 721 204 ROB.
747 163 848 204 LIB.
868 163 897 202 1.
936 159 1103 204 EPIST.
1131 158 1429 201 mensumn.
1500 153 1585 199 585

61 283 104 317 et
129 277 402 332 Hah-selden
427 278 477 317 de
503 276 611 328 liujus
630 276 824 328 Epistolae
850 276 1008 314 fictione
1026 275 1101 313 sibi
1121 276 1415 326 peransei-unt,
1442 275 1586 312 statua

64 346 212 385 auraria
234 345 447 398 ponderare
473 346 514 384 in
539 345 665 384 animo
701 356 779 382 non
805 347 884 392 est,
914 344 985 381 sed
1010 343 1159 395 potins,
1194 346 1318 380 utrum
1343 340 1465 380 Poeta
1493 339 1587 380 alle·-

62 412 174 462 gor‘n
192 412 355 463 qmdun
379 425 471 451 usus
498 412 568 462 sit,
605 423 680 463 qua
703 410 958 463 Epistularum
984 411 1158 449 volumen
1189 423 1275 448 cum
1310 408 1388 448 filio
1416 407 1514 448 bene
1540 420 1587 447 ac

62 479 199 531 podice
221 480 382 520 educato
408 483 475 519 aut
497 491 581 517 eum
607 478 683 517 filia
707 482 773 516 aut
795 490 878 516 cum
902 491 1020 529 puero
1045 478 1187 516 amasio
1214 476 1493 528 comparaverit
1514 486 1587 515 nec

62 557 134 596 ne,
151 546 322 585 abnormi
339 548 502 598 quadam
514 546 700 597 sapientia
716 557 890 598 pensare.
927 545 1156 596 Allegoriam
1173 558 1260 584 esse
1275 548 1394 596 negat
1406 542 1587 582 Dilatu-

60 626 158 659 m,
183 614 289 664 ajunt
314 614 544 652 8⁶th
578 612 827 664 Galliasque
852 616 893 650 et
917 617 1042 662 recte,
1070 613 1234 651 modone
1258 612 1322 650 hic
1348 611 1417 650 Vir
1442 611 1587 651 doctiu-

62 681 178 720 simm
201 694 279 720 rem
302 682 387 734 plus
414 694 537 733 aequo
554 682 734 721 auxisset.
778 680 926 726 Quodsi
946 680 1118 717 Bas-teri
1135 679 1441 732 explicationem:
1468 691 1587 730 „cur-

59 749 160 787 mina
185 762 253 787 sua
278 750 394 800 vulgo
424 749 599 801 prostitui
627 749 776 798 dolet‚“
812 748 1009 786 Gesnerm
1036 759 1200 797 „severe
1226 747 1335 786 nimis
1362 751 1587 799 conceptu·

61 816 223 855 lemma“
252 821 291 856 et
317 821 465 867 „totam
490 816 586 855 hanc
599 816 838 867 *dilogiamf‘
873 827 985 867 quam
1012 815 1074 854 ille
1102 815 1245 865 sensit,
1273 815 1378 865 „sibi
1402 827 1483 854 non
1503 806 1586 866 pln-

61 885 179 923 cere“
206 884 321 935 dicit,
356 890 500 923 tantum
526 884 658 934 abest,
697 889 740 924 ut
772 884 1030 922 Wielandius
1065 883 1237 920 Gemma
1264 883 1516 934 assentiatur,
1543 886 1587 922 ut

60 951 111 989 ad
139 951 309 989 Bas-ten·
339 952 563 990 sententiam
600 964 722 1003 prope
747 952 904 990 accedat
918 950 972 1003 ⁴¹).
1028 951 1110 989 Sed
1138 955 1180 988 ut
1214 951 1336 989 dicam
1364 951 1468 1001 quod
1496 962 1586 989 sen—

59 1017 135 1056 tio:
163 1018 366 1056 similitudo
389 1019 455 1058 illu
480 1032 504 1058 a
529 1033 648 1071 puero
671 1019 748 1057 filio
768 1024 918 1070 sumpta
943 1032 1066 1069 neque
1094 1019 1348 1057 Romanorum
1376 1017 1586 1066 stomacho,

60 1095 184 1134 neque
212 1084 447 1124 Horatianae
471 1087 627 1126 ludendi
656 1087 728 1125 arti
763 1088 1004 1134 adversatur,
1046 1091 1088 1125 ut
1115 1086 1191 1124 tale
1218 1087 1309 1137 quid
1342 1099 1413 1137 pro
1440 1085 1585 1124 scurrili

55 1151 145 1201 joco
166 1151 306 1191 habeus
333 1158 374 1191 et
393 1154 554 1192 mimico.
610 1154 789 1193 Materies
814 1155 912 1193 enim
938 1155 1177 1192 ridiculorum
1204 1155 1306 1205 apud
1330 1157 1477 1192 veteres
1503 1153 1586 1192 Ro-

58 1230 194 1256 manos
218 1219 329 1258 latior
354 1226 396 1259 et
421 1224 529 1272 quasi
554 1224 715 1260 crassior
741 1235 852 1273 quam
879 1223 980 1273 apud
1006 1223 1201 1274 politiores
1219 1222 1329 1271 hujus
1357 1221 1491 1260 aetatis
1511 1221 1585 1259 ho·-

57 1285 180 1324 mines
206 1292 301 1326 erat.
357 1288 456 1327 Illius
484 1290 783 1328 rei‘testimonia
808 1290 919 1329 nobis
947 1291 1118 1329 videmur
1144 1290 1193 1327 ad
1223 1289 1291 1339 13,
1317 1291 1359 1330 9.
1394 1288 1463 1330 19.
1489 1289 1584 1328 satis

57 1353 174 1392 muln
194 1355 378 1395 attulisse.
433 1358 512 1395 Sed
539 1358 641 1408 quod
665 1358 830 1396 animum
856 1357 1033 1405 inclinat,
1065 1363 1107 1396 nt
1129 1357 1406 1396 similitudinem
1424 1370 1448 1395 a
1464 1370 1583 1408 puero

59 1419 136 1459 filio
150 1421 217 1473 **)
245 1430 432 1474 sumpmm
456 1437 542 1462 esse
569 1426 724 1475 opiner,
752 1425 825 1462 hoc
848 1428 932 1473 est,
960 1425 1062 1475 quod
1085 1431 1223 1476 poetae
1245 1437 1314 1463 sua
1337 1425 1482 1475 scripta
1504 1437 1584 1461 na-

60 1493 120 1525 tos
129 1515 148 1533 ,
175 1490 326 1526 visco-a
343 1489 454 1540 ***),
478 1491 616 1529 similia
641 1504 759 1542 seque
788 1493 895 1544 ipsos
915 1500 1103 1542 parentes
1130 1496 1279 1531 vocant.
1332 1492 1474 1537 Quidni
1499 1491 1584 1530 Ho-

945 1579 977 1603 ⁵0

171 1659 205 1705 ')
227 1661 263 1695 1⁸
280 1662 427 1697 Gesner—2·
442 1661 681 1697 morositatem
700 1661 752 1697 sic
770 1663 901 1697 eludit:
921 1664 1116 1707 „Indessen
1130 1665 1180 1698 ist
1194 1663 1253 1699 die
1265 1662 1409 1710 Dilogie
1423 1673 1492 1698 nun
1509 1662 1582 1698 ein-

58 1717 127 1751 mul
139 1716 186 1751 im
197 1717 362 1763 Original
372 1746 384 1764 ,
403 1721 474 1754 und
488 1719 546 1754 die
560 1719 778 1754 Delicatesse
787 1746 797 1763 ,
814 1719 935 1754 womit
951 1719 1009 1755 die
1022 1732 1135 1766 ganze
1147 1719 1327 1766 Allegorie
1342 1721 1508 1755 niiancirt
1520 1720 1582 1763 ist,

58 1774 192 1819 gleicht
208 1774 286 1809 dem
304 1776 494 1811 schonsten
514 1776 714 1819 Gewande,
743 1776 863 1811 womit
876 1776 1001 1822 jemals
1022 1778 1082 1812 die
1108 1777 1264 1812 Grazien
1283 1778 1385 1812 einen
1404 1775 1582 1823 Lysippus

58 1831 197 1875 gelebrt
213 1832 348 1876 haben,
367 1833 427 1867 die
444 1833 598 1867 keusche
617 1832 811 1868 Schouheit
822 1833 889 1868 der
906 1834 1042 1878 Natur,
1066 1835 1135 1868 wie
1152 1835 1217 1868 mit
1234 1833 1348 1871 einum
1365 1841 1489 1868 :arten
1506 1834 1582 1868 Ne-

57 1886 178 1922 belzu
191 1888 387 1923 bekleiden.
427 1890 540 1925 Desto
559 1889 755 1924 schlimmer
778 1890 836 1924 ἤιε
849 1890 936 1934 den,
957 1890 1115 1925 welchen
1140 1892 1198 1926 bei
1216 1891 1328 1926 einem
1345 1891 1490 1926 solchen
1509 1892 1581 1925 Au-

59 1943 151 1978 blick
167 1944 239 1978 ea‘n
254 1947 358 1991 Auge
371 1947 515 1992 ἄνεω-ί]
534 1947 587 1980 Ει·
600 1958 679 1991 mag
693 1957 731 1980 ez
746 1946 964 1991 ausreissen,
985 1959 1089 1982 wenn
1106 1959 1146 1981 er
1161 1947 1253 1982 willz
1272 1948 1359 1982 aber
1371 1947 1435 1981 das
1449 1947 1579 1981 schone

59 2001 170 2034 Werk
188 2001 253 2035 der
266 2002 384 2036 Natur
401 2003 472 2037 und
489 2003 607 2038 Kunst
629 2003 695 2037 soll
715 2015 755 2037 er
774 2014 838 2038 uns
856 2004 1093 2038 unverhudelt
1110 2005 1265 2040 lassen.“

144 2055 201 2100 ”J
222 2057 373 2092 Puerum
390 2059 508 2103 filiun
536 2060 613 2094 sine
637 2060 744 2094 dubio
771 2061 884 2094 sensit
910 2061 1131 2095 Scholiastes
1152 2061 1286 2105 Cruq.,
1309 2069 1411 2104 quum
1433 2059 1468 2092 in
1487 2059 1579 2092 hunc

56 2114 191 2147 modum
209 2119 523 2150 commentantur:
541 2117 647 2163 „Hac
661 2116 830 2162 Epistola
850 2116 1038 2162 alloquitur
1050 2116 1310 2162 metaphoricos
1324 2115 1449 2149 librum
1468 2126 1577 2158 sunm,

56 2170 156 2215 quasi
175 2181 247 2204 rem
267 2171 471 2215 animatam,
490 2183 704 2219 puerumque
716 2173 1018 2218 prostituendum‚
1039 2173 1242 2218 significans
1256 2182 1332 2205 eum
1351 2170 1388 2204 in
1403 2171 1578 2216 publicum

55 2225 195 2271 quidem
212 2227 306 2261 velle
331 2228 546 2273 procedere,
576 2241 616 2264 se
642 2241 728 2263 vero
752 2230 984 2274 probibere.“
1038 2231 1196 2264 Eandem
1219 2228 1428 2263 sententiam
1446 2227 1580 2262 habent

55 2283 252 2328 mmm,
270 2284 495 2328 Torrentius,
514 2286 728 2332 Bumodus,
749 2285 935 2327 Zure-kim,
954 2286 1167 2326 Schmifflus,
1184 2284 1264 2327 alii;
1286 2289 1411 2318 contra
1420 2285 1578 2329 puellam

55 2339 223 2384 prostitui
248 2341 460 2384 gestientem
485 2339 637 2384 διλόγως
662 2342 866 2386 intelligunt
892 2341 1043 2386 Wetzel,
1073 2341 1244 2384 Zeunim,
1276 2340 1511 2385 tricem-dim,
1538 2340 1574 2376 J.

54 2395 101 2428 Η.
121 2394 175 2429 Μ.
195 2395 395 2442 Ernesti-1⁸,
421 2399 485 2431 Fr.
505 2399 684 2433 Iao-obuius
709 2398 772 2440 (nd
800 2397 952 2436 Theocr,
975 2399 1032 2441 16,
1054 2399 1088 2432 6.
1117 2398 1173 2433 ed.
1204 2397 1395 2441 Wiistem.)
1421 2402 1460 2430 et
1485 2396 1579 2431 Πά-

55 2451 191 2484 cheu-m
208 2451 243 2484 in
263 2452 383 2487 Lectt.
404 2455 531 2489 Venus.
550 2467 585 2499 p,
602 2455 660 2490 73.
694 2455 723 2488 A
743 2465 853 2499 puero
872 2459 987 2487 autem
1002 2454 1134 2487 amasio
1146 2452 1373 2488 similitudine
1388 2454 1575 2498 depromp-

55 2512 126 2539 tam
150 2512 252 2550 putat
270 2507 575 2553 Morgensternius
590 2511 629 2544 in
649 2509 832 2544 Probabil.
862 2509 975 2545 critic.
998 2521 1146 2554 expens.
1166 2521 1204 2554 p.
1227 2509 1386 2553 xxxl„
1411 2509 1468 2543 cui
1486 2520 1577 2544 nnnc

55 2562 246 2596 assentitur
265 2563 326 2596 Fr.
342 2565 477 2599 Jacobs.
491 2566 528 2600 in
545 2567 667 2601 Zimm.
683 2565 921 2609 „zeitschrift
938 2567 963 2602 f.
980 2567 1013 2600 d.
1030 2566 1295 2600 AlterthmsW.“
1317 2565 1422 2601 1835.
1438 2577 1476 2611 p.
1491 2562 1575 2602 470.

55 2618 132 2652 sive
150 2617 186 2651 in
207 2619 416 2656 Vermizcht.
438 2622 641 2656 Schriften“
662 2622 760 2656 VIII.
791 2634 829 2667 p.
849 2624 930 2659 122.
961 2633 1075 2668 neque
1096 2623 1140 2657 ab
1159 2623 1225 2658 hac
1248 2622 1425 2657 sententia
1449 2622 1576 2658 abhor-

55 2680 112 2709 ret
136 2675 294 2709 Orellius.

130 2729 205 2777 *”)
228 2732 279 2764 De
299 2730 365 2765 hac
384 2731 610 2767 similitudine
630 2733 724 2769 conf.
743 2733 850 2768 ovid.
869 2733 986 2768 Trist.
1010 2736 1041 2774 1,
1061 2735 1097 2777 7,
1119 2735 1176 2770 20.
1195 2733 1260 2778 (ib.
1280 2735 1426 2779 Loers.)
1444 2735 1575 2771 vincera

55 2793 198 2824 ποσίν-ας
217 2787 299 2821 inde
313 2786 489 2833 reliquos,
518 2799 606 2834 qnos
625 2788 831 2835 ediderunt,
857 2794 987 2831 fratres
1017 2790 1198 2835 appellant
1215 2796 1255 2825 ut
1274 2790 1383 2827 Ovid.
1403 2792 1518 2826 Trist.
1539 2795 1572 2835 1,

58 2844 90 2886 1,
111 2845 189 2879 107.
213 2844 363 2890 Aspicies
383 2844 452 2879 illic
474 2845 601 2890 positos
627 2858 670 2880 a
694 2846 815 2880 ordine
835 2850 966 2888 fratres
992 2846 1072 2882 coll.
1097 2847 1132 2890 3,
1153 2849 1185 2891 1,
1205 2849 1261 2886 65,
1290 2847 1396 2885 Mart.
1418 2850 1473 2892 12,
1488 2849 1572 2893 3,ss
