1910 3138
193 164 278 208 562
419 165 639 206 Excnns.
668 164 740 205 AD
772 165 971 207 HoRA‘r.
1001 167 1166 208 ems-r.
1196 168 1235 220 1,
1252 170 1320 220 20,
1351 171 1404 212 19
1431 183 1514 222 sqq.
1650 170 1734 215 214

193 284 346 332 poterat
369 279 519 331 quidem
542 278 604 317 hic
630 279 680 317 de
703 278 775 317 illis
798 292 936 331 agere,
964 282 1140 331 quoniam
1165 284 1277 319 antea
1295 282 1368 320 iam
1384 283 1432 322 iis
1451 283 1586 323 librum
1604 289 1731 323 osten-

194 350 316 387 derat.
361 347 499 398 Neque
519 346 620 385 enim
640 347 702 384 alii
726 351 814 385 sunt
829 350 961 399 pauci
983 350 1038 400 (v.
1062 348 1130 401 4),
1161 339 1297 398 quibus
1316 352 1467 390 ostendi
1487 354 1603 403 gemit
1623 352 1733 401 liber,

192 417 266 455 nisi
291 416 400 454 amici
435 419 475 453 et
507 417 700 463 fautores,
737 427 896 465 quorum
933 415 1067 467 plausu
1105 416 1167 455 ille
1207 417 1307 455 haud
1336 418 1494 469 amplius
1531 425 1733 459 contentus

194 489 287 524 erat.
347 482 522 534 Denique
557 483 589 520 si
618 482 798 534 sperabat
834 482 1037 533 Horatius,
1076 498 1119 523 se
1156 485 1440 535 ingeniosorum
1479 487 1732 538 nobiliumque

193 555 356 592 virorum
388 563 584 591 assensum
625 554 663 588 et
690 550 1003 602 approbationem
1031 557 1319 602 assequuturum
1352 566 1437 592 esse
1465 566 1621 606 eamque
1648 568 1733 593 sor-

192 627 267 661 tem
292 621 388 659 libro
415 617 624 671 praedixit,
652 618 826 669 profecto
851 632 928 656 non
957 620 1055 658 adeo
1077 620 1214 658 misera
1238 619 1331 657 haec
1359 624 1463 670 erat,
1492 635 1615 673 neque
1640 622 1732 660 lice-

192 690 257 728 bat
286 690 343 739 ei,
371 693 448 726 tam
471 686 630 724 invitum
656 698 697 723 se
722 686 886 736 fingere,
915 687 1004 724 dum
1024 688 1231 726 dimitteret
1250 688 1364 726 illum.
1409 688 1511 727 Nam
1527 702 1624 740 quae
1647 694 1734 728 tan-

192 759 279 796 dem
313 756 413 795 solet
449 768 534 794 esse
566 753 627 792 vel
660 754 1071 805 praestantissimorum
1103 756 1283 794 librorum
1318 756 1492 806 fortuna,
1529 757 1601 794 nisi
1639 756 1732 796 haec

191 827 299 878 ipsa,
338 828 380 863 ut
413 823 527 873 vulgo
557 822 802 874 displiceant,
842 823 1049 873 ingeniosis
1083 826 1174 864 viris
1202 823 1389 877 placeant.
1455 824 1540 863 Hac
1570 826 1654 877 ipsa
1684 826 1732 864 de

192 906 325 932 caussa
345 906 394 932 ne
418 890 561 930 Orellio
587 890 738 941 quidem
758 892 970 942 assentior,
1004 894 1067 943 qui
1084 893 1176 931 haec
1202 893 1250 931 de
1268 891 1386 930 multo
1410 893 1594 931 maiorum
1613 893 1734 932 lecto-

191 976 296 1011 rum,
334 974 430 1012 quos
464 973 507 998 se
544 959 781 997 inventurum
815 972 901 998 esse
933 966 1050 1012 poeta
1069 961 1276 1011 sperarit,
1319 973 1473 998 numero
1502 962 1602 999 dicta
1624 966 1732 1013 putat

191 1022 334 1081 eosque
373 1030 537 1068 lectores
568 1027 694 1078 paullo
732 1031 822 1078 post
859 1027 1063 1066 benevolos
1095 1032 1215 1066 vocat.
1275 1028 1438 1065 Omnino
1471 1033 1597 1066 autem
1623 1029 1732 1080 plura

190 1098 279 1136 mihi
308 1097 460 1136 obstare
483 1096 681 1144 videntur,
711 1096 908 1145 quominus
932 1096 995 1134 illa
1021 1097 1137 1135 verba
1165 1098 1214 1134 ad
1244 1096 1404 1134 lectores
1426 1097 1506 1134 sive
1527 1095 1732 1134 benevolos

191 1167 276 1205 illos
305 1167 385 1204 sive
413 1163 616 1203 malevolos
641 1163 860 1202 referamus.
912 1165 1113 1203 Sententia
1132 1178 1259 1203 eorum
1289 1170 1365 1203 tum
1395 1164 1477 1202 sine
1496 1163 1611 1202 dubio
1639 1163 1731 1201 haec

192 1240 272 1274 est:
312 1247 458 1285 „quum
487 1233 615 1285 plures
643 1234 807 1272 lectores
838 1233 1049 1283 inveneris,
1088 1234 1135 1271 de
1163 1246 1222 1271 me
1250 1234 1334 1284 ipso
1369 1233 1415 1271 iis
1441 1232 1620 1270 nonnulla
1643 1245 1763 1270 nar-⁶

191 1302 340 1340 rabis.“
396 1302 462 1339 Sic
500 1306 626 1340 autem
665 1314 748 1339 cum
781 1300 950 1353 proxime
989 1301 1326 1348 antecedentibus,
1357 1300 1507 1352 :quibus
1543 1301 1592 1338 de
1629 1299 1730 1338 ludis

192 1372 316 1421 agitur
344 1370 542 1418 literariis,
573 1382 685 1420 quum
709 1369 810 1407 nullo
840 1381 1000 1419 prorsus
1024 1369 1171 1408 vinculo
1193 1370 1440 1416 cohaereant,
1466 1381 1543 1405 non
1568 1371 1731 1418 possunt

150 1455 153 1458 ·
192 1439 266 1477 nisi
292 1452 375 1477 cum
405 1438 663 1489 superioribus
691 1437 762 1475 illis
790 1435 845 1488 (v.
867 1436 933 1488 5):
951 1437 1088 1489 suge,
1117 1451 1194 1489 quo
1215 1437 1444 1475 descendere
1457 1437 1608 1488 gestis,
1637 1449 1731 1474 con-

193 1506 317 1556 iungi,
357 1507 410 1543 ita
447 1510 487 1543 ut
514 1506 587 1543 hoc
619 1506 736 1543 totius
773 1505 958 1557 epistolae
988 1511 1251 1556 argumentum
1281 1506 1350 1544 sit:
1384 1517 1640 1555 „quamquam
1672 1505 1733 1542 in-

194 1575 294 1613 vitus
315 1583 352 1613 te
373 1575 544 1625 dimitto,
573 1586 686 1624 quum
705 1574 842 1612 misera
866 1578 905 1612 te
930 1574 1082 1612 fortuna
1098 1577 1268 1624 maneat,
1295 1573 1357 1611 abi
1376 1577 1516 1612 tamen.
1561 1573 1622 1612 Ne
1641 1585 1732 1610 vero

192 1642 354 1681 lectores
383 1642 526 1692 fugiat,
557 1642 640 1692 quis
669 1642 738 1691 sit,
765 1643 828 1692 qui
847 1647 886 1680 te
912 1643 1128 1695 scripserit,
1162 1654 1295 1680 enarra
1320 1642 1386 1691 iis,
1415 1640 1535 1692 qualis
1554 1640 1732 1682 fuerim.“

192 1710 296 1748 Haec
324 1710 532 1759 sententia,
562 1722 786 1761 quamquam
813 1711 962 1749 minime
987 1712 1118 1762 inepta
1145 1714 1228 1760 est,
1266 1709 1353 1747 mihi
1382 1713 1510 1762 tamen*
1532 1707 1579 1746 ab
1605 1707 1731 1746 Hora-

193 1778 246 1814 tio
285 1778 406 1815 aliena
434 1778 581 1815 videtur
611 1791 720 1827 esse,
758 1782 963 1830 propterea
992 1781 1094 1829 quod
1130 1782 1208 1816 tam
1240 1777 1398 1829 abrupte
1436 1777 1554 1814 verba
1598 1776 1732 1825 Quum

194 1843 268 1880 tibi
293 1844 354 1881 sol
381 1846 536 1895 tepidus
563 1847 702 1896 plures
728 1847 947 1884 admoverit
977 1861 1096 1884 aures
1123 1844 1432 1884 antecedentibus
1456 1844 1631 1895 apposita
1657 1845 1732 1882 sint

193 1925 337 1963 neque,
365 1926 439 1963 quo
467 1915 703 1965 pertineant,
740 1916 981 1965 significetur.
1038 1914 1183 1952 Deinde
1213 1915 1325 1952 etiam
1356 1912 1527 1963 loqueris
1555 1916 1634 1950 tum
1660 1913 1732 1950 im-

193 1980 352 2032 perativi
379 1981 690 2031 significationem
718 1983 851 2032 habet,
881 1996 992 2032 quum
1016 1982 1278 2021 antecedentia
1306 1981 1431 2018 futura
1458 1979 1608 2030 (dic-es,
1638 1981 1731 2027 eris,

192 2062 357 2100 pasces,
382 2050 538 2100 fugies)
567 2049 675 2088 aliter
694 2050 771 2087 sint
798 2055 989 2100 usurpata.
1034 2049 1208 2101 Denique
1229 2049 1343 2087 verba
1364 2049 1471 2100 ipsa,
1501 2049 1550 2086 ad
1569 2049 1731 2088 lectores

196 2118 335 2167 relata,
366 2117 586 2155 difficillima
613 2122 700 2154 sunt
730 2130 850 2167 neque
880 2123 990 2168 aptos
1019 2118 1225 2168 explicatus
1251 2117 1405 2157 habent.
1461 2116 1626 2156 Dubium
1652 2118 1731 2169 pri-

196 2200 299 2224 mum
328 2190 407 2235 est,
452 2186 554 2236 quod
583 2189 731 2237 tempus
759 2185 991 2235 significetur
1019 2185 1144 2223 verbis
1174 2185 1236 2222 sol
1260 2185 1426 2235 tepida&
1483 2185 1533 2224 Et
1560 2185 1731 2236 plerique

196 2254 345 2304 quidem
381 2254 568 2304 explicant
605 2254 669 2292 illa
703 2261 993 2304 vesperascente
1029 2254 1112 2302 die,
1153 2257 1192 2290 at
1225 2252 1398 2291 solebant
1434 2253 1595 2291 Romani
1621 2266 1731 2292 mane

198 2322 325 2371 legere
356 2326 469 2372 atque
502 2323 613 2360 etiam
646 2335 756 2360 mane
785 2322 842 2360 sol
870 2324 1021 2374 tepidus
1051 2326 1120 2360 est.
1183 2321 1296 2366 Quod
1329 2333 1551 2371 quamquam
1580 2322 1728 2365 minime

197 2389 424 2439 ignorabant
452 2390 641 2440 editores,
668 2391 717 2428 ad
745 2403 941 2442 vesperam
969 2395 1094 2428 tamen
1132 2402 1176 2427 ea
1201 2390 1249 2427 de
1279 2402 1412 2427 caussa
1447 2381 1729 2439 confugiebant,

197 2457 284 2507 quia
314 2457 427 2495 verba
462 2458 597 2507 plures
632 2459 851 2495 admoverit
884 2472 1001 2495 aures
1029 2458 1078 2495 ad
1109 2459 1389 2506 recitationem,
1419 2458 1478 2494 cui
1511 2457 1636 2508 plures
1671 2458 1730 2494 in-

197 2530 386 2563 teressent
410 2527 624 2575 auditores,
650 2527 850 2564 referenda
870 2539 955 2564 esse
976 2525 1172 2577 putabant.
1215 2525 1300 2564 Hoc
1317 2529 1443 2563 tamen
1463 2525 1613 2562 minime
1633 2537 1730 2575 opus

199 2597 280 2641 est,
322 2606 406 2631 nam
447 2607 557 2644 quum
586 2594 721 2632 librum
756 2598 871 2645 poeta
899 2593 1124 2632 animantem
1164 2606 1251 2631 esse
1288 2594 1406 2641 fingat
1440 2597 1479 2630 et
1516 2591 1732 2643 loquentem

200 2660 335 2710 saciat,
376 2662 519 2710 fingere
557 2662 667 2699 etiam
699 2661 886 2709 debebat,
931 2661 1093 2699 lectores
1126 2673 1209 2698 eum
1239 2672 1315 2697 non
1344 2672 1565 2710 percurrere
1598 2659 1731 2708 oculis,

201 2729 267 2763 sed
297 2729 439 2767 audire.
500 2730 628 2780 ltaque
656 2743 768 2780 quum
792 2730 906 2768 verba
933 2730 994 2767 sol
1021 2729 1173 2780 tepidus
1202 2732 1240 2767 et
1266 2728 1487 2766 matutinum
1514 2732 1553 2766 et
1575 2740 1732 2778 vesper-

200 2795 316 2832 tinum
344 2797 417 2834 diei
455 2803 602 2848 tempus
639 2799 852 2849 significent
875 2802 927 2837 .et
964 2798 1152 2848 quotidie,
1194 2796 1342 2847 quoties
1380 2797 1437 2834 sol
1469 2796 1622 2846 tepidus
1658 2799 1729 2843 est,

199 2860 291 2900 liber
329 2863 494 2903 invenire
531 2866 654 2916 possit
691 2865 872 2916 lectores,
912 2865 1159 2917 intelligitur,
1200 2865 1398 2904 Horatium
1428 2864 1462 2902 ei
1495 2862 1729 2915 praecipere,
