1910 3138
305 216 389 258 464
423 214 703 256 COMMENT.
723 213 780 253 IN
797 213 923 253 HOR.
942 212 1039 252 LIB.
1063 214 1092 252 l.
1119 213 1284 254 EPIST.
1303 203 1710 255 DUODEVICESIM.
1743 215 1826 257 116

306 333 374 379 26,
403 332 440 371 6,
470 328 647 366 occultas
672 334 758 364 erat
786 333 823 363 et
841 327 1076 365 taciturnus.
1115 327 1300 379 Imprimis
1324 328 1396 366 huc
1422 328 1533 380 facit,
1560 329 1622 368 ubi
1650 329 1698 367 de
1715 327 1826 366 laeti-

302 401 355 437 tia
382 397 551 436 convivio
580 397 695 446 digna
721 395 868 446 agitur,
895 394 1084 433 Plutarch.
1113 395 1163 433 de
1185 395 1248 434 Ira
1274 396 1395 435 cohib.
1420 395 1504 436 VII.
1529 410 1570 449 p.
1595 398 1690 438 791.
1715 392 1825 448 παροῖ

303 463 427 506 πότον
450 462 522 516 μὲν
551 463 574 504 ὁ
602 465 767 504 σιωπῶν
794 457 974 514 ἐπαχθὴς
1000 466 1084 510 τοῖς
1114 466 1281 504 συνοῦσι
1308 462 1377 504 καὶ
1403 462 1607 518 φορτικός.
1647 463 1704 503 De
1732 475 1826 501 con-

303 535 500 573 suetudine
538 536 682 582 autem,
724 532 846 569 vicina
878 531 1074 569 virtutibus
1107 531 1198 570 vitia
1236 535 1275 570 et
1301 536 1434 570 contra
1459 532 1687 584 affingendi,
1724 530 1823 569 conf.

301 605 383 642 Sat.
416 604 463 652 1,
487 601 536 650 3,
569 601 621 641 55
651 613 736 650 sqq.
773 598 857 637 Liv.
886 600 958 647 22,
992 600 1067 648 12,
1099 600 1165 640 12.
1190 599 1266 649 39,
1296 600 1364 640 20.
1405 599 1513 640 cort.
1538 600 1587 637 ad
1614 598 1708 637 Sall.
1737 598 1822 637 Cat.

300 671 368 719 52,
400 671 466 711 11.
495 669 608 707 Beier
635 668 684 705 ad
713 667 791 706 Cic.
823 666 937 704 Offic.
969 668 1006 715 1,
1031 667 1098 716 19,
1126 668 1193 708 63.
1223 667 1376 706 Aristot.
1401 667 1490 706 Eth.
1519 669 1559 715 2,
1584 668 1626 718 8,
1649 666 1690 707 3.
1719 667 1760 715 9,
1782 666 1823 706 8·

301 738 336 775 T
338 738 471 788 hucyd.
494 738 537 786 3,
561 739 628 779 82.
657 734 844 773 Plutarch.
870 735 918 772 de
939 734 1049 772 Adul.
1077 737 1116 772 et
1143 733 1262 773 Amic.
1285 735 1397 776 discr.
1425 735 1490 775 VI.
1509 734 1577 776 56.
1598 748 1638 786 Ρ.
1659 735 1754 776 206.
1774 733 1823 772 R·

411 805 458 842 V.
489 806 543 845 96
572 817 657 854 sqq.
698 803 808 840 Inter
846 810 990 840 cuncta
1025 802 1129 854 leges
1156 807 1228 841 ete.
1275 803 1495 842 Sententiae
1530 814 1616 841 sese
1643 804 1697 840 ita
1723 803 1824 841 exci-

298 875 427 926 piunt:
457 871 585 923 „Dum
611 872 755 920 omnia,
783 883 1038 921 quaecumque
1067 871 1115 908 de
1145 871 1288 908 cultura
1313 871 1479 921 potentis
1504 870 1613 908 amici
1634 869 1735 919 dixi,
1764 869 1825 907 di-

299 943 463 992 ligenter
492 940 693 990 observas,
722 952 799 977 non
824 939 996 989 negliges
1025 938 1300 990 philosophos,
1341 939 1403 989 qui
1429 938 1592 977 omnium
1620 938 1760 989 optime
1785 941 1824 975 te

300 1010 437 1048 docere
465 1011 647 1060 possunt,
687 1007 877 1057 quomodo
906 1012 948 1044 tu
981 1010 1085 1044 tuam
1113 1007 1227 1044 vitam
1262 1007 1434 1045 instituas
1469 1019 1627 1057 eamque
1653 1006 1702 1044 ad
1729 1006 1825 1044 bene

299 1077 484 1128 beateque
511 1076 791 1125 transigendam
819 1076 856 1112 iu
884 1088 1014 1113 omnes
1039 1079 1167 1125 partes
1191 1078 1231 1112 te
1259 1075 1484 1115 conformes.
1526 1074 1610 1125 Ego
1630 1075 1785 1125 quidem
1801 1087 1825 1113 a

299 1158 444 1182 summo
472 1144 622 1182 numine
649 1144 722 1181 uisi
747 1143 861 1181 vitam
888 1143 1062 1193 vitaeque
1089 1143 1305 1180 necessaria
1332 1155 1409 1182 non
1436 1146 1551 1194 opto,
1588 1155 1705 1193 quum
1728 1154 1824 1194 qnae

299 1214 410 1251 animi
438 1212 742 1263 tranquillitatem
769 1211 932 1249 afferunt
969 1223 992 1248 a
1021 1224 1081 1248 me
1115 1211 1199 1261 ipso
1234 1211 1404 1261 petam.“
1451 1210 1516 1248 Sic
1546 1211 1698 1261 quidem
1733 1210 1823 1249 illud

300 1282 410 1319 Inter
439 1287 582 1317 cuncta
590 1260 619 1325 ‚s
635 1282 676 1316 ut
703 1278 829 1329 Epod.
858 1280 898 1327 2,
926 1278 993 1319 39.
1033 1279 1134 1315 inter
1164 1277 1261 1315 haec
1291 1282 1331 1316 et
1357 1277 1491 1316 similia
1526 1277 1628 1328 (coll.
1659 1279 1727 1327 12,
1756 1276 1822 1319 14.

299 1349 404 1388 Flor.
435 1350 475 1397 1,
501 1350 569 1398 26,
599 1349 638 1388 6.
687 1346 769 1384 Cic.
799 1347 848 1384 de
878 1346 990 1386 offic.
1021 1348 1060 1396 2,
1087 1349 1155 1397 11,
1185 1345 1252 1387 40.
1295 1345 1452 1390 Quintil.
1488 1346 1583 1383 lust.
1615 1346 1681 1395 12,
1710 1348 1750 1395 1,
1778 1348 1820 1387 7.

300 1417 408 1456 cort.
438 1417 487 1454 ad
517 1415 608 1454 Sall.
633 1415 719 1466 Jug.
743 1414 811 1466 40,
834 1414 874 1456 4.
904 1414 1018 1454 Fabr.
1048 1415 1096 1453 ad
1124 1413 1210 1454 Liv.
1236 1415 1304 1464 23,
1326 1415 1366 1463 2,
1401 1416 1434 1454 1.
1464 1412 1559 1452 Plin.
1586 1413 1729 1465 Paneg.
1750 1414 1821 1465 81,

301 1485 361 1534 1);
394 1484 476 1533 alii,
511 1488 554 1522 ut
580 1483 795 1522 Ascensius
819 1487 859 1521 et
887 1483 1059 1521 Bothius
1067 1512 1084 1530 ,
1123 1482 1242 1532 magis
1279 1481 1491 1519 indefinite:
1534 1482 1677 1532 „inter
1699 1483 1823 1520 omnia

301 1565 396 1602 quae
424 1552 589 1590 facturus
610 1553 709 1599 es;“
747 1552 831 1601 alii,
869 1556 911 1590 ut
936 1552 1130 1589 Handc‘us
1165 1552 1204 1589 in
1240 1547 1404 1587 Turseli.
1433 1549 1498 1587 ΠΙ.
1528 1563 1566 1601 p.
1590 1548 1705 1592 407.:
1753 1550 1822 1600 „in

299 1620 441 1657 cunctis
469 1620 604 1670 rebus,
633 1621 670 1658 in
699 1632 932 1671 quacumque
956 1619 1172 1657 conditione
1197 1618 1356 1666 vitae,“
1384 1617 1442 1655 cui
1470 1618 1674 1656 assentitur
1706 1617 1823 1655 Orel-

300 1687 377 1724 ἰίιιε
403 1688 566 1726 addens:
592 1689 723 1739 „apud
750 1692 944 1740 potentem
964 1688 1121 1725 amicum
1145 1685 1419 1731 transactae;“
1446 1685 1616 1724 similiter
1643 1686 1823 1724 Doeder-

299 1754 422 1791 linias
450 1755 472 1795 Ι.
502 1755 545 1794 l.:
581 1757 715 1805 „omni
739 1759 962 1807 tempore;“
992 1756 1075 1805 alii,
1105 1759 1145 1794 ut
1168 1755 1413 1805 Doeringius
1438 1753 1499 1791 hic
1526 1758 1565 1792 et
1593 1755 1634 1804 2,
1659 1757 1700 1806 2,
1730 1756 1821 1797 65..-

300 1835 423 1873 „prae
443 1823 579 1861 ceteris
600 1824 792 1874 omnibus,
814 1829 900 1863 ante
921 1825 1087 1863 omnia.“
1103 1845 1158 1853 —
1177 1823 1281 1874 leges
1301 1829 1338 1859 et
1346 1821 1592 1873 per-contub„
1620 1827 1821 1874 utrumque

299 1891 347 1928 de
366 1891 577 1942 praeceptis
597 1890 927 1942 philosophorum,
948 1894 1001 1931 ita
1020 1897 1166 1942 tamen,
1187 1896 1229 1929 ut
1255 1891 1344 1928 illud
1372 1891 1512 1929 indicet
1540 1890 1659 1928 libros
1683 1891 1820 1929 docto-

298 1970 401 2008 rum,
430 1959 493 2008 qui
513 1971 580 1996 sua
599 1963 722 1996 aetate
741 1961 990 2010 scripserunt,
1020 1960 1090 1997 hoc
1109 1961 1242 1997 doctos
1254 1959 1295 2009 *)
1307 1985 1319 2007 ,
1349 1959 1411 2009 qui
1430 1959 1552 1997 adhuc
1567 1960 1698 1997 vivunt
1715 1958 1818 2011 (coll.

298 2024 508 2071 Lambin.‚
539 2025 745 2064 Weland.
776 2031 815 2064 et
848 2026 1064 2078 Schmid.)‚
1100 2027 1181 2075 vel,
1210 2030 1252 2063 ut
1277 2027 1330 2063 ait
1364 2025 1559 2073 oremus,
1601 2027 1819 2078 „sapientes

299 2094 482 2132 amicos.“
523 2092 582 2132 De
609 2094 671 2131 illo
703 2107 842 2144 genere
869 2095 968 2134 conf.
1000 2096 1039 2142 1,
1071 2097 1135 2137 12.
1165 2097 1204 2145 2,
1233 2093 1299 2134 35.
1327 2093 1374 2131 Α.
1407 2093 1449 2132 Ρ.
1476 2095 1570 2136 310.
1598 2095 1679 2133 Sat.
1709 2096 1750 2144 1,
1775 2095 1816 2143 6,

300 2163 396 2204 122.
427 2164 476 2211 2,
503 2161 555 2211 3,
585 2161 650 2202 11.
682 2162 723 2212 6,
748 2162 835 2210 61.,
872 2162 920 2200 de
947 2162 1019 2199 hoc
1047 2161 1166 2212 Epist.
1198 2163 1243 2209 2,
1271 2163 1338 2202 67.
1369 2163 1417 2212 8,
1444 2164 1483 2203 8.
1512 2161 1550 2202 9.
1582 2163 1622 2211 2,
1648 2165 1688 2210 2,
1721 2158 1814 2201 148.

299 2229 509 2269 Discrimen
535 2229 728 2279 utriusque
753 2229 858 2268 verbi
889 2242 964 2267 non
996 2229 1168 2279 agnoscit
1195 2229 1377 2267 Diintzer
1389 2258 1405 2276 ,
1441 2231 1509 2268 sed
1536 2228 1688 2279 dubito,
1727 2241 1816 2266 num

299 2298 506 2336 doctrinam
529 2310 552 2335 a
579 2298 661 2335 viva
679 2310 770 2336 voce
788 2298 974 2336 hominum
991 2298 1276 2347 comparandam
1295 2303 1395 2336 recte
1419 2297 1640 2348 neglexerit.
1681 2295 1818 2334 Cicero

300 2366 451 2416 quidem
476 2378 534 2416 pr.
564 2365 664 2403 Sest.
693 2367 763 2416 21,
793 2364 857 2405 47.
894 2365 961 2418 (ib.
990 2364 1152 2415 Manut.)
1188 2365 1294 2402 nihil
1319 2367 1401 2416 ipse
1429 2364 1592 2417 legendo
1621 2367 1816 2416 quaeren-

299 2433 426 2485 doque
449 2447 717 2484 cognoveram.
756 2433 815 2472 Id.
849 2434 896 2471 de
927 2433 1040 2474 Offic.
1072 2435 1118 2483 1,
1147 2430 1225 2482 41,
1256 2430 1347 2473 147.
1375 2431 1452 2483 44,
1483 2432 1576 2474 155.
1610 2433 1660 2471 ib.
1689 2432 1814 2472 Beier.

296 2515 335 2553 p.
363 2502 459 2542 307.
501 2501 544 2539 In
570 2503 791 2540 sententiam
815 2502 963 2540 omnino
991 2501 1146 2541 Isocrat.
1173 2501 1223 2538 ad
1249 2499 1443 2540 Demonic.
1468 2514 1508 2552 p.
1538 2497 1605 2543 24.
1634 2499 1727 2539 wls.
1754 2494 1818 2548 οἷς

407 2669 448 2717 *)
471 2673 660 2719 Perperam
685 2674 804 2711 Schol.
825 2672 971 2720 Cruquii
997 2675 1094 2721 leges
1118 2673 1280 2720 „deliges
1300 2678 1338 2707 et
1356 2673 1400 2708 ab
1420 2672 1475 2709 his
1499 2670 1815 2719 percunctaborin“

299 2727 565 2774 interpretatur.
611 2730 714 2765 Docti
733 2731 882 2775 Cruqm'o
901 2742 945 2765 ex
965 2731 1215 2766 consuetudine
1235 2730 1416 2766 Ciceronis
1446 2731 1523 2765 fere
1550 2728 1663 2764 Stoici
1691 2726 1814 2762 videu-

298 2787 367 2820 tur.
405 2786 508 2820 Conf.
531 2786 661 2822 Heind.
687 2788 731 2822 ad
751 2788 828 2822 Sat.
849 2790 882 2831 2,
901 2784 936 2831 4,
957 2787 992 2822 3.
1013 2789 1048 2832 7,
1073 2788 1126 2822 13.
1147 2787 1260 2834 Seyff.
1284 2787 1326 2822 ad
1348 2787 1424 2823 Cic.
1444 2787 1546 2822 Lael.
1564 2784 1598 2830 5,
1621 2785 1676 2819 17.
1700 2795 1736 2829 p.
1750 2783 1809 2822 93.

298 2838 354 2872 Sit
375 2852 474 2885 sane,
495 2843 628 2877 Poetae
647 2845 709 2878 tali
729 2855 768 2878 re
786 2839 954 2878 metiendi
973 2856 1040 2879 non
1059 2849 1150 2879 sunt.
1187 2843 1279 2879 Mire
1295 2844 1451 2882 Piscatm·
1467 2843 1503 2878 in
1520 2840 1590 2877 illis
1607 2851 1668 2875 vv.
1687 2835 1730 2874 ἓν
1748 2836 1812 2873 διὰ

298 2893 403 2929 δυοῖν
424 2898 542 2932 videt:
566 2900 738 2945 „legendo
757 2902 1011 2947 percontabere
1030 2901 1140 2937 libros
1159 2901 1380 2937 doctorum.“
