1910 3138
703 952 1456 1027 COMMENTARII

1043 1113 1101 1152 IN

348 1237 582 1285 HORA'P.
611 1238 728 1285 LlB.
758 1241 794 1285 1.
845 1238 1202 1288 EPIS'POLAM
1229 1233 1800 1286 DUODEVIGESMAM.

299 1541 355 1600 In
380 1562 450 1601 hac
477 1563 652 1615 Epistola
682 1566 731 1604 de
757 1569 861 1604 recta
889 1565 1148 1617 potentiorum
1175 1564 1321 1603 cultura
1345 1563 1587 1616 praecipitur.
1643 1562 1769 1608 Quum
1796 1560 1836 1599 in

298 1631 398 1668 vitae
428 1634 702 1671 consuetudine
733 1647 816 1672 cum
844 1633 991 1684 magnis
1022 1633 1149 1671 amicis
1180 1633 1238 1671 vel
1267 1636 1463 1671 contracta
1489 1630 1550 1670 vel
1579 1628 1836 1669 contrahenda

298 1700 502 1737 verendum
523 1706 648 1751 esset,
675 1715 722 1740 ne
751 1701 1018 1740 adolescentes
1048 1700 1102 1738 illi
1124 1714 1201 1739 non
1226 1704 1306 1738 tam
1335 1701 1372 1738 in
1397 1700 1650 1752 arrogantiam
1677 1701 1718 1737 et
1744 1710 1835 1736 con-

298 1768 519 1817 tumaciam,
562 1782 673 1819 quam
702 1770 740 1807 in
767 1770 920 1807 nimium
959 1769 1132 1821 placendi
1162 1769 1327 1808 studium
1365 1772 1478 1819 atque
1505 1768 1543 1806 in
1580 1767 1835 1806 adulationem

295 1834 528 1885 inciderent,
574 1837 695 1874 Poeta
721 1838 830 1887 hujus
859 1837 939 1875 vitii
968 1849 1079 1874 unam
1109 1838 1317 1875 cautionem
1353 1840 1465 1887 atque
1499 1848 1612 1874 unam
1648 1833 1835 1887 provisio—

294 1913 380 1938 nem
398 1900 523 1940 Lollio
548 1905 770 1954 proposuit,
802 1909 843 1941 ut
862 1917 988 1941 veram
1013 1904 1247 1943 describeret
1265 1905 1437 1942 virtutem
1456 1898 1706 1956 ὁμιλητικήν,
1735 1911 1832 1953 quae

294 1970 420 2006 media
453 1971 561 2020 quasi
593 1976 699 2009 esset
731 1971 831 2008 inter
861 1970 974 2008 vilem
1002 1971 1256 2010 adulationem
1290 1978 1328 2010 et
1357 1973 1600 2023 asperitatem
1630 1976 1831 2024 agrestem.

294 2035 514 2088 Praeceptis
542 2038 721 2090 deinceps
762 2051 889 2077 earum
921 2051 1070 2089 rerum,
1105 2051 1200 2089 quae
1239 2039 1278 2076 in
1313 2052 1384 2077 usu
1418 2039 1609 2080 hominum
1637 2039 1831 2092 potentio-

293 2118 376 2143 rum
398 2105 457 2142 vel
483 2104 744 2144 observandae
774 2106 832 2144 vel
871 2107 1068 2144 evitandae
1107 2110 1259 2155 essent,
1295 2119 1439 2144 summa
1479 2121 1560 2147 cum
1599 2106 1829 2145 humanitate

293 2173 393 2211 datis
417 2172 537 2212 Poeta
559 2172 722 2213 Lollium
751 2172 1034 2212 adolescentem
1061 2174 1305 2222 adhortatur,
1330 2187 1379 2211 ne
1407 2175 1505 2213 inter
1534 2174 1628 2213 haec
1656 2173 1826 2224 quamvis

292 2241 397 2279 utilia
426 2254 508 2279 cum
536 2242 627 2279 viris
657 2242 810 2279 summis
836 2242 987 2280 vivendi
1017 2245 1222 2293 praecepta
1249 2241 1441 2291 negligat,
1473 2255 1569 2292 quae
1598 2254 1621 2279 a
1643 2241 1732 2279 viris
1760 2252 1827 2279 sa-

291 2308 482 2359 pientibus
513 2309 561 2347 de
597 2322 687 2348 vera
715 2314 893 2360 rectaque
921 2310 1070 2348 vivendi
1098 2310 1245 2347 ratione
1270 2309 1468 2360 proposita
1494 2310 1570 2347 sint
1598 2308 1655 2347 vel
1680 2322 1828 2360 propo·

292 2380 451 2425 uantur,
479 2381 521 2414 ut
546 2377 762 2428 condiscat,
802 2377 892 2428 quid
921 2377 968 2416 ad
994 2390 1122 2416 veram
1144 2378 1261 2416 vitam
1295 2382 1333 2415 et
1361 2368 1677 2428 tranquillitatem·
1694 2375 1824 2427 animi,

294 2456 368 2493 qua
398 2444 480 2494 ipse
507 2444 638 2495 procul
670 2445 717 2483 ab
746 2445 936 2484 hominum
968 2445 1078 2484 turba
1105 2445 1391 2497 frequentiaque
1427 2445 1594 2495 fruatur,
1630 2444 1824 2483 verissime

294 2511 478 2552 conferat,

402 2579 443 2615 Si
479 2583 600 2617 artem
640 2585 793 2632 spectes
802 2608 815 2631 ,
852 2595 927 2633 qua
961 2582 1142 2620 Horatius
1175 2582 1215 2619 in
1248 2580 1508 2631 componenda
1543 2579 1615 2618 hac
1654 2575 1824 2630 Epistola

292 2658 382 2682 usus
415 2651 497 2696 est,
529 2646 629 2685 haud
658 2649 738 2687 scio
770 2661 818 2687 an
847 2650 967 2700 magis
988 2650 1187 2700 ingenuam
1211 2648 1344 2687 laudes
1365 2648 1550 2686 sentiendi
1571 2646 1757 2686 rationem
1767 2639 1824 2697 *),

406 2795 446 2839 *)
467 2796 561 2830 Vere
585 2797 824 2838 Wielandt'usz
850 2796 961 2842 „Man
980 2797 1073 2831 kann
1101 2796 1221 2831 diesen
1250 2795 1352 2831 Brief
1374 2797 1427 2831 als
1446 2796 1503 2830 ein
1530 2793 1665 2828 kleiuee
1693 2788 1828 2836 Prakti-

294 2847 395 2884 sches
416 2852 614 2887 Handbuch
633 2854 695 2888 der
712 2853 830 2889 Kunst
849 2854 910 2888 mit
929 2855 998 2888 den
1017 2855 1168 2888 Grossen
1185 2866 1231 2888 zu
1250 2854 1348 2888 leben
1367 2851 1538 2894 ausehen,
1561 2847 1709 2883 welches
1723 2845 1828 2891 jeder

293 2903 463 2952 Jiingling
474 2934 483 2952 ,
504 2909 573 2942 den
593 2908 670 2943 sein
685 2910 873 2946 Schicksal
888 2910 951 2945 aus
965 2910 1022 2944 die
1038 2910 1255 2956 schliipfrige
1268 2909 1366 2944 Bahn
1385 2909 1448 2942 des
1463 2905 1574 2942 Hofes
1591 2906 1731 2949 gesetzt
1751 2902 1825 2946 hat,
