1910 3138
102 159 185 200 167
239 155 519 197 comm.
538 155 598 195 IN
614 155 740 195 HOR.
758 154 858 197 LIB.
873 155 904 194 1.
942 155 1106 195 EPlST.
1128 153 1498 195 UNDRVICESIM.
1542 151 1627 194 515

102 282 145 308 se
171 273 335 309 semin-
352 267 394 319 *)
431 281 517 306 esse
542 268 758 319 profitetur.
813 268 856 306 Si
891 268 990 307 enim
1022 268 1200 320 Sapphus
1238 269 1467 308 mentionem
1502 269 1630 307 facere

101 336 307 386 voluisset,
343 335 516 374 facillime
544 336 635 373 Hos
661 335 890 387 scripsisset.
943 336 1029 374 Alio
1058 336 1173 374 modo
1201 337 1226 374 ii
1264 340 1412 386 errant,
1441 336 1507 387 qui
1531 335 1630 374 Por-

100 405 283 455 phyrione
310 407 351 442 et
381 403 592 442 Scholiasta
624 402 741 454 Cruq.
777 403 992 442 auctoribus
1029 408 1071 442 ut
1104 403 1391 450 Britannicus,
1429 405 1629 450 Piscator,

106 470 341 521 mahom,
365 470 604 516 Rodellizoe,
626 471 867 521 Desprezirw
886 474 925 508 et
944 484 965 509 e
984 471 1219 511 nostratibus
1238 472 1309 510 hac
1326 472 1479 523 quidem
1502 475 1627 510 aetate

106 539 365 579 Wielandius
391 542 431 578 et
463 538 669 576 Hoc-heder
696 537 956 577 Archilochum
979 538 1202 588 intelligunt.
1258 538 1395 590 Neque
1422 539 1520 578 euim
1545 538 1631 578 Ho-

101 608 220 647 ratius
247 607 296 647 de
322 606 414 645 solis
441 606 606 654 Jambis,
645 607 716 645 sed
746 607 794 644 de
828 610 911 643 tota
931 607 1039 656 poesi
1066 606 1203 656 lyrica,
1240 611 1282 644 ut
1319 608 1351 644 ei
1391 607 1630 659 propositum

102 679 206 722 erat,
234 675 373 713 dixisse
399 673 608 712 censendus
638 677 710 712 est.
771 672 977 712 Commode
1010 675 1126 713 etiam
1155 675 1364 722 Bentlejus
1398 676 1565 726 ineptum
1591 679 1631 713 et

102 743 274 795 putidum
301 755 387 780 esse
416 741 531 790 dicit,
557 740 615 778 bis
643 741 743 780 idem
770 740 870 778 intra
895 752 1037 791 paucos
1074 742 1279 781 versiculos
1306 746 1481 792 ingerere
1507 747 1631 781 reete-

102 823 178 861 que
203 810 330 859 addit,
358 809 544 847 neminem
571 808 734 846 omnium
761 806 1022 846 Archilochum
1039 805 1187 856 Lyricis
1215 809 1485 860 adscripsisse,
1513 823 1632 861 quan-

102 889 214 927 quam
240 889 312 914 nos
340 876 412 927 ipsi
440 889 487 915 ex
522 879 656 913 nostra
693 876 846 927 quidem
877 875 1071 924 judicandi
1109 875 1254 913 ratione
1292 878 1375 927 ejus
1411 877 1545 928 poesin
1580 878 1630 916 ad

95 945 242 993 ’lyricae
278 943 485 995 primordia
523 943 642 980 Aetio
679 944 775 981 duce
812 941 1071 992 (‚‚Grundriss
1105 941 1174 980 der
1214 942 1451 994 Philologie“
1491 958 1532 995 p.
1562 946 1631 986 87.

102 1013 123 1061 §
153 1012 225 1062 28)
250 1012 392 1050 referre
415 1011 610 1052 malumus.
662 1011 745 1050 Huc
766 1011 934 1060 accedit,
970 1010 1074 1061 quod
1104 1021 1217 1060 saepe
1245 1010 1307 1047 alii
1338 1017 1565 1051 monuerunt
1587 1017 1631 1051 ut

102 1079 401 1130 Rosenlaeynius
429 1079 487 1126 (in
509 1078 676 1118 Seebod.
702 1078 870 1129 „Archiv
897 1078 926 1116 f.
954 1077 1049 1116 Phil.
1080 1090 1116 1114 u.
1148 1076 1343 1128 Paedag.“
1376 1081 1497 1122 1832.
1528 1080 1559 1129 Ι,
1588 1081 1630 1122 3.

101 1160 140 1198 p.
164 1147 248 1188 369
267 1168 326 1175 —
345 1147 462 1198 373),
490 1149 651 1184 metrum
669 1145 900 1197 Sapphicum
918 1145 977 1183 bis
995 1158 1020 1183 a
1037 1144 1187 1182 Catullo
1217 1144 1301 1195 (11.
1331 1150 1370 1184 et
1398 1148 1507 1199 51.)‚
1534 1161 1632 1187 nun-

102 1227 214 1265 quam
249 1214 436 1254 Alcaicum
467 1226 553 1252 esse
591 1217 775 1252 tentatum
787 1212 864 1264 **).
920 1213 1014 1251 Inde
1043 1212 1156 1250 etiam
1192 1212 1328 1251 clarior
1365 1214 1428 1253 lux
1464 1218 1631 1254 exoritur

101 1280 245 1320 verbis:
276 1294 356 1319 non
382 1281 464 1319 alio
491 1281 643 1319 dictum
668 1282 788 1331 prius
809 1294 884 1320 ore.
929 1280 1078 1319 Eodem
1099 1280 1267 1318 referunt
1295 1281 1372 1319 Od.
1394 1282 1436 1331 3,
1459 1282 1529 1331 30,
1562 1282 1629 1323 13.

102 1348 146 1399 4,
173 1348 216 1398 9,
243 1349 283 1392 3.
343 1350 419 1394 Qui
446 1362 530 1387 cum
555 1348 746 1386 Landino
773 1362 852 1387 non
876 1348 1076 1397 Alcaeum,
1105 1361 1228 1398 neque
1252 1348 1533 1400 Archilochum,
1560 1350 1631 1387 sed

99 1416 241 1467 pedem
270 1417 438 1467 iambum
479 1417 628 1466 vident,
669 1429 737 1454 eos
772 1417 980 1464 notandos,
1021 1429 1099 1454 non
1132 1415 1355 1454 refutandos
1395 1416 1631 1454 arbitramur.

104 1484 228 1524 Verba
255 1485 428 1522 Latitiae
460 1483 626 1535 volgavi
646 1483 804 1532 fidicen
839 1484 1029 1523 illustrant
1055 1483 1132 1521 od.
1159 1482 1203 1534 4,
1230 1484 1272 1533 3,
1301 1484 1368 1525 23.
1421 1484 1632 1521 Romanae

92 1551 248 1599 fidicen
276 1551 385 1602 lyrae
412 1555 450 1589 et
482 1551 558 1589 od.
587 1550 629 1601 4,
658 1553 698 1601 6,
726 1553 793 1593 27.
852 1551 1046 1589 Dauniae
1072 1573 1129 1580 —-
1154 1551 1275 1588 decus
1312 1551 1508 1589 Camenae
1544 1552 1630 1590 coll.

214 1694 257 1741 *)
268 1697 381 1739 Quam
396 1709 464 1732 non
482 1698 587 1733 anxie
599 1702 637 1733 et
649 1698 829 1734 serviliter
842 1698 1015 1733 Horatius
1025 1700 1244 1735 Graecorum
1260 1703 1386 1745 poetas
1401 1699 1540 1734 omnino
1557 1697 1631 1733 imi-

103 1758 200 1788 tatus
214 1753 282 1799 sit,
302 1755 498 1790 luculenter
513 1756 713 1791 enodarunt
728 1757 767 1791 C.
785 1755 967 1790 Possumus
981 1756 1030 1790 N.
1045 1757 1113 1792 269
1126 1769 1206 1802 sqq.
1226 1756 1351 1791 Weber
1365 1755 1388 1790 Ι.
1402 1756 1425 1790 l.
1440 1768 1477 1802 p.
1493 1756 1561 1793 213
1576 1767 1629 1801 sq.

104 1815 143 1845 et
161 1821 249 1857 quos
266 1811 389 1846 laudat
411 1812 545 1856 Teuffel
561 1812 600 1846 in
618 1811 745 1857 Paulyi
764 1812 1191 1858 „Real-Encyclop5die“
1212 1814 1280 1848 111.
1301 1824 1337 1858 p.
1360 1810 1482 1858 1478„
1503 1812 1630 1858 quibus

102 1867 195 1902 adde
221 1867 352 1903 Theoti.
376 1868 523 1903 arnoldi
544 1868 774 1910 Quaestionis
793 1869 837 1902 de
857 1868 1007 1907 Horatio
1034 1870 1250 1904 Graecorum
1277 1869 1456 1903 imitatore
1474 1869 1630 1915 particu-

103 1924 183 1961 lam.
198 1924 280 1959 Hal.
299 1921 399 1959 1845.
417 1925 545 1959 Sobrie
559 1925 764 1970 Bernhardy
782 1925 982 1968 (,‚Grundr.
998 1926 1062 1960 der
1076 1928 1142 1961 Gr.
1161 1926 1384 1960 Litteratur“
1405 1927 1453 1960 11.
1470 1938 1505 1970 p.
1522 1922 1630 1968 433):

104 1980 183 2024 „Im
203 1979 350 2024 iibrigen
370 1980 418 2015 ist
442 1982 506 2015 das
526 1982 632 2026 (auch
661 1993 732 2017 von
759 1982 893 2017 Miller
920 1982 1137 2017 Geschichte
1162 1984 1189 2016 Ι.
1214 1983 1297 2018 306.
1324 1982 1629 2027 ausgesprochne)

103 2036 326 2079 Vorurffleil,
351 2037 432 2071 dass
450 2037 507 2072 die
526 2038 753 2084 Odenpoesie
771 2039 835 2073 des
851 2039 894 2072 Η.
917 2044 1014 2072 trotz
1033 2040 1098 2073 der
1112 2039 1280 2073 Feinheit.
1299 2039 1367 2072 und
1384 2039 1498 2072 Kunst
1516 2050 1630 2083 gegen

103 2093 162 2128 ihr
179 2093 317 2128 Muster
336 2093 372 2127 in
393 2094 563 2128 Schatten
581 2100 693 2139 trete,
715 2095 797 2129 weil
815 2094 871 2128 ihr
890 2094 954 2128 das
969 2095 1269 2129 leidenschaftlich
1289 2096 1455 2139 bewegte
1477 2095 1631 2129 Gemfith

105 2149 168 2184 des
183 2149 261 2186 Alc.
286 2149 379 2184 fehle
392 2177 402 2194 ,
426 2151 600 2186 durchaus
622 2151 834 2197 ungerecht⁷
864 2150 908 2184 da
927 2151 973 2184 Η.
1000 2152 1053 2185 als
1083 2151 1219 2185 Realist
1238 2152 1308 2184 und
1328 2151 1380 2184 als
1399 2150 1546 2184 Dichter
1566 2151 1630 2185 der

104 2205 369 2251 resignirenden
398 2206 700 2242 Lebensweisheit
725 2207 916 2243 beurtheilt
941 2207 1016 2241 sein
1045 2207 1136 2249 will,
1171 2207 1313 2251 folglich
1333 2207 1397 2240 auf
1412 2207 1475 2241 das
1498 2207 1631 2242 Gebiet

105 2262 168 2296 des
188 2261 440 2297 individuellen
459 2263 591 2298 Pathos
609 2265 681 2299 und
701 2264 826 2298 dessen
846 2263 1044 2307 subjective
1063 2264 1264 2297 Interessen
1279 2263 1519 2298 verzichtet.“

194 2328 256 2374 **)
277 2331 444 2364 Alcaeum
462 2331 497 2363 h.
515 2330 541 2367 1.
560 2330 811 2366 intellexerunt
828 2329 980 2373 Badius,
1010 2330 1228 2372 Glareanus,
1262 2330 1408 2373 Bas-ter,
1438 2331 1628 2375 Bentlejus‚

106 2385 340 2427 Sanadonm,
371 2386 529 2431 Simyus,
558 2387 830 2431 ffleenkeynius,
863 2385 943 2428 alii,
979 2391 1102 2418 contra
1126 2384 1303 2419 Frankius
1330 2397 1405 2420 cum
1437 2387 1629 2422 Weieherto

105 2441 225 2474 facere
249 2441 406 2476 videtur.
450 2443 605 2488 Propter
630 2442 684 2477 rei
713 2442 927 2486 gravitatem
955 2441 1130 2475 Hochedn'
1155 2441 1268 2475 verba
1293 2443 1500 2487 apponenda
1528 2444 1630 2479 nobis

108 2496 292 2530 videntur:
332 2498 459 2540 „Nach
485 2499 617 2533 meiner
635 2499 781 2533 Ansicht
802 2499 962 2532 versteht
985 2497 1159 2542 Porphyr.
1188 2497 1256 2531 deu
1283 2498 1513 2534 Archilochus
1539 2512 1629 2546 ganz

107 2552 256 2597 richtig;
278 2551 374 2586 nicht
393 2553 460 2587 wie
484 2566 522 2588 es
539 2554 672 2598 Dfiring
691 2554 767 2588 dern
781 2553 918 2587 Bentlei
936 2552 1134 2587 nachmeint
1146 2579 1156 2596 ‚
1178 2553 1245 2587 den
1265 2553 1427 2590 Alcaeus.
1464 2557 1628 2592 Dadurch

108 2608 230 2642 wfirde
251 2609 309 2642 die
331 2609 475 2642 Einheit
494 2611 557 2644 des
574 2610 744 2644 Gedichts
766 2611 917 2654 gestfirt.
951 2610 1094 2653 Sappho
1110 2609 1179 2643 und
1202 2608 1350 2645 Alcaeus
1370 2613 1495 2647 stehen
1510 2625 1574 2648 nur
1591 2613 1627 2648 in

107 2664 220 2698 einem
239 2665 561 2707 untergeordneten
583 2666 724 2710 Bezuge
747 2676 809 2699 zur
828 2665 976 2708 Thesis,
997 2665 1055 2698 die
1074 2665 1117 2701 V.
1138 2665 1195 2701 23.
1216 2663 1275 2702 24.
1321 2668 1390 2703 Mit
1415 2669 1527 2706 ihren
1545 2671 1628 2705 Bei-

108 2721 219 2765 spiele
238 2721 465 2764 rechtfertigt
482 2721 546 2755 der
569 2721 716 2755 Dichter
733 2733 798 2755 nur
818 2720 915 2755 scine
934 2720 1202 2766 Nachahmung‚
1223 2722 1259 2757 in
1274 2723 1416 2760 Betreff
1433 2726 1498 2761 der
1513 2739 1552 2762 er
1565 2728 1628 2762 mit

109 2777 231 2812 diesen
250 2777 506 2821 anerkannten,
538 2777 742 2812 bert‘ihmteu
768 2777 928 2811 Mustern
954 2777 1033 2811 dem
1056 2777 1305 2825 Archilochus,
1338 2781 1447 2818 ihren
1470 2785 1626 2829 gemein-

112 2845 226 2868 sameu
247 2832 451 2878 Originale‚
472 2833 675 2879 gegeuiiber
699 2834 761 2867 auf
780 2834 937 2878 gleicher
958 2833 1059 2870 Linie
1075 2834 1210 2870 steht.“
