1910 3138
260 207 343 250 486

323 326 418 370 Nec
452 339 650 370 socerum
687 327 881 388 quaerit,
919 342 1043 387 quem
1070 330 1266 375 versibus
1295 331 1456 376 oblinat
1490 336 1612 394 atris,

830 212 1219 254 HORATII

1712 221 1794 262 138

1735 335 1792 378 30

322 407 418 450 Nec
452 419 640 464 sponsae
674 406 874 465 laqueum
913 407 1081 454 famoso
1117 411 1304 455 carmine
1338 412 1486 456 nectit·

320 484 448 528 Hunc
484 496 571 543 ego
607 499 693 530 non
731 487 817 531 alio
853 487 1010 533 dictum
1046 491 1161 546 prius
1196 502 1272 534 ore
1306 489 1489 535 Latinus

321 563 511 623 Volgavi
538 563 714 609 fidicen:
742 569 871 623 juvat
892 569 1189 613 immemorata
1213 567 1422 613 ferentem

320 643 525 703 Ingenuis
561 644 782 703 oculisque
816 639 924 706 legi*
942 648 1220 706 manibusque
1251 648 1407 691 teneri·

319 723 444 768 Scire
478 724 613 784 velis,
652 738 751 770 mea
787 740 863 770 cur
896 727 1096 787 ingratus
1125 728 1332 787 opuscula
1363 727 1502 772 lector

1734 729 1788 771 35

317 801 492 848 Laudet
526 807 726 863 ametque
763 804 903 865 domi,
942 810 1110 865 premat
1144 810 1270 851 extra
1302 808 1431 851 limen
1464 805 1664 866 iniquus?

317 884 420 927 Non
456 895 544 944 ego
579 886 789 929 ventosae
815 886 950 945 plebIs
989 887 1202 947 suffragia
1229 899 1366 930 venor

316 963 526 1022 Impensis
562 976 795 1008 coenarum
829 967 873 1009 et
908 966 1037 1009 tritae
1070 979 1247 1011 munere
1281 967 1438 1025 vestis3

249 1111 398 1156 quaerit.
430 1110 493 1144 Sic
517 1108 601 1144 dist.
621 1109 773 1144 Hunter.
804 1117 837 1146 et
865 1113 937 1146 reb.
963 1117 997 1146 et

249 1170 326 1205 ord.
359 1168 429 1202 Ms.
464 1167 588 1201 Guelf.
618 1167 653 1201 1.
687 1167 740 1201 sic
777 1173 815 1202 et
844 1168 998 1214 conjecit

246 1225 387 1270 BentL,
412 1223 474 1259 sed
494 1224 645 1258 mutavit
662 1229 813 1259 mentem
831 1226 924 1271 ipse.
940 1244 996 1251 —-

249 1284 292 1316 V.
320 1282 379 1317 30.
410 1282 551 1316 oblinet.
596 1281 686 1316 Mss.
720 1283 859 1320 Bersm,
894 1288 994 1328 quat.

247 1340 359 1374 Dorv.
381 1341 414 1375 2.
439 1340 510 1374 Gu.
531 1340 565 1373 1.
588 1335 624 1372 4.
657 1340 760 1373 Gott.
781 1341 813 1374 1.
836 1340 937 1374 Dess.
962 1341 995 1374 1.

247 1397 305 1440 (at
323 1396 521 1442 suprascr.)
538 1398 571 1432 2.
599 1395 701 1440 Lips.
730 1398 763 1430 1.
794 1398 827 1433 2.
849 1397 884 1431 3.
913 1396 993 1431 cod.

245 1453 361 1488 Ment.
384 1454 483 1487 Mon.
505 1453 540 1487 d.
567 1453 662 1496 (cum
683 1453 796 1487 schol.
823 1455 996 1498 „consun-

246 1511 353 1554 dat“)
382 1523 418 1555 g.
447 1511 543 1554 (cum
576 1510 687 1544 schol.
723 1510 993 1556 ‚,vituperet“).

246 1568 387 1602 obtinet.
415 1567 487 1602 Ms.
514 1567 568 1602 Ik.
589 1569 622 1602 1.
644 1568 678 1601 6.
704 1568 775 1601 Gu.
792 1568 827 1602 3.
851 1567 992 1602 Motell.

245 1625 400 1658 oblimat.
422 1624 517 1657 Mon.
539 1625 564 1662 1,
599 1623 694 1658 Edd.
714 1625 806 1660 Ven.
826 1622 909 1660 477.
933 1625 992 1663 79.

244 1682 303 1714 81.
319 1681 377 1714 33.
388 1682 445 1716 86.
463 1682 520 1717 92.
538 1681 647 1715 Loch.
659 1678 743 1717 498.
756 1682 802 1716 al.
820 1701 868 1707 —
883 1682 992 1717 V.31.

241 1741 377 1777 famoso
405 1738 560 1772 crimine.
601 1738 695 1773 Edd.
719 1738 808 1773 Ven.
827 1735 910 1774 479.
934 1741 992 1774 81.

243 1793 301 1827 83.
323 1795 380 1828 86.
419 1794 514 1829 Flor.
532 1792 615 1830 482.
644 1795 756 1830 Loch.
778 1793 859 1830 498.
890 1796 990 1841 Lips.

242 1848 325 1885 492.
342 1849 423 1885 502.
441 1851 498 1894 aL,
519 1863 605 1896 quas
620 1852 745 1886 laudat
759 1852 914 1887 Schmid.
935 1853 990 1887 De

242 1907 447 1941 confusione
463 1908 644 1953 utriusque
655 1908 758 1942 verbi
773 1909 819 1943 cf.
831 1909 989 1944 Broukh.

242 1969 280 1997 et.
293 1966 411 1999 Burm.
426 1964 469 1998 ad
485 1965 594 2009 Prop.
610 1965 644 2007 3,
661 1966 694 2006 9,
716 1966 750 1999 8.
773 1965 923 1999 Hertzb.
945 1965 988 1999 ad

243 2023 277 2064 1,
299 2022 355 2067 18,
373 2022 408 2056 9.
437 2022 545 2056 Drak.
564 2021 608 2055 ad
626 2022 708 2055 Liv.
722 2023 754 2065 1,
773 2023 829 2064 26,
849 2023 881 2057 6.
902 2023 936 2064 6,
955 2024 988 2066 2,

240 2076 276 2112 4.
295 2097 351 2103 —
368 2083 499 2113 nectat.
524 2078 594 2112 Ms.
620 2077 684 2112 Fe.
703 2079 738 2122 7,
753 2089 786 2111 a.
805 2097 862 2104 -—
879 2078 990 2112 Cete-

243 2147 318 2169 rum
334 2146 367 2168 v.
383 2135 443 2171 31.
461 2141 498 2169 et
512 2135 570 2171 32.
587 2134 684 2169 delet
700 2137 876 2179 Guyetus.

298 2193 341 2227 V.
353 2192 411 2228 32.
426 2192 533 2227 Nunc
543 2204 623 2238 ego.
639 2192 707 2226 Ms.
725 2194 830 2227 Gott.
842 2193 876 2228 2.
895 2190 988 2225 Edd.

240 2250 331 2284 Ven.
352 2247 435 2284 477.
451 2250 507 2285 79.
530 2250 589 2284 81.
609 2247 698 2294 (non
717 2249 775 2284 83.
797 2250 855 2284 86.
875 2259 988 2293 neque

240 2306 340 2340 Flor.
360 2304 446 2351 482)
467 2306 550 2341 Asc.
571 2307 660 2351 (non
682 2305 784 2349 519.)
804 2305 988 2351 complut„

239 2374 325 2409 quas
357 2364 478 2398 laudat
505 2364 662 2398 Schmid.
690 2363 781 2397 Hinc
802 2375 883 2409 ego.
916 2362 987 2398 Ed.

238 2420 402 2455 Praedic.
411 2440 465 2446 —
477 2420 637 2455 Latinus.
655 2420 743 2458 Mss.
758 2420 884 2455 Lamb.
896 2430 988 2453 omn.

239 2477 352 2511 Pulm.
367 2480 399 2514 2.
420 2477 456 2511 3.
473 2477 506 2513 7.
525 2479 580 2512 10.
602 2478 713 2523 Cruq.
731 2489 820 2511 omn.
841 2482 987 2523 praeter

238 2545 297 2569 un.
314 2535 451 2570 Bersm.
464 2534 544 2568 duo.
561 2533 710 2568 Talbot.
722 2534 790 2568 duo
808 2534 885 2580 (qni
896 2533 986 2577 def.)

239 2597 275 2623 et
291 2591 424 2635 optimi,
441 2591 579 2635 (Bentl.
590 2591 634 2624 de
647 2592 720 2625 suis
733 2596 844 2634 tacet)
857 2591 984 2625 Oberl.

239 2647 281 2680 D.
300 2649 339 2690 (a
361 2650 394 2682 1.
417 2649 495 2692 m.).
517 2647 640 2681 Comb.
661 2653 698 2682 et
717 2649 805 2688 Bad,
827 2652 864 2682 et
883 2648 982 2682 Pott.

238 2708 278 2735 ut
304 2704 376 2738 vid.
403 2718 493 2741 omn.
529 2704 595 2739 Fe.
616 2707 648 2748 1,
670 2716 703 2739 a.
735 2701 774 2750 (a
795 2707 826 2741 1.
846 2701 922 2749 m.).
946 2705 981 2739 b.

237 2760 278 2802 (a
298 2761 329 2793 1.
351 2762 415 2805 m.)
439 2774 473 2807 q.
496 2773 527 2795 r.
547 2772 575 2799 s,
597 2763 638 2805 (a
655 2764 687 2796 1.
705 2763 770 2805 m.)
789 2767 818 2798 t.
836 2763 870 2806 2,
895 2773 926 2796 a.
945 2762 981 2797 b.

239 2827 267 2850 c.
290 2817 323 2858 (a
340 2819 374 2853 2.
389 2820 449 2862 m.)
474 2831 494 2851 e
511 2819 546 2861 (a
563 2820 595 2852 1.
616 2819 695 2862 m.).
723 2818 757 2861 3,
778 2820 804 2852 f.
821 2820 858 2862 5,
891 2830 924 2853 a.
940 2819 982 2862 (a

239 2874 272 2905 1.
290 2874 365 2914 m.).
381 2875 414 2915 6,
427 2886 459 2912 a,
476 2875 510 2917 7,
524 2875 561 2909 b.
578 2875 693 2908 Orell.
709 2875 815 2918 sEc.‚
831 2888 851 2909 e
867 2880 980 2909 nostr.

238 2928 354 2962 Berol.
384 2931 416 2963 1.
450 2931 560 2964 Dorv.
587 2932 619 2965 1.
656 2932 758 2967 Gott.
795 2934 825 2966 1.
867 2932 977 2970 Goth,

1043 1113 1164 1147 Guelf.
1187 1116 1219 1147 1.
1239 1113 1274 1147 3.
1294 1110 1331 1147 4.
1355 1111 1456 1158 Lips.
1473 1114 1508 1149 2.
1529 1111 1565 1146 3.
1585 1112 1684 1147 Mon.
1706 1112 1740 1147 b.
1761 1112 1787 1146 i.

1043 1169 1121 1203 cod.
1141 1169 1290 1204 Mentel.
1320 1169 1413 1204 Edd.
1434 1170 1559 1204 Lamb.
1578 1169 1661 1213 xyl.
1677 1169 1788 1214 Cruq.

1041 1226 1128 1261 Min.
1146 1226 1279 1261 Piscat.
1295 1226 1401 1261 Talb.
1417 1226 1550 1270 nenti„
1572 1236 1673 1271 quem
1688 1236 1787 1272 sequ.

1041 1289 1194 1317 recentt.
1207 1283 1330 1329 paucis
1342 1283 1524 1329 exceptis;
1541 1283 1672 1329 explic.
1684 1293 1788 1329 prae-

1039 1345 1098 1375 ter
1112 1340 1202 1374 alios
1224 1340 1343 1375 Bentl.
1365 1346 1402 1375 et
1422 1340 1508 1375 Fea.
1529 1340 1674 1375 Ιιαΐίτιίε.
1698 1340 1787 1374 Mas.

1039 1398 1153 1432 Pulm.
1174 1399 1208 1432 1.
1230 1394 1267 1432 4.
1302 1398 1414 1444 Cruq.
1443 1398 1477 1432 6.
1517 1396 1654 1432 Bersm.
1689 1401 1787 1442 quat.

1041 1455 1152 1489 Torr.
1171 1460 1213 1489 nt
1231 1453 1306 1489 vid.
1328 1466 1419 1489 omn.
1441 1453 1565 1488 Oberl.
1581 1454 1626 1489 C.
1645 1454 1690 1488 D.
1711 1452 1785 1498 (hic

1040 1524 1061 1546 a
1079 1515 1114 1548 2.
1133 1512 1196 1556 m.)
1218 1511 1313 1548 Altd.
1334 1523 1393 1557 ap.
1417 1511 1567 1546 Haberf.
1594 1511 1658 1546 Fe.
1677 1509 1784 1556 reliq.

1039 1569 1092 1603 Ik.
1119 1573 1159 1603 ut
1182 1569 1258 1603 vid.
1286 1579 1405 1603 omnes
1425 1568 1493 1603 Or.
1512 1567 1597 1612 bd„
1625 1580 1644 1603 e
1672 1572 1785 1602 nostr.

1039 1626 1143 1660 Dess.
1166 1627 1200 1660 1.
1222 1628 1256 1662 2.
1275 1625 1310 1660 3.
1334 1626 1440 1660 Gott.
1457 1627 1491 1662 2.
1513 1626 1585 1660 Gn.
1608 1626 1643 1661 2.
1667 1625 1782 1659 Dorv.

1039 1685 1073 1719 2.
1095 1683 1241 1717 Corbei.
1272 1682 1433 1717 Rudolst.
1453 1681 1556 1728 Lips.
1580 1682 1613 1719 1.
1632 1681 1731 1716 Μοιι.
1749 1693 1784 1716 a.

1039 1751 1072 1774 a.
1092 1751 1124 1774 c.
1146 1740 1181 1774 d.
1201 1752 1233 1773 e.
1250 1739 1276 1773 f.
1294 1751 1329 1784 g.
1350 1740 1375 1774 1.
1390 1751 1437 1774 m.
1459 1739 1554 1776 Edd.
1569 1738 1784 1783 vulgatiu-

1037 1797 1147 1831 Torr.
1161 1801 1198 1831 et
1220 1809 1240 1830 e
1258 1796 1450 1831 recentior.
1464 1796 1684 1840 But-(701)
1695 1796 1785 1830 Dae.

1038 1853 1157 1888 Μαίη.
1178 1853 1257 1888 Val.
1279 1854 1399 1887 Wetz.
1419 1853 1472 1887 Ik.
1501 1852 1624 1898 Camp-
1648 1851 1783 1899 Chatp.

1035 1910 1152 2000 Amen...
1161 1966 1221 2000 33.
1254 1965 1416 2011 Volgam'.
1438 1965 1502 2000 Sic
1523 1976 1588 2001 ms.
1612 1965 1726 2002 Pulm.
1749 1966 1782 2000 1.

1034 2023 1088 2058 Ik.
1110 2025 1143 2062 1,
1167 2022 1282 2056 Orell.
1308 2022 1354 2056 Ε.
1373 2021 1472 2067 Lips.
1493 2023 1528 2058 1.
1547 2024 1582 2059 2.
1602 2022 1639 2058 3.
1653 2025 1784 2066 -Ῑσ-

1034 2081 1156 2114 reuda.
1176 2079 1245 2113 Ms.
1263 2078 1327 2113 Fe.
1346 2080 1377 2122 1,
1394 2091 1427 2114 a.
1442 2091 1464 2113 a
1481 2081 1512 2114 1.
1527 2090 1574 2114 m.
1595 2098 1644 2105 —
1661 2078 1706 2114 V.
1719 2075 1781 2113 34.

1035 2135 1218 2181 Ingenui&
1254 2135 1342 2170 Mss.
1364 2140 1403 2170 et
1429 2136 1511 2172 edd.
1535 2135 1630 2180 vulg.
1656 2135 1742 2169 inde
1759 2146 1782 2168 a

1034 2193 1167 2227 Mutet.
1188 2192 1310 2226 Lamb.
1331 2192 1442 2239 Cruq.
1461 2197 1530 2229 etc.
1551 2191 1614 2227 sed
1628 2192 1702 2236 jam
1719 2202 1782 2226 nn-

1034 2254 1095 2283 tea
1108 2249 1161 2283 ita
1180 2249 1367 2292 legebatur
1389 2250 1427 2284 in
1445 2248 1528 2295 aliq.
1550 2248 1671 2294 Lipns.
1686 2251 1726 2282 ut
1743 2247 1781 2283 in

1034 2305 1134 2351 Lips.
1160 2303 1240 2341 502.
1269 2306 1437 2352 Ingenii-v.
1459 2305 1529 2340 Ms.
1553 2316 1612 2341 nn.
1632 2304 1780 2349 Boram„

1035 2363 1205 2407 complut.
1233 2374 1315 2396 mss.
1342 2375 1399 2408 ap.
1431 2361 1497 2397 Fe.
1525 2361 1642 2396 Orell.
1658 2361 1739 2404 bd„
1759 2371 1781 2396 e

1033 2423 1146 2458 nostr,
1171 2419 1273 2453 neas.
1292 2419 1328 2453 3.
1357 2419 1470 2454 Dorv.
1485 2420 1520 2454 2.
1547 2418 1660 2453 Goth.
1680 2418 1779 2453 Mon.

1032 2477 1057 2511 l.
1081 2489 1126 2511 m.
1162 2476 1301 2510 Victor.
1336 2475 1436 2510 Edit.
1463 2480 1555 2510 vett.
1581 2476 1659 2510 fere
1687 2485 1779 2510 omn.

1034 2534 1140 2568 etiam
1156 2533 1257 2567 Giar.
1267 2533 1396 2567 Irenic.
1409 2533 1494 2578 xyl.
1504 2532 1639 2568 Biedm.
1646 2532 1777 2567 zurck.

1031 2609 1089 2616 —-
1102 2590 1209 2625 oculis
1225 2589 1343 2624 omiss.
1360 2601 1426 2634 que
1440 2590 1509 2624 Ms.
1525 2590 1613 2625 Bad.
1627 2591 1659 2626 1.
1674 2589 1777 2623 Desa.

1033 2650 1065 2683 2.
1088 2647 1226 2682 Mon-eli.
1249 2665 1298 2672 —
1326 2647 1369 2679 V.
1385 2645 1443 2681 35.
1465 2647 1577 2682 velim.
1598 2646 1654 2680 Ik.
1672 2647 1704 2680 1.
1722 2655 1777 2679 ve·

1029 2705 1081 2739 lit.
1095 2704 1150 2738 Ik.
1166 2705 1200 2738 6.
1219 2722 1268 2729 —
1288 2704 1332 2738 V.
1342 2703 1400 2738 36.
1415 2703 1578 2748 iniquus?
1592 2702 1654 2737 Sic
1668 2700 1778 2735 inter-

1029 2761 1191 2806 rogative
1209 2759 1291 2795 edd.
1308 2760 1459 2804 plurim„
1481 2765 1605 2794 contra
1623 2757 1775 2793 Bothius

1027 2822 1192 2863 punctum
1214 2816 1334 2863 posuit
1352 2817 1431 2852 coll.
1458 2818 1492 2859 2,
1515 2818 1546 2858 1,
1566 2813 1625 2849 35.
1658 2814 1721 2848 Sic
1735 2816 1774 2846 et

1026 2876 1107 2911 edd.
1130 2874 1269 2910 Rodeu.
1288 2873 1391 2908 Jahn.
1405 2873 1450 2908 al.
1464 2887 1520 2898 —
1535 2871 1577 2904 V.
1594 2870 1653 2904 37.
1670 2869 1771 2914 suffr.

1024 2933 1143 2969 laudo.
1157 2932 1225 2966 Ms.
1235 2932 1371 2965 Bersm.
1381 2939 1441 2964 nn.
1451 2945 1507 2953 —-·
1517 2927 1562 2961 V.
1571 2926 1628 2962 38.
1643 2926 1774 2971 Inpen-
