1910 3138
262 190 347 234 532

835 194 1223 236 HORATII

1713 198 1794 242 184

331 310 496 355 Iratus:
538 311 630 368 quis
661 311 773 354 enim
802 310 978 355 invitum
1005 324 1183 355 servare
1210 309 1410 357 laboret?

331 390 429 434 Hoc
464 402 629 448 quoque
662 392 707 433 te
742 392 910 450 manet,
947 394 995 435 ut
1030 404 1188 451 pueros
1225 391 1438 437 elementa
1471 391 1694 438 docentem

333 468 528 528 Occupet
556 471 759 513 extremis
788 471 830 513 in
856 471 961 515 vicis
986 471 1114 516 balba
1142 474 1361 515 senectus.

333 549 475 604 Quum
505 548 578 592 tibi
607 549 675 593 sol
702 549 869 608 tepidus
894 550 1027 609 pluris
1055 550 1293 595 admoverit
1321 552 1455 611 auris,
1474 535 1485 547 ⁰

331 628 407 673 Me
442 629 638 673 libertino
667 631 814 673 natum
844 632 969 689 patre
1001 632 1044 673 et
1069 630 1114 673 in
1141 631 1258 674 tenui
1285 643 1335 674 re

1743 630 1799 673 20

332 708 527 767 MaJores
557 721 721 768 pennas
748 708 846 754 nido
873 708 1118 753 extendisse
1141 709 1346 771 loqueris,

330 789 390 834 Ut
415 790 619 847 quantum
649 789 802 848 generi
827 787 1002 848 demam,
1031 789 1257 834 virtutibus
1283 789 1445 848 addas3

332 867 410 913 Me
443 868 588 927 primis
615 868 731 911 urbis
757 868 858 912 belli
886 869 1103 928 placuisse
1135 868 1358 928 domique3

336 945 545 1007 Corporis
581 948 752 1009 exigui,
787 961 1075 1009 praeminum,
1116 949 1276 994 solibus
1309 950 1476 1010 aptum,

334 1027 470 1072 Irasci
495 1026 706 1086 celerem,
742 1031 887 1072 tamen
922 1031 970 1072 ut
1005 1029 1226 1088 placabilis
1261 1041 1420 1073 essem·

1748 1030 1805 1073 25

335 1107 471 1152 Forte
504 1119 646 1150 meum
680 1108 716 1151 si
753 1109 844 1166 quis
878 1111 923 1152 te
958 1108 1279 1169 percontabitur
1313 1121 1486 1170 aevum,

334 1186 412 1232 Me
447 1188 598 1245 quater
632 1186 827 1232 undenos
865 1189 975 1234 sciat
1007 1188 1253 1248 implevisse
1287 1187 1556 1249 DecembriS,

266 1313 355 1348 Mss.
377 1313 514 1347 Bersm.
532 1311 614 1345 duo.
633 1311 736 1348 Dess.
751 1313 785 1348 2.
804 1332 853 1337 —
872 1317 1016 1359 protru-

266 1371 321 1408 sit.
350 1369 439 1404 Mss.
463 1374 501 1403 et
527 1368 674 1403 aliorum
693 1375 731 1403 et
753 1368 869 1404 nostri
891 1370 1014 1415 paucis

266 1426 445 1472 exceptis,
476 1436 564 1472 quos
584 1426 752 1471 deinceps
769 1427 1014 1464 indicabimus.

267 1485 362 1519 Edd.
383 1483 506 1517 Lamb.
522 1483 634 1519 Palm.
658 1484 770 1519 Fabr.
791 1484 878 1519 Min.
901 1483 1015 1518 Chab.

266 1541 314 1575 H.
339 1540 465 1587 steph.
493 1539 628 1575 Bersm.
653 1540 765 1577 Bond.
798 1541 947 1576 SchreV.
970 1541 1016 1575 de

268 1598 411 1633 Maroll.
431 1598 523 1633 Fab.
546 1597 655 1633 Talb.
676 1598 764 1632 Dac.
786 1598 891 1636 Tart.
912 1598 1017 1633 Baxt.

266 1654 385 1688 Bentl.
407 1659 444 1689 et
466 1660 618 1689 recentt.
644 1666 760 1700 paene
780 1667 910 1690 omnes.
930 1667 1017 1701 pro-

267 1711 390 1746 trudit.
422 1711 491 1745 Ms.
516 1711 626 1758 Cruq.
648 1723 706 1747 un.
733 1712 799 1747 Fe.
820 1714 853 1757 1,
872 1716 900 1746 t.
925 1723 959 1756 g,
984 1723 1017 1746 a.

268 1768 366 1802 Mon.
396 1767 431 1802 b.
467 1768 550 1812 (sed
576 1769 620 1803 ab
652 1769 732 1808 ead,
759 1781 804 1807 m.
831 1769 1018 1815 protrusit)

265 1824 457 1870 pertraxit.
479 1823 532 1858 lk.
556 1822 592 1860 4.
626 1826 799 1870 promisit.
829 1827 895 1864 Fe.
920 1828 955 1870 1,
985 1838 1019 1861 e.

268 1880 427 1915 detrusit.
458 1881 545 1915 Mss.
578 1882 645 1915 Fe.
679 1882 763 1927 aliq.
794 1883 892 1917 Mon.
914 1884 950 1917 b.
971 1893 1017 1916 m.

269 1937 406 1970 Victor.
425 1941 463 1970 et
478 1937 641 1971 Rudolst.
663 1939 757 1975 Edd.
778 1944 889 1983 vett„
911 1939 1016 1973 etiam

270 1993 353 2029 Ald.
380 1993 462 2028 501.
491 1994 547 2028 19.
582 1994 679 2028 Junt.
709 1993 790 2029 514.
823 1996 879 2030 19.
918 1994 1017 2040 Lips.

270 2049 350 2088 502,
370 2050 559 2095 Argentor.
573 2050 655 2086 515.
672 2052 754 2086 Asc.
772 2051 853 2087 519.
874 2053 1018 2086 Britan-

270 2108 340 2143 nic.
371 2105 454 2143 520.
491 2107 575 2142 Bas.
605 2109 687 2143 527.
717 2109 775 2143 80.
817 2109 908 2144 Ven.
935 2107 1016 2143 559.

270 2165 374 2199 Glar.
392 2162 518 2199 Irenic.
534 2165 620 2210 Xyl.
634 2164 769 2205 Piscat.
784 2166 893 2211 Cruq.
909 2165 1018 2200 Torr.

273 2222 409 2256 Biedm.
422 2220 545 2256 Heius.
558 2222 725 2267 Rutgers.
737 2222 876 2258 Rodell.
890 2222 1017 2267 Despr.

275 2278 406 2313 Zurck.
430 2279 547 2314 Burm.
563 2279 632 2314 699
648 2285 685 2314 et
699 2279 779 2315 713.
802 2278 922 2314 Maitt.
939 2278 1018 2313 Val.

272 2335 367 2370 Sivr.
390 2335 513 2381 Camp.
532 2355 580 2362 -—·
603 2336 641 2370 in
664 2349 754 2382 rupe
774 2337 895 2382 asp'ra
915 2335 1021 2370 trusit

275 2394 433 2427 asellum.
455 2393 525 2427 Ed.
542 2393 705 2428 praedic.
723 2412 768 2419 —-
793 2394 836 2427 V.
855 2394 909 2430 16.
926 2394 1022 2427 labo-

273 2455 339 2484 ret.
365 2449 434 2484 Ms.
457 2449 520 2483 Fe.
540 2448 575 2493 5,
600 2450 626 2484 f.

330 2506 374 2539 V.
398 2506 453 2540 18.
483 2506 644 2541 extremis
663 2506 798 2542 tunicis.
829 2506 902 2542 Ms.
923 2505 1021 2540 Mon.

275 2574 332 2596 un.
362 2561 498 2607 (prim.)
517 2581 574 2588 ——·
600 2564 734 2597 blanda
755 2568 923 2598 senectus.
952 2563 1023 2597 ΜΒ.

275 2619 410 2652 Bersm.
430 2630 489 2653 un.
517 2620 611 2654 bella
633 2626 760 2655 senect.
789 2620 903 2654 Orell.
926 2620 963 2654 b.
986 2625 1024 2652 et

279 2675 359 2711 cod.
377 2675 526 2711 Mentel.
544 2694 593 2700 —
612 2676 656 2710 V.
674 2677 728 2712 19.
749 2676 915 2722 trepidus.
936 2675 1026 2711 Mss.

282 2731 346 2764 Fe.
376 2733 406 2775 1,
429 2744 464 2777 p.
485 2734 517 2774 2,
540 2733 564 2766 i.
586 2734 620 2776 6,
642 2733 677 2767 b.
699 2733 820 2767 Guelf.
836 2735 868 2767 2.
890 2730 1028 2780 [eadem

277 2787 438 2821 varietas
468 2801 525 2834 ap.
557 2789 621 2823 Fe.
652 2789 695 2824 ad
727 2791 805 2824 Sat.
836 2792 869 2833 1,
894 2789 929 2834 3,
957 2790 1028 2834 81.]

282 2862 329 2866 —
348 2844 474 2887 pluris.
511 2846 573 2878 Sic
591 2857 655 2880 ms.
676 2847 728 2881 Ik.
747 2849 780 2882 1.
803 2838 917 2881 orell.
938 2858 970 2881 c.
992 2850 1031 2881 et

282 2899 382 2944 Lips.
421 2901 453 2936 2.
483 2901 578 2936 Mon.
610 2904 635 2936 f.
662 2922 717 2928 —
744 2904 921 2939 amoverit.
959 2903 1027 2938 Με.

1060 1312 1196 1348 Bersm.
1236 1323 1296 1346 un.
1329 1317 1367 1348 et
1409 1313 1548 1349 Victor.
1591 1314 1806 1350 ammoverit.

1062 1369 1125 1404 Sic
1140 1381 1200 1404 ms.
1222 1369 1335 1404 Goth.
1351 1389 1400 1396 -—
1424 1382 1550 1406 annon.
1569 1369 1659 1405 Mas.
1679 1370 1806 1406 Comb.

1060 1426 1104 1461 B.
1124 1428 1172 1461 G.
1194 1427 1263 1463 Fe.
1285 1428 1316 1471 1,
1336 1426 1373 1465 Ιι.
1404 1427 1440 1471 (a
1460 1429 1493 1462 1.
1509 1429 1575 1471 m.)
1599 1428 1633 1471 2,
1654 1426 1689 1462 b.
1710 1428 1752 1473 (a
1769 1430 1807 1465 2.

1062 1487 1125 1528 m.)
1145 1484 1258 1518 Dorv.
1273 1494 1334 1518 un.
1355 1485 1459 1519 Gott-
1475 1485 1508 1519 1.
1529 1483 1611 1527 (sed
1625 1494 1806 1530 suprascr.

1062 1541 1184 1584 aures)
1203 1540 1324 1576 Guelf.
1346 1536 1381 1574 4.
1408 1540 1523 1587 ignee.
1557 1542 1629 1575 Gn.
1655 1542 1690 1576 1.
1720 1541 1809 1577 Cum

1060 1598 1122 1633 tibi
1131 1598 1186 1632 sol
1198 1598 1336 1643 tepidus
1347 1598 1461 1643 pluris
1475 1597 1668 1633 admoverit
1686 1609 1807 1634 ωσι.

1060 1655 1124 1688 Sic
1140 1666 1278 1689 versum
1292 1655 1437 1689 laudant
1452 1654 1623 1694 Priscian.
1637 1655 1673 1699 7,
1684 1655 1740 1699 17,
1749 1654 1809 1690 86.

1062 1711 1125 1747 Kr.
1146 1712 1200 1757 (p.
1215 1712 1296 1748 270.
1315 1711 1374 1746 ed.
1389 1713 1473 1747 Bas.
1499 1708 1621 1755 1554.)
1639 1716 1679 1746 et
1701 1711 1808 1746 Voss.

1062 1768 1173 1803 Arist.
1192 1768 1242 1802 11.
1262 1781 1298 1814 p.
1313 1768 1396 1804 639.
1414 1759 1519 1813 Vulg.
1537 1767 1749 1814 scripturam
1762 1767 1809 1803 ab

1062 1825 1174 1860 altera
1188 1825 1343 1861 lectione
1353 1837 1468 1861 annos
1481 1825 1643 1860 defendit
1652 1824 1741 1862 Fen.
1753 1843 1810 1851 —

1064 1883 1108 1917 V.
1130 1883 1187 1918 20.
1205 1887 1310 1927 patre
1324 1888 1463 1919 rnatum.
1482 1882 1573 1918 Mas.
1595 1882 1660 1917 Fe.
1675 1884 1708 1925 1,
1724 1893 1757 1918 e.
1772 1882 1812 1927 (ι

1067 1941 1098 1973 1.
1120 1939 1187 1982 ιιι.)
1205 1944 1232 1972 t.
1247 1939 1282 1981 9,
1299 1950 1333 1974 a.
1357 1958 1406 1964 —
1429 1939 1473 1973 V.
1495 1941 1553 1975 21.
1572 1939 1715 1986 pinnae.
1736 1939 1811 1974 Με.

1062 1995 1175 2030 Ριιίιιι.
1191 1991 1225 2028 4.
1250 1995 1315 2030 Fe.
1329 1997 1362 2039 2,
1379 2008 1411 2030 c.
1434 1995 1548 2031 Orell.
1563 2008 1597 2031 c.
1616 1995 1715 2031 Mon.
1732 1996 1772 2030 b.
1783 1994 1811 2031 f.

1060 2052 1214 2097 plumas.
1241 2051 1355 2087 Orell.
1382 2052 1418 2087 d.
1449 2072 1505 2079 —
1538 2052 1706 2098 loquar-3⁸.
1735 2051 1811 2086 Ms-

1062 2108 1150 2142 Bad.
1174 2109 1209 2142 1.

1120 2165 1166 2199 V.
1183 2165 1240 2200 22.
1273 2164 1321 2199 Ut
1340 2176 1426 2211 gen.
1441 2170 1565 2209 quant.
1582 2166 1714 2200 derum.
1741 2163 1812 2199 Ms.

1065 2221 1130 2255 Fe.
1151 2222 1185 2265 2,
1205 2220 1231 2254 i.
1254 2222 1374 2255 demas
1391 2221 1526 2267 generi.
1546 2221 1660 2255 Pulm-
1682 2221 1738 2257 11.
1756 2220 1812 2256 Ik.

1065 2280 1099 2313 6.
1119 2296 1173 2304 —
1202 2278 1245 2312 V.
1268 2277 1325 2314 23.
1346 2277 1410 2312 Me
1423 2277 1564 2324 premis.
1584 2276 1684 2312 Mon.
1706 2276 1731 2311 l.
1759 2295 1809 2302 —

1065 2335 1166 2369 bello.
1186 2334 1276 2369 Mss.
1297 2334 1411 2373 Pulm.
1430 2335 1464 2369 1.
1484 2335 1542 2375 11.
1561 2333 1697 2368 Oberl.
1711 2333 1755 2372 C.
1774 2334 1812 2380 (a

1069 2394 1102 2434 2.
1123 2391 1184 2436 m.)
1208 2390 1272 2425 Fe.
1295 2389 1329 2434 5,
1350 2390 1377 2424 f.
1407 2391 1506 2425 belle.
1531 2390 1576 2425 V.
1602 2391 1626 2425 l.
1646 2390 1684 2424 in
1701 2401 1813 2436 marg.

1067 2447 1156 2483 Min.
1181 2467 1235 2474 —-
1258 2448 1438 2491 domoque.
1470 2447 1525 2481 Ik.
1552 2446 1588 2482 5.
1612 2466 1670 2473 —
1695 2447 1741 2481 V.
1757 2447 1815 2484 26.

1068 2505 1268 2551 per-cantab.
1303 2504 1392 2538 Mss.
1414 2503 1548 2538 Bersm.
1572 2507 1671 2550 quat.
1696 2503 1812 2538 Orell.

1069 2563 1156 2596 bSc.
1177 2561 1280 2595 Dess.
1298 2560 1401 2606 Lips.
1417 2564 1454 2594 et
1468 2565 1508 2594 ut
1518 2559 1591 2597 vid.
1607 2561 1706 2596 Mon.
1722 2570 1814 2594 omn.

1071 2619 1182 2653 Goth.
1212 2618 1283 2652 Gu.
1308 2618 1342 2652 2.
1365 2617 1401 2651 3.
1429 2614 1466 2653 4.
1494 2616 1638 2652 Morell.
1665 2620 1704 2652 et
1731 2615 1814 2651 cod.

1073 2675 1221 2710 Mentel.
1241 2673 1534 2719 percontabitur.
1554 2674 1659 2709 Gott.
1678 2675 1711 2708 1.
1735 2684 1814 2719 per-

1074 2738 1169 2768 cunt.
1195 2730 1359 2765 Rudolst.
1386 2730 1682 2775 percantabitur.
1702 2727 1814 2764 Orell.

1075 2790 1110 2823 d.
1130 2790 1233 2824 Gott.
1250 2790 1285 2824 2.
1304 2788 1375 2822 Gu.
1391 2789 1424 2822 1.
1441 2791 1478 2822 et
1492 2791 1533 2821 ut
1545 2786 1689 2821 videtur
1700 2785 1813 2819 Dorv.

1077 2848 1109 2882 1.
1131 2847 1165 2880 2.
1188 2843 1334 2879 Corbei.
1362 2843 1442 2880 Vid.
1469 2854 1575 2889 supra
1596 2843 1652 2884 18,
1671 2840 1727 2875 69.
1753 2840 1813 2874 96.

1076 2923 1129 2929 —
1144 2914 1275 2937 aevom.
1292 2902 1361 2936 Ed.
1378 2899 1595 2945 Cuning.--
1616 2897 1661 2931 V·
1678 2896 1735 2932 27.
1750 2895 1815 2931 Me
