2034 3224
347 232 402 274 86
489 233 862 274 COMMENTARII
891 234 948 273 IN
974 233 1201 274 HORATII
1227 233 1329 274 LIB.
1358 234 1390 274 1.
1413 233 1598 275 EPIST.
1619 234 1739 275 ΠΕΟ.
1837 236 1894 277 86

351 360 468 398 Tusc.
493 361 545 410 3,
577 361 655 410 15,
685 361 752 401 33.
781 359 881 398 Max.
911 358 1006 410 Tyr.
1037 358 1087 410 4,
1129 360 1168 401 3.
1201 366 1240 400 et
1265 373 1362 414 quos
1392 361 1498 400 locos
1526 361 1657 401 laudat
1686 361 1896 399 Buman-

352 443 428 466 nus
457 429 507 466 ad
537 428 618 467 Val.
645 429 702 466 Fl.
735 429 754 467 1
772 455 784 476 ,
810 424 904 468 344.

463 497 506 534 V.
532 495 597 537 49.
630 496 696 536 50.
726 496 846 532 Haeo
874 494 949 533 tibi
973 519 1027 525 —
1054 497 1196 539 laetus.
1254 497 1408 548 „Votre
1445 499 1543 549 ami,
1596 499 1686 538 cher
1721 498 1899 548 Aristius,

356 566 502 616 l'esprit
520 566 670 615 joyeux,
696 563 732 600 le
761 576 876 602 coeur
901 568 1069 616 content,
1099 570 1139 604 et
1160 565 1297 616 auquel
1323 565 1350 604 il
1376 580 1425 605 ue
1443 559 1605 617 marique
1638 580 1712 618 que
1739 567 1776 606 le
1803 567 1901 606 bon-

353 635 446 672 heur
475 634 523 670 de
550 643 642 669 vous
671 632 777 669 avoir
803 633 893 683 pres
917 633 966 670 de
992 633 1058 683 lui,
1087 645 1111 671 a
1137 633 1241 671 dicte
1265 638 1365 673 cette
1393 634 1516 686 epitre
1542 635 1711 673 den-iere
1740 635 1776 674 le
1805 640 1901 676 tem·

353 702 416 753 ple
445 703 493 739 de
522 699 718 737 Vacune.“
776 699 840 737 Sic
872 700 969 739 bene
995 701 1184 753 expressit
1210 701 1359 741 Poetae
1392 703 1618 741 sententiam
1655 702 1904 741 Vale-henae—

355 771 449 807 rias.
505 767 555 806 Hi
594 780 725 804 versus
765 771 893 806 autem
931 769 981 807 ob
1012 782 1095 808 eam
1122 782 1274 809 causam
1301 770 1420 809 additi
1444 770 1643 822 videntur,
1690 775 1734 809 ut
1760 774 1902 821 quanto

354 839 437 888 ipse
475 836 555 874 otio
594 836 785 873 frueretur
822 835 997 887 (Vacuna
1035 839 1133 876 enim
1168 851 1307 876 nomen
1337 842 1378 877 et
1405 850 1517 878 omen
1539 837 1674 891 habet)
1711 843 1752 877 et
1789 850 1904 889 quam

354 905 471 942 libere
498 904 537 942 in
565 917 726 942 amoeno
751 917 839 942 rure
865 909 1091 955 vagaretur,
1143 905 1283 945 Aristio
1313 906 1385 943 sub
1413 905 1546 945 oculos
1569 907 1741 945 caderet.
1797 907 1903 952 Qua-

354 975 514 1024 propter
542 984 652 1009 nemo
682 972 833 1009 Beck-io
862 974 1107 1024 assentietur,
1133 975 1199 1025 qui
1224 975 1272 1012 de
1301 973 1361 1011 his
1389 987 1448 1012 vv.
1473 975 1498 1014 l.
1519 975 1543 1013 l.
1570 973 1711 1013 haecce
1732 974 1905 1028 scripsit:

356 1040 515 1091 „Ultimi
549 1053 682 1078 versus
718 1041 818 1078 adeo
857 1053 881 1078 a
917 1043 1083 1080 numeris
1112 1042 1330 1080 Horatianis
1358 1044 1544 1082 recedunt
1577 1047 1618 1081 et
1643 1041 1775 1080 insulsi
1803 1046 1906 1093 sumt,

355 1112 400 1146 ut
428 1108 490 1145 vix
520 1108 568 1146 ab
596 1109 692 1157 alio,
723 1120 836 1159 quam
863 1108 911 1146 ab
939 1109 1090 1148 homine
1116 1110 1312 1161 profectos
1336 1113 1492 1161 putem,
1533 1109 1622 1160 qui,
1664 1109 1769 1161 quod
1793 1107 1906 1161 vulgo

356 1176 476 1213 literis
503 1176 653 1213 additur
675 1175 749 1214 loci
774 1188 928 1227 nomen,
957 1177 1022 1216 ubi
1051 1179 1216 1228 scriptae
1238 1182 1342 1228 sunt,
1371 1191 1443 1216 nec
1465 1177 1527 1216 hic
1553 1177 1647 1215 illud
1671 1178 1812 1216 deesse
1837 1188 1906 1216 vo-

356 1243 471 1282 luit.“
529 1243 709 1281 Ceterum
738 1242 897 1281 similem
926 1244 1131 1284 clausulam
1149 1246 1288 1296 adjecit
1310 1245 1390 1283 Cic.
1405 1246 1456 1283 ad
1470 1245 1544 1291 Qu.
1560 1244 1626 1283 Fr.
1642 1246 1684 1294 2,
1714 1242 1786 1286 14:
1817 1245 1909 1296 Ego

359 1324 422 1348 me
444 1312 488 1347 in
515 1311 696 1348 Cumano
725 1318 762 1348 et
788 1312 1036 1362 Pompejano
1049 1342 1064 1360 ,
1095 1320 1380 1366 praeterquam
1410 1312 1522 1365 quod
1545 1314 1633 1351 sim
1657 1318 1712 1358 te,
1737 1319 1909 1350 σείσω»

358 1379 560 1417 commode
587 1377 852 1420 oblectabam.
909 1378 1090 1420 Laudant
1117 1386 1157 1420 et
1180 1381 1348 1434 Alciphr.
1372 1383 1411 1432 1,
1436 1381 1504 1422 39.
1560 1375 1660 1421 Otov
1685 1377 1803 1432 ἤμὸν
1829 1377 1910 1433 lyfi-

361 1461 450 1488 νετο
481 1445 527 1488 vo*
553 1444 781 1500 συμπόσιον
818 1469 876 1478 —
910 1470 966 1478 -·
1003 1446 1113 1491 ὅσων
1139 1450 1312 1504 χαρίτων
1346 1448 1524 1502 πλῆρες]
1565 1448 1616 1489 ’ἓν
1649 1443 1779 1500 μόνον
1811 1444 1912 1499 ἡμῖν

361 1515 493 1565 ἔλιπε,
541 1511 613 1556 σύ·
662 1513 711 1556 τοὶ
740 1511 774 1556 δ’
802 1510 902 1556 ἄλλα
932 1513 996 1557 οὔ.
1051 1517 1114 1556 De
1146 1518 1446 1570 breviloquentia
1474 1515 1549 1554 tibi
1574 1513 1779 1554 dictabam
1805 1514 1914 1554 dixe-

362 1590 451 1623 runt
484 1584 746 1622 Schiraclzius
774 1584 829 1636 (p.
847 1585 945 1637 100)
973 1590 1013 1624 et
1045 1586 1223 1625 Orellius
1250 1588 1300 1626 ad
1326 1587 1364 1625 h.
1378 1585 1404 1625 l.
1431 1607 1481 1615 —-
1506 1591 1603 1637 post
1621 1584 1773 1636 fatuam
1792 1589 1915 1634 putre

369 1653 562 1692 Vacunae
572 1683 584 1702 ,
635 1657 678 1691 ut
701 1654 836 1704 putris
864 1667 961 1691 casa
988 1667 1049 1706 ap.
1077 1654 1191 1707 Prop.
1221 1653 1271 1706 4,
1318 1653 1369 1706 9,
1417 1654 1472 1696 28
1507 1651 1576 1706 (ib.
1604 1650 1764 1703 Bm).
1806 1650 1916 1690 ¹Emi:

363 1725 489 1760 autem
509 1722 661 1772 fanum
693 1723 886 1760 Vacunae
898 1750 913 1768 ,
954 1723 987 1764 si
1014 1723 1272 1775 inscriptioni,
1307 1735 1405 1773 quae
1431 1720 1533 1759 illam
1560 1719 1695 1772 aedem
1721 1720 1913 1763 vetustate

365 1789 562 1840 delapsam
590 1803 613 1827 a
641 1790 878 1841 Vespasiano
905 1792 1120 1830 restitutam
1145 1794 1308 1830 testatur
1321 1817 1334 1840 ‚
1362 1789 1460 1829 fides
1487 1787 1664 1827 habenda
1691 1792 1766 1840 est,
1793 1800 1917 1840 prope

365 1858 487 1896 vicum
522 1859 804 1908 Roccagiovine
843 1858 987 1910 (Rocca
1024 1858 1196 1897 Giovane
1233 1871 1295 1909 ap.
1337 1855 1566 1907 Westplzal.
1593 1869 1633 1908 p.
1663 1856 1764 1908 115)
1791 1855 1918 1894 media

365 1926 440 1981 via,
470 1939 545 1977 qua
569 1938 591 1963 a
618 1926 707 1963 villa
732 1926 873 1964 Sabina
895 1927 934 1963 in
951 1925 1182 1966 Lucretilem
1209 1925 1430 1965 ascenditur
1453 1923 1501 1962 ab
1530 1929 1651 1976 eaque
1674 1923 1757 1962 fere
1782 1923 1917 1963 minin-

367 1995 478 2043 rium,
507 2007 587 2044 „un
611 1995 757 2044 mille,“
786 1998 830 2031 ut
858 1994 910 2031 ait
930 1994 1232 2044 Capmartinius
1258 1994 1307 2032 de
1331 1992 1500 2044 Chaupy
1519 1991 1584 2031 111.
1610 2005 1650 2043 p.
1667 1992 1917 2034 169—197.

369 2062 482 2100 Conf.
507 2062 675 2100 Sickleri
698 2062 944 2113 „Erklarung
962 2062 1031 2099 der
1056 2062 1113 2103 30
1137 2062 1265 2100 Bilder
1289 2076 1338 2101 zu
1355 2059 1554 2100 Horaz'ens
1580 2059 1780 2100 Werken“
1809 2071 1848 2110 p.
1861 2056 1918 2101 25
1952 2088 1961 2098 .

370 2144 428 2181 sq.
458 2134 497 2168 et
522 2130 692 2181 ejusdem
722 2129 904 2181 ‚,Handb.
935 2129 1003 2168 der
1031 2130 1095 2169 alt.
1126 2130 1399 2182 Geographie“
1426 2129 1455 2167 I.
1485 2142 1524 2180 p.
1546 2129 1658 2179 377„
1689 2124 1919 2177 Wessphal·

370 2199 394 2236 Ι.
424 2198 472 2249 1.,
519 2198 636 2236 Lord
661 2197 836 2250 Byron's
863 2197 1102 2248 ,‚Poesieen.
1130 2200 1195 2239 12.
1222 2198 1392 2237 Bandch.
1440 2197 1674 2236 Uebersetzt
1700 2207 1778 2233 von
1806 2193 1850 2232 J..
1870 2191 1918 2232 L.

373 2267 611 2305 Witthaus.“
639 2267 781 2306 Zwick.
814 2266 935 2307 1822.
963 2278 1001 2316 p.
1034 2262 1153 2314 147.‚
1193 2267 1301 2303 Mis-⁸
1335 2265 1520 2304 Graham
1547 2265 1588 2302 in
1616 2259 1811 2314 „Hirzel's
1839 2259 1920 2299 An-

373 2335 522 2373 sichten
545 2349 620 2374 von
647 2334 825 2373 Italien.“
849 2332 946 2384 Lpz.
978 2333 1100 2374 1823.
1132 2332 1161 2370 I.
1190 2347 1228 2384 p.
1255 2334 1310 2374 86
1339 2346 1398 2384 sq.
1426 2336 1488 2382 et,
1516 2343 1631 2382 quem
1657 2327 1787 2367 laudat
1813 2327 1920 2367 wal-

374 2404 551 2442 ckenaer.
586 2403 632 2442 II.
665 2417 702 2456 p.
732 2404 848 2452 297.,
905 2403 1114 2439 Toumon:
1161 2401 1308 2439 Etudes
1347 2400 1583 2450 statistiques
1621 2410 1685 2436 sur
1715 2397 1851 2436 Rome.
1890 2396 1918 2435 Ι.

374 2484 411 2521 p.
445 2473 524 2512 169
539 2470 593 2524 *).
650 2472 851 2523 Inscriptio
879 2471 944 2509 illa
969 2470 1107 2520 legitur
1132 2473 1284 2520 praeter
1312 2468 1429 2517 alios,
1459 2478 1555 2518 quos
1584 2465 1713 2504 laudat
1735 2465 1832 2516 Fea,
1859 2477 1919 2516 ap.

375 2543 499 2587 ipsum
526 2539 937 2592 Feam,Bra1mh·,
992 2537 1112 2580 Orell,
1143 2537 1194 2574 ad
1225 2536 1262 2575 h.
1286 2536 1310 2574 l.
1341 2539 1380 2574 et
1416 2535 1456 2573 in
1492 2534 1614 2584 ejusd.
1653 2533 1771 2572 Inscr.
1798 2525 1919 2574 1868.

376 2604 437 2642 De
473 2607 655 2659 Vacana,
683 2623 797 2660 quam
826 2608 1058 2647 Scholiastae
1087 2604 1316 2643 Sabinorum
1340 2604 1451 2641 deam
1479 2603 1610 2641 dicunt
1637 2607 1677 2641 et
1697 2601 1799 2640 Acro
1824 2594 1920 2639 Vtr-

379 2675 482 2711 ronis
511 2678 726 2715 testimonio
751 2678 894 2715 innisus
924 2676 1050 2728 (Varr.
1080 2674 1140 2711 ed.
1163 2673 1247 2723 Bip.
1278 2671 1306 2710 Ι.
1336 2686 1375 2723 p.
1405 2670 1506 2723 255)
1541 2670 1691 2709 illorum
1717 2667 1921 2714 V‘mmm

379 2741 498 2778 fuisse
532 2744 647 2793 dicit,
687 2746 879 2797 disputare
907 2745 966 2783 hic
994 2755 1072 2781 non
1100 2741 1246 2780 attinet.
1305 2739 1380 2786 Qui
1404 2739 1548 2792 plura
1539 2752 1579 2777 m
1605 2750 1648 2776 re
1673 2741 1754 2776 tam
1778 2735 1922 2774 incerta

496 2889 868 2934 *)D11ntzer.1audat
892 2894 1042 2930 Mamer.
1062 2893 1278 2938 Campagna.
1298 2891 1328 2926 1.
1349 2903 1386 2937 p.
1401 2891 1471 2927 289
1487 2899 1565 2935 sq„
1599 2885 1776 2921 Guattam·
1798 2895 1920 2923 monu-

384 2947 491 2981 menti
508 2948 634 2982 Sabini
650 2948 715 2983 111.
733 2950 843 2995 p.13.
861 2952 904 2985 16
920 2963 975 2996 sq.
1001 2954 1040 2985 et
1053 2951 1099 2986 de
1113 2950 1182 2986 dea
1193 2949 1341 2984 vacuus
1354 2948 1522 2984 mmm·
1537 2955 1575 2991 Ρ·
1588 2942 1658 2979 663
1674 2954 1730 2989 sq·
