1910 3138
473 936 1240 1031 HonATll

288 1121 547 1167 LIBRI
606 1122 645 1167 1.

713 1119 1195 1167 EPIS'I'OLA
1257 1119 1388 1165 XIX.

563 1281 657 1316 ,ΑΒ
693 1278 1125 1315 ΜΑΕΟΕΝΔΤΕΜ.

159 1554 339 1625 Prisco
365 1582 402 1624 si
427 1581 591 1642 credis,
625 1581 860 1627 Maecenas
890 1581 1042 1642 docte,
1076 1579 1253 1627 Cratino

158 1654 294 1703 Nulla
318 1660 493 1719 placere
523 1660 595 1705 diu
622 1675 703 1707 nec
730 1666 878 1706 vivere
907 1662 1096 1706 carmina
1120 1662 1317 1720 possunt,

160 1737 287 1794 Quae
320 1739 558 1784 sel-Ibuntm·
591 1754 732 1800 aquae
763 1741 999 1801 potoribus.
1045 1738 1105 1784 Ut
1133 1741 1247 1784 male
1272 1751 1401 1783 sanos

157 1817 367 1879 Ascripsit
392 1818 524 1864 Liber
551 1818 726 1879 Satyris
750 1821 997 1879 Faunisque
1025 1822 1196 1880 poetas,

144 1977 202 2010 Aa
229 1975 462 2012 Mecenatem.
491 1977 580 2013 Mss.
602 1977 703 2024 Lips.
732 1979 766 2014 2.
792 1978 829 2015 3.

91 2032 188 2066 Mon.
204 2031 230 2066 f.
244 2032 408 2070 Rudolst,
432 2034 489 2067 Aa
501 2033 756 2079 Maecenatem,
775 2036 831 2069 Aa

90 2088 342 2133 mecaenatem,
355 2091 411 2124 Aa
423 2089 676 2126 Maecenatem.
694 2092 831 2126 Solem-

90 2144 146 2179 nis
159 2146 312 2180 variatio
329 2146 410 2180 edd.
435 2147 491 2179 Aa
509 2146 548 2181 C.
563 2147 711 2182 Gauium
722 2148 830 2183 Mae-

90 2207 257 2237 cenantem.
300 2202 394 2238 Edd.
423 2202 546 2237 Lamb.
575 2204 685 2249 Cruq.
715 2205 830 2239 chab.

91 2257 158 2294 Fe.
176 2259 223 2293 el.
254 2260 296 2303 Q.
315 2259 443 2292 Horat.
462 2259 613 2295 Flaccus
637 2260 835 2295 Meo-uenata·

91 2314 131 2348 S.
165 2314 260 2349 Edd.
281 2315 371 2349 Ven.
390 2312 472 2350 477.
495 2316 554 2350 79.
574 2317 633 2351 81.
670 2319 738 2361 Qu.
756 2317 832 2350 Ho-

90 2370 202 2405 ratius
222 2372 278 2405 Fl.
300 2373 347 2405 ud
362 2370 615 2406 Memenatem.
634 2372 830 2407 Britannic.

91 2424 172 2461 520.
191 2445 244 2451 —
263 2427 308 2461 V.
328 2429 361 2462 1.
381 2427 411 2460 a·
422 2428 556 2464 credas.
582 2428 702 2463 Schol.
720 2429 828 2473 Cruq.

91 2486 129 2515 et
156 2493 220 2516 ms.
250 2483 368 2516 Guelf.
391 2484 425 2517 2.
448 2502 496 2508 ——-
517 2483 728 2528 Maecenas,
748 2483 832 2518 Me-

91 2548 185 2579 cen.‚
207 2536 288 2570 Vid.
308 2539 351 2572 ad
372 2539 405 2581 1,
423 2538 459 2573 3.
478 2557 534 2565 -—
562 2541 678 2574 Prisco
696 2541 743 2574 sic
760 2551 832 2573 ere-

94 2594 144 2627 dis
159 2598 228 2627 etc.
250 2593 321 2627 Ed.
336 2593 550 2629 Praedicov.
570 2615 617 2621 —-
640 2597 686 2631 V.
703 2598 736 2631 2.
753 2597 832 2640 pla-

92 2661 187 2691 cere,
215 2648 273 2683 diu
297 2660 362 2683 nec
379 2650 446 2683 viv.
479 2650 541 2683 Sic
567 2651 738 2697 distingui
762 2662 832 2684 ma-

93 2705 169 2739 vult
189 2704 334 2739 Fabric.
349 2723 406 2730 —-
423 2705 467 2739 V.
482 2705 518 2740 3.
538 2707 740 2742 scribentur.
759 2707 831 2741 Ms.

94 2762 159 2797 Or.
178 2762 214 2796 d.
239 2763 435 2807 (suprascr.
454 2760 511 2804 u).
537 2781 585 2787 —-
615 2775 734 2796 sanus.
760 2762 831 2797 Με.

91 2818 148 2852 lk.
166 2820 201 2853 6.
224 2837 270 2844 —
293 2819 338 2852 V.
353 2815 389 2852 4.
410 2817 578 2852 Adscribit
597 2819 723 2861 (aser.)
741 2819 831 2852 Mss-

92 2873 214 2910 hamb.
235 2875 331 2920 vulg.
351 2873 462 2909 Pulm.
479 2875 511 2909 2.
531 2874 566 2909 3.
589 2876 644 2909 10.
664 2874 729 2908 Fe.
747 2877 780 2919 1,
795 2876 831 2909 b.

876 1990 911 2024 q.
934 1982 964 2014 t.
984 1978 1105 2013 Berol.
1125 1979 1159 2011 1.
1187 1977 1222 2020 (ε
1240 1986 1416 2020 suprascr.
1445 1985 1466 2007 a
1491 1975 1523 2008 2.
1553 1974 1616 2016 m.)

875 2035 974 2069 Mon.
994 2035 1021 2069 f.
1050 2034 1144 2068 Edd.
1175 2031 1253 2067 Ald.
1276 2031 1356 2066 501.
1376 2031 1410 2065 9.
1433 2031 1489 2064 19.
1518 2030 1615 2064 Junt.

876 2089 958 2126 514.
976 2092 1032 2126 19.
1052 2091 1244 2135 Argentor.
1264 2087 1346 2122 515.
1366 2088 1448 2120 Bas.
1461 2084 1542 2121 527.
1558 2086 1617 2120 31.

876 2149 920 2182 R.
939 2148 1065 2192 Steph
1085 2143 1166 2180 544.
1191 2146 1302 2179 Fabr.
1317 2141 1398 2178 555.
1428 2142 1518 2177 Min.
1534 2139 1615 2177 584.

876 2203 1041 2249 Ascripsit
1071 2207 1112 2236 ut
1144 2203 1247 2235 Gott.
1278 2201 1313 2235 2.
1346 2198 1542 2244 Asson-ipsit,
1575 2204 1615 2232 ut

876 2260 978 2294 Gott.
999 2261 1032 2293 1.
1060 2258 1161 2293 multi
1180 2268 1261 2291 mss.
1282 2259 1320 2289 et
1337 2260 1449 2289 nostr.
1471 2260 1509 2288 et
1526 2254 1615 2289 alio-

875 2326 968 2358 rum,
999 2314 1052 2348 sic
1075 2319 1114 2348 et
1140 2314 1198 2347 ed.
1226 2313 1336 2346 Fabr.
1353 2311 1435 2346 578.
1464 2315 1502 2344 et
1528 2312 1612 2346 Bas.

874 2370 956 2405 580.
989 2390 1038 2396 —
1061 2370 1219 2404 Bacchus
1242 2368 1314 2403 Ms.
1335 2367 1390 2402 Ik.
1410 2369 1444 2402 6.
1463 2386 1520 2394 —
1547 2368 1616 2403 Sa·

874 2426 960 2462 tiri-⁹.
997 2425 1088 2461 Mss.
1122 2426 1225 2470 Lips.
1261 2425 1294 2458 1.
1335 2425 1368 2459 2.
1397 2423 1434 2458 3.
1474 2425 1522 2458 al.
1561 2443 1617 2450 —

874 2484 1080 2525 Faunoque.
1091 2482 1193 2526 Lips.
1202 2481 1237 2514 3.
1247 2500 1285 2504 -
1294 2485 1429 2525 poetas.
1446 2480 1539 2515 Vina
1545 2485 1615 2516 etc.

876 2538 938 2572 Sic
952 2538 1096 2582 disting.
1111 2537 1190 2571 edd.
1204 2537 1315 2570 Pulm.
1329 2537 1414 2574 Bas.
1427 2535 1509 2572 580.
1525 2536 1614 2572 Min.

876 2594 984 2628 Torr-
1002 2594 1120 2627 Bentl.
1147 2593 1227 2638 (qui
1246 2593 1339 2635 def.)
1369 2593 1510 2628 Wakef.
1540 2593 1615 2629 Βι-

877 2650 969 2684 berf.
1001 2648 1076 2694 (qui
1103 2649 1195 2693 def.)
1236 2648 1282 2683 al.
1318 2649 1423 2683 Hane
1459 2650 1615 2696 Bentleii

878 2705 1139 2741 distinctionem
1175 2708 1215 2738 et
1246 2704 1441 2751 particulae
1476 2713 1519 2743 ut
1546 2719 1614 2754 pro

878 2762 1092 2807 ‚‚tauquam⁴⁴
1101 2761 1368 2807 explicationem
1376 2767 1522 2809 praeter
1526 2763 1616 2799 alios

878 2820 911 2853 J.
934 2830 1074 2865 quoque
1092 2818 1253 2853 clericus
1281 2820 1478 2866 improbat,
1512 2832 1615 2867 qnnm

879 2881 963 2921 post
986 2880 1108 2921 poetas
1138 2879 1307 2911 commate
1333 2876 1616 2923 distinguendum
