1910 3138
65 166 146 208 139

506 161 648 202 LIBRI
679 161 708 202 Ι.
765 159 1027 200 EPISTOLA
1056 161 1157 199 xlx.

1515 156 1600 200 487

127 279 229 325 Nou
265 291 379 340 ogo,
407 276 610 322 nobilium
642 277 897 336 scriptorum
931 275 1102 320 auditor
1134 277 1180 319 et
1212 275 1344 334 ultor,

130 357 447 404 Grammaticas
483 356 645 401 ambire
678 355 813 408 tribus
842 358 889 399 et
917 356 1086 414 pulpita
1120 354 1301 415 dignor:

708 432 909 494 „Spissis
931 433 1119 495 ¹indigua.
1150 433 1333 478 theatris

135 438 248 483 Hinc
279 437 382 481 illae
414 436 637 481 lacrimae·

1542 355 1597 397 40

129 514 306 576 Scripta
333 514 468 574 pudet
495 515 678 559 recitare
708 516 752 557 et
782 514 911 573 nugis
946 512 1108 557 addere
1141 509 1362 572 pondu8,“

126 588 187 642 'Si
219 589 329 640 dixi:
362 591 614 654 „Ridesf‘
652 593 736 651 ait,
772 594 860 651 „et
892 591 1018 636 Jovis
1052 592 1226 636 auribus
1260 593 1345 636 ista

134 673 360 736 „Sel-vas:
394 672 488 717 fidis
522 674 656 732 enlm,
692 683 869 716 manare
897 672 1067 730 poetica
1100 672 1232 716 mella

135 754 207 800 'l'e
241 754 405 812 solum,
440 753 515 796 tibi
546 748 779 811 pulcher-‘⁶
845 749 918 794 Ad
949 750 1060 795 haec
1091 764 1178 811 ego
1207 749 1378 795 nal-Ibus
1412 749 1473 792 uti

134 832 339 877 Formido
377 835 446 892 et,
486 831 687 876 luctantis
722 833 850 875 acuto
886 843 943 874 ne
976 843 1102 875 secer
1135 831 1289 891 ungui,

64 990 120 1025 sie.
147 989 211 1024 sie
229 988 348 1024 Ber-1.
369 991 401 1024 1.
420 989 523 1024 Sant.
543 989 646 1023 Dess.
666 990 698 1023 1.
719 991 753 1025 2.
774 989 811 1024 3.

65 1046 209 1082 Mon-dl.
235 1046 298 1081 Sic
315 1057 352 1079 v.
366 1045 426 1080 33.
444 1046 625 1080 humor.
647 1046 753 1080 Desa.
775 1048 810 1081 1.

66 1106 102 1139 2.
123 1102 267 1138 Morou.
279 1122 330 1130 —
348 1115 392 1137 ac
405 1103 480 1137 trit.
500 1102 597 1137 Edd.
615 1102 707 1137 eun.
725 1103 812 1137 Su.

65 1161 183 1197 Merv,
201 1159 329 1194 Franc.
350 1159 457 1194 nuk.
477 1157 575 1193 Sivr.
589 1159 740 1205 Dorigh.
758 1179 807 1186 -—

65 1227 251 1252 mmm.
269 1215 359 1250 eod.
373 1215 523 1250 Mente!-

123 1273 168 1308 V.
182 1272 242 1308 39.
258 1274 453 1308 mna.
467 1273 539 1307 Με.
556 1271 608 1307 lk.
625 1273 660 1308 6.
676 1291 732 1298 —
747 1284 812 1307 aa·

66 1329 159 1364 ἄκν-
187 1334 223 1364 et
250 1331 358 1364 uuor.
408 1329 499 1364 Mss.
536 1334 574 1363 et
600 1328 682 1363 edd.
714 1328 812 1373 vulg.

66 1386 226 1430 audam,
258 1391 296 1421 ct
322 1387 430 1422 unu-o.
476 1385 571 1420 Edd.
610 1386 700 1420 Ven-
727 1383 812 1420 479.

66 1442 171 1487 Lipa.
189 1438 273 1478 492.
291 1441 374 1476 Asc.
388 1442 457 1477 519
476 1442 696 1487 (explicanst
716 1454 813 1485 „am-

66 1497 195 1532 biendo
225 1498 413 1544 procat-W)
436 1498 537 1532 Glar.
559 1499 687 1533 Irenic.
715 1498 815 1533 audi·

66 1561 125 1590 tm·
139 1559 175 1589 et
190 1560 301 1589 actor.
321 1554 392 1588 Ms.
415 1567 474 1600 ap.
496 1555 580 1590 Gul.
601 1556 748 1590 Canter.
763 1555 813 1590 N.

66 1611 112 1647 L.
127 1607 164 1654 4,
179 1612 237 1645 12.
252 1612 342 1655 (non
357 1623 416 1656 ap.
433 1612 575 1653 Lamb.;
590 1618 630 1645 ut
644 1613 696 1646 uit
705 1612 812 1655 Fen),

68 1666 270 1712 inprobant
282 1667 405 1702 Lamb.
422 1667 561 1702 Mas-cil.
576 1668 660 1714 Xyl.
671 1668 813 1703 Fabric-

69 1723 191 1758 Bentl.
217 1723 359 1759 aditor
382 1729 416 1758 et
437 1726 543 1759 altor.
571 1725 633 1759 sic
661 1725 815 1771 conjecit

71 1780 176 1814 Voss.
188 1780 268 1825 jum.
288 1780 335 1814 ad
349 1780 441 1815 Veu.
456 1781 600 1816 Paterc-
618 1784 650 1826 1,
669 1782 726 1817 13.
747 1782 815 1826 (Π.

70 1848 106 1882 p.
116 1834 188 1872 624
205 1836 263 1871 ed.
278 1836 436 1882 Ruhnk.)
456 1844 494 1872 et
512 1837 564 1872 sic
579 1839 692 1873 invito
707 1844 815 1884 typo-

71 1893 174 1927 theta
188 1892 261 1938 legi
279 1894 414 1928 mavult
436 1894 604 1930 Valartus
631 1895 725 1940 (vid.
746 1895 815 1929 Er-

72 1949 188 1992 rata.)
218 1950 373 1995 itemque
403 1951 576 1986 Faehsius
608 1951 644 1986 in
676 1951 814 1997 Syllog.

72 2005 197 2043 Lecct.
230 2007 363 2041 Graec.
395 2007 496 2053 Lips.
527 2009 628 2044 1813.
663 2021 700 2054 p.
732 2005 814 2044 456.

73 2069 201 2096 contra
240 2063 426 2108 disputant
466 2065 584 2098 Bentl.
621 2066 815 2099 Weichert.

74 2117 211 2162 (Lectt.
231 2119 320 2154 Ven.
340 2131 377 2164 p.
400 2119 499 2163 99.)‚
529 2121 601 2155 alii.
623 2123 765 2165 adjutor
784 2127 818 2156 et

68 2176 178 2211 ultor.
219 2175 309 2210 Mss.
341 2176 451 2220 Cruq.
472 2177 554 2212 duo.
583 2178 718 2214 Bersm.
745 2179 814 2212 duo

74 2233 187 2266 Gesn.
204 2231 241 2266 3.
260 2232 326 2266 Fe.
342 2234 375 2276 1,
390 2231 424 2267 5.
446 2234 480 2275 2,
498 2234 533 2267 b.
556 2233 594 2277 (a
614 2236 647 2272 1.
668 2234 731 2277 m.)
746 2235 780 2276 6,
797 2246 818 2267 a

74 2288 115 2331 (a
134 2289 167 2323 2.
189 2288 264 2331 ιιι).
293 2289 328 2331 9,
357 2301 391 2323 a.
424 2289 529 2324 Dess.
558 2292 591 2328 1.
621 2297 815 2336 (suprascr.

72 2343 321 2388 „laudator.“)
332 2345 415 2379 utin
427 2356 484 2380 un.
498 2357 554 2391 ap.
566 2346 693 2391 Cruq.)
705 2348 816 2380 Dorv.

73 2401 107 2434 2.
127 2406 166 2434 et
183 2400 330 2434 corbei.
354 2400 474 2446 [Lips.
498 2404 528 2436 1.
549 2403 659 2437 habet
678 2403 817 2436 auditor

71 2468 93 2490 a
112 2458 145 2490 2.
164 2456 223 2499 m.]
252 2457 354 2491 Couf.
376 2458 568 2492 Weichert.
597 2459 621 2492 l.
652 2458 675 2491 l.
700 2460 814 2492 Porro

71 2511 171 2545 varie
194 2511 415 2556 distinguunt
438 2520 496 2547 ut:
525 2515 607 2550 Non
636 2534 682 2539 —
707 2515 814 2555 ultor,

74 2569 235 2602 Gramm.
254 2568 311 2601 lta
330 2569 413 2603 edd.
437 2569 545 2604 Tor-r.
572 2570 672 2604 Baxt.
692 2569 812 2603 Bentl.

73 2626 185 2658 Gesn.
222 2623 371 2658 Haberf.
406 2625 518 2659 Zenn.
554 2627 619 2659 Fe.
655 2625 815 2659 Hoched.

73 2680 154 2715 Non
173 2691 263 2725 ego,
298 2681 411 2723 ultor,
446 2683 605 2715 Gramm.
651 2682 707 2715 lta
729 2681 811 2714 edd.

71 2737 195 2770 Lamb.
211 2736 340 2782 Despr.
355 2737 436 2770 Jon.
452 2737 572 2771 Wetz.
587 2737 698 2772 Doer.
708 2737 811 2771 Jahn.

73 2793 163 2827 Zeu.
197 2791 314 2828 Schm.
350 2792 462 2827 Orell.
497 2792 543 2831 al.
573 2792 677 2826 Cous.
710 2791 811 2826 Wei-

72 2847 173 2883 chert
192 2849 216 2883 Ι.
239 2849 263 2888 Ι.

1539 747 1598 791 45

912 990 955 1023 V.
971 985 1030 1023 40.
1053 988 1324 1025 Grammaticus.
1348 989 1544 1033 (suprascr.
1560 987 1603 1030 a)

855 1046 927 1081 Ms.
950 1046 1052 1080 Mon.
1079 1056 1115 1089 g.
1145 1063 1201 1070 —
1232 1045 1273 1080 V.
1294 1042 1354 1080 42.
1385 1045 1491 1079 nudie
1516 1045 1602 1078 add.

856 1103 928 1138 us.
943 1103 1081 1137 Bersm.
1101 1112 1159 1136 ιιι.
1180 1107 1219 1135 et
1236 1102 1341 1139 Dess.
1361 1101 1396 1140 3,
1416 1121 1464 1126 —
1484 1101 1527 1135 V.
1541 1097 1602 1135 43.

856 1159 943 1194 Dim·
953 1159 984 1194 εἰ
995 1159 1098 1193 rides.
1117 1158 1213 1194 Mon.
1227 1171 1260 1193 c.
1279 1176 1328 1184 —
1351 1158 1466 1192 rides?
1485 1158 1551 1192 Fe.
1569 1158 1603 1199 2,

857 1217 894 1250 d.
909 1236 966 1242 —
981 1215 1141 1258 aun-ibus,
1156 1215 1283 1258 instat,
1306 1216 1405 1249 Serv.
1425 1214 1495 1248 Ms-
1512 1214 1603 1248 Bad.

857 1273 891 1308 3.
911 1270 988 1318 (qui
1008 1272 1165 1317 explicat
1184 1284 1220 1316 p.
1238 1271 1374 1315 XXII.)
1397 1290 1455 1296 —-
1478 1271 1522 1304 V.
1540 1267 1602 1304 44.

857 1341 1013 1364 manere.
1045 1328 1138 1362 Edd.
1171 1328 1269 1374 Lips.
1298 1325 1380 1367 492,
1414 1328 1502 1361 Veu.
1521 1325 1602 1362 486.

857 1387 915 1422 92.
933 1405 983 1411 -
1011 1385 1054 1420 V.
1077 1383 1137 1420 45.
1161 1386 1283 1419 Solum
1301 1390 1348 1419 te.
1379 1384 1451 1419 Ms.
1479 1384 1546 1418 Fe.
1568 1386 1602 1425 l,

857 1448 885 1477 t.
918 1462 967 1468 —
996 1443 1141 1488 pulcher
1162 1443 1231 1477 tibi.
1261 1442 1366 1475 Dess.
1384 1442 1418 1478 1.
1448 1459 1497 1465 —
1530 1441 1602 1482 tibi,

855 1499 1013 1544 pulcher.
1048 1498 1109 1532 Sic
1129 1498 1212 1532 dist.
1232 1498 1382 1531 Haberf.
1395 1524 1407 1542 ‚
1427 1497 1605 1542 improbat

858 1555 1015 1589 Schmid.
1043 1574 1100 1581 —
1130 1557 1178 1589 ad
1201 1556 1280 1589 huc.
1316 1554 1415 1588 Mon.
1442 1566 1474 1587 e.
1506 1554 1605 1598 (cum

857 1612 972 1646 schol.
996 1618 1171 1657 „propter
1186 1612 1310 1653 hoc“).
1346 1612 1401 1645 Aa
1419 1611 1504 1644 haec
1518 1622 1604 1656 ego:

858 1681 938 1703 nar.
959 1669 1012 1703 uti
1029 1669 1193 1702 Formido
1205 1679 1216 1705 ‚·
1241 1673 1293 1710 et,
1327 1668 1353 1702 1.
1374 1679 1410 1701 n.
1425 1679 1452 1700 ε.
1475 1667 1604 1712 ungui,

857 1724 971 1771 Displ-
984 1725 1047 1759 iste
1062 1726 1139 1768 loc„
1154 1726 1266 1758 clamo
1278 1751 1288 1767 ‚
1309 1729 1342 1758 ct
1356 1729 1421 1758 etc.
1443 1723 1506 1757 Sic
1520 1723 1604 1758 dist.

858 1782 904 1816 D.
923 1781 1113 1823 Heinsius,
1138 1787 1177 1814 ut
1191 1781 1251 1815 ina
1270 1781 1382 1814 verba
1401 1780 1475 1814 sint
1490 1780 1604 1814 Hora-

858 1838 921 1882 tii,
942 1838 1003 1884 qui
1022 1850 1061 1872 se
1082 1838 1240 1872 criticum
1259 1849 1403 1871 acumen
1422 1837 1603 1871 subterfu-

859 1907 946 1940 gere
965 1900 1132 1929 testetur.

915 1952 960 1987 V.
981 1949 1040 1987 46.
1070 1950 1235 1985 Formido
1259 1950 1424 1984 luctantis
1442 1949 1537 1992 (sine
1552 1948 1604 1991 et)

861 2008 950 2044 Mss.
973 2010 1108 2043 Bersm.
1133 2008 1215 2041 duo.
1235 2006 1299 2040 Fe.
1319 2008 1350 2047 1,
1371 2018 1404 2042 a.
1425 2007 1458 2047 2,
1479 2005 1512 2038 d.
1535 2004 1604 2037 Βο-

861 2065 927 2098 rol.
950 2067 982 2099 1.
1005 2065 1102 2099 Mon.
1123 2064 1157 2098 d.
1178 2076 1210 2097 e.
1230 2075 1268 2107 g.
1289 2061 1379 2096 Edd.
1401 2061 1501 2106 Lips.
1519 2059 1602 2095 498.

861 2120 943 2155 502.
959 2121 1058 2155 Junt.
1077 2118 1159 2156 514.
1177 2120 1232 2154 19.
1253 2120 1400 2162 Argent.
1416 2117 1496 2152 515.
1525 2116 1604 2150 Bri-

860 2177 991 2211 tannic.
1003 2176 1084 2211 520.
1103 2196 1146 2201 —
1168 2181 1208 2209 ut
1221 2174 1397 2208 luctantis.
1413 2173 1481 2208 Ed.
1497 2173 1605 2207 Prae-

862 2233 930 2266 dic.
950 2233 1077 2277 ungui.
1094 2232 1181 2266 Mss.
1196 2239 1233 2264 et
1245 2230 1325 2264 edd.
1340 2230 1438 2274 vulg.
1459 2230 1543 2263 inde
1558 2230 1603 2264 ab

861 2289 939 2323 Ald.
955 2288 1037 2323 501.
1059 2299 1192 2333 ungue.
1216 2287 1305 2320 Mss.
1326 2286 1392 2319 Fe.
1412 2288 1445 2328 2,
1466 2297 1497 2320 c.
1518 2287 1555 2330 (a
1572 2288 1604 2321 1.

862 2346 923 2387 m.)
942 2344 978 2387 3,
997 2355 1029 2380 a.
1055 2345 1093 2387 (a
1109 2346 1140 2378 2.
1156 2344 1216 2382 m.)
1237 2343 1271 2383 9,
1295 2353 1328 2375 a.
1355 2343 1410 2376 lk.
1430 2344 1466 2377 6.
1488 2342 1603 2376 Orell.

863 2401 898 2434 d.
919 2400 1040 2434 Guelf.
1063 2401 1095 2434 1.
1121 2401 1154 2433 2.
1174 2396 1209 2432 4.
1240 2398 1338 2432 Mon.
1360 2411 1391 2434 c.
1414 2399 1449 2432 d.
1465 2410 1502 2443 g.
1531 2399 1605 2434 Ru-

860 2457 967 2494 dolst.
998 2455 1090 2489 Edd.
1112 2460 1201 2488 vett.
1226 2460 1263 2489 et
1287 2454 1387 2499 Lips.
1407 2454 1488 2491 502.
1517 2455 1601 2491 Asc.

860 2512 941 2547 519.
963 2511 1158 2547 Britannic.
1173 2510 1254 2546 520.
1272 2510 1383 2557 Cruq.
1399 2513 1483 2551 (non
1494 2512 1530 2546 in
1540 2524 1602 2547 an-

860 2569 956 2611 not.)
983 2569 1036 2601 De
1050 2568 1159 2601 forma
1173 2567 1290 2612 ungui
1306 2568 1353 2602 cf.
1369 2568 1472 2604 Voss.
1487 2567 1599 2604 Arist.

859 2625 907 2658 11.
921 2636 956 2669 p.
966 2625 1044 2658 618.
1064 2624 1180 2666 „Post
1188 2623 1305 2669 ungui
1316 2636 1386 2658 non
1402 2629 1458 2658 est
1469 2625 1602 2660 facien-

860 2680 940 2714 dum
965 2679 1100 2724 signum
1125 2679 1285 2721 membri,
1310 2681 1374 2715 sed
1401 2680 1521 2725 incisi,
1548 2682 1601 2717 ita

858 2741 898 2769 ut
912 2742 945 2770 et
963 2736 1140 2770 referatur
1156 2735 1199 2770 ud
1219 2747 1256 2770 v.
1271 2737 1404 2781 clamo,
1423 2748 1525 2784 quum
1539 2739 1600 2774 alii

858 2786 931 2824 ἀπὸ
962 2792 1087 2827 κοινοῦ
1113 2798 1279 2839 repetant
1303 2794 1491 2830 formido.“
1539 2795 1600 2830 Pi-

858 2853 988 2883 scutor.
