1910 3138
123 162 175 204 ⁶1

431 161 651 201 nortun
681 140 827 200 unni
852 161 879 198 1.
932 160 1192 200 EP1sT0LA
1222 161 1359 202 xvm.

1554 158 1639 202 399

190 277 305 322 Dum
336 276 428 323 volt
461 276 635 321 libertas
664 274 745 321 dici
779 289 898 320 mera
930 288 1118 333 veraque
1155 276 1304 333 virtus.

190 357 337 402 Virtus
365 359 433 400 est
465 355 649 400 medium
685 357 882 400 vitiorum
917 358 960 398 et
993 355 1188 412 utrinque
1216 354 1453 399 reductum·

188 433 318 480 Alter
343 436 386 479 iu
415 434 661 492 obsequium
694 436 791 494 plus
818 447 954 493 aequo
985 447 1142 493 pronus
1171 436 1216 476 et
1242 434 1314 477 imi

1586 434 1642 476 10

190 513 369 559 Derisor
395 514 495 558 lecti
522 514 584 557 sic
613 517 759 558 nutum
793 513 932 556 divitis
965 513 1128 571 horret,

144 576 147 579 Ι
194 591 272 639 Sic
300 594 428 637 iterat
458 605 589 636 voces
623 597 666 637 et
698 593 832 637 verba
867 591 1065 636 cadentia
1099 591 1227 649 tollit,

190 670 252 717 Ut
283 685 460 732 puerum
494 684 626 715 saevo
657 671 808 714 credas
844 670 1002 715 dictata
1036 672 1244 730 magistro

188 749 393 798 Reddere
425 750 498 794 vel
531 751 664 809 partis
698 751 869 793 mimum
902 753 1089 794 tractare
1121 748 1349 794 secundas.

190 830 316 876 Alter
343 832 510 874 rixatur
546 829 600 873 de
634 829 733 873 lana
767 842 899 888 saepe
930 830 1123 889 caprina,

118 988 184 1022 dat
206 998 295 1032 quae
313 999 351 1022 ce
371 993 462 1022 tons.
482 992 570 1021 cute.
605 986 674 1020 Ed.
703 985 859 1031 Philipp.

122 1045 221 1087 Quae
248 1055 285 1078 se
313 1043 455 1078 intonsa
483 1055 605 1077 comm.
634 1048 725 1078 cute.
763 1042 857 1076 Edd.

120 1099 200 1134 val.
216 1099 325 1134 Daru-
343 1106 447 1134 tome
467 1105 547 1134 cute
564 1099 743 1144 dontibus,
768 1099 859 1133 acris

119 1154 229 1191 Du..
261 1156 331 1190 Ed.
351 1155 514 1190 Praedic-

174 1212 221 1246 V.
240 1213 276 1248 8.
306 1213 373 1247 diei
399 1223 510 1247 mera.
543 1212 644 1246 Hunc
670 1211 858 1245 verborum

119 1267 279 1304 ordinem
297 1274 442 1304 servant
463 1280 546 1302 mss.
567 1279 658 1303 omn.
680 1268 794 1302 Pulm.
822 1272 859 1301 et

119 1325 230 1360 Torr.
243 1326 397 1372 quinque
418 1326 551 1360 Bersm.
571 1325 720 1359 duodec.
737 1324 856 1359 Bentl.

118 1393 178 1416 un.
205 1382 344 1417 Bau-unii
373 1382 483 1427 (Λᾶν.
510 1382 568 1423 37,
596 1382 672 1426 22.)
701 1393 792 1415 omn.
819 1386 859 1415 ut

118 1438 194 1472 vid.
224 1439 350 1474 Oberl.
384 1439 507 1473 Comb.
539 1438 627 1472 Bad.
668 1437 721 1471 1k.
759 1438 856 1471 Pott.

118 1494 236 1531 Orell.
261 1496 387 1530 undee.
417 1496 514 1529 Feae
534 1499 571 1528 et
597 1493 711 1528 nostri
736 1494 858 1540 paucis

117 1552 292 1598 exceptis,
308 1562 396 1598 quos
410 1563 488 1585 mox
498 1550 740 1584 indicabimus.
762 1549 855 1588 Edd.

117 1607 200 1642 Ald.
215 1607 296 1644 501.
319 1609 416 1643 Junt.
436 1607 517 1642 503.
538 1608 620 1641 Asc.
636 1606 716 1642 505.
736 1607 855 1640 restit.

118 1663 237 1698 Benu.
257 1665 336 1709 (qui
358 1664 450 1707 def.)
470 1674 640 1708 quemque
663 1669 857 1709 sequuntur

117 1719 269 1766 plurimi,
278 1721 382 1754 etiam
393 1720 456 1754 Fe.
463 1721 561 1755 Pott.
572 1720 687 1753 Schm.
697 1720 858 1754 Hoched.

118 1777 234 1812 Orell.
255 1777 360 1812 conf.
381 1777 533 1821 Cuning.
553 1777 735 1812 Animadv.
751 1788 783 1811 c.
802 1778 856 1812 16.

118 1844 156 1878 p.
171 1833 254 1869 310.
276 1846 374 1868 mem
393 1834 470 1868 dici.
490 1833 577 1867 Mss.
594 1840 632 1867 ut
647 1832 718 1869 vid.
735 1832 854 1868 Lamb.

117 1889 230 1936 Cruq.
257 1890 384 1935 reliqui
410 1890 651 1934 reliquorum,
673 1902 693 1924 e
723 1890 855 1924 nostris

118 1945 240 1980 Berol.
255 1948 289 1982 2.
311 1947 406 1981 Mon.
422 1958 454 1980 e.
474 1946 498 1981 1.
515 1958 560 1981 m.
581 1947 676 1980 vict.
692 1946 853 1984 Rudolst.

9 1999 35 2008 '⁵
99 2001 213 2036 Edu.
245 2008 337 2037 vett.
367 2008 406 2037 et
436 2002 515 2036 ΑΜ.
538 2002 619 2037 519.
645 2003 743 2038 Junt.
772 2000 854 2038 514.

119 2059 177 2093 19.
204 2058 367 2094 Britanu.
394 2058 474 2094 520.
503 2059 587 2093 Bas.
615 2059 695 2095 527.
730 2061 786 2095 80.
818 2066 855 2094 et

117 2121 261 2159 praeter
291 2116 381 2150 alios
419 2115 525 2150 etiam
560 2116 679 2150 Lamb.
723 2116 853 2150 Mutet.

118 2171 228 2218 Cruq.
264 2173 374 2207 Pulm.
418 2172 554 2206 Bersm.
595 2173 705 2206 Torr.
743 2173 852 2218 Rutg.

118 2226 246 2262 Zurck.
269 2230 388 2263 Burm.
410 2228 514 2263 Tau».
535 2229 615 2263 Jon.
631 2227 726 2263 Phil.
746 2229 855 2263 Prae-

119 2282 189 2318 dic.
220 2285 344 2331 Camp.
369 2304 416 2310 —-
442 2296 602 2330 puraque
628 2284 747 2319 virtus.
785 2286 853 2319 Ed.

118 2339 231 2374 Chab.
254 2359 303 2366 ——
325 2341 370 2375 V.
389 2342 424 2375 9.
443 2341 603 2376 vitiorum
621 2342 783 2385 uir-inque
802 2354 855 2376 re-

118 2396 273 2429 ductum.
306 2396 393 2430 Mss-
425 2397 491 2432 Fe.
514 2399 546 2439 1,
576 2408 609 2430 a.
638 2399 672 2441 2,
696 2398 732 2431 d.
753 2395 788 2441 5,
819 2409 853 2432 e.

120 2450 234 2484 Orell.
253 2451 291 2484 (1.
308 2449 427 2486 Berol.
448 2454 480 2487 2.
502 2453 616 2486 norv.
638 2455 672 2488 2.
698 2453 797 2487 Mon.
817 2465 853 2497 g.

118 2517 164 2540 m.
188 2505 351 2540 Rudolst.
379 2507 474 2544 Rdd.
503 2508 592 2544 Veu.
613 2505 696 2543 483.
715 2509 774 2543 86.
795 2510 853 2544 92.

119 2562 219 2597 Flor.
239 2559 319 2597 482.
348 2562 459 2597 Lech.
474 2559 555 2597 498.
573 2563 673 2609 Lips.
689 2562 770 2598 492.
794 2565 850 2598 98.

119 2618 218 2653 Junt.
240 2614 321 2660 514,
347 2618 404 2652 19.
442 2618 632 2662 Argentor.
659 2619 739 2654 515.
769 2620 850 2653 Asc.

121 2673 200 2709 519.
215 2673 375 2708 Britann.
390 2673 470 2708 520.
486 2673 616 2707 maret.
630 2674 740 2708 Pulm.
756 2674 853 2708 Glar.

121 2730 247 2764 Irenic.
274 2730 383 2767 Fabr.
409 2728 498 2764 Min.
521 2729 658 2766 Biedm.
689 2731 782 2764 Rod.
799 2749 854 2754 —

123 2785 284 2830 *aviaque
298 2788 488 2821 redactum.
517 2784 607 2819 Mas.
630 2786 695 2819 Fe.
713 2787 744 2826 1,
765 2786 801 2819 k.
821 2796 852 2818 z.

124 2841 160 2884 6,
169 2841 205 2876 b.
219 2853 243 2876 a
256 2844 289 2878 2.
304 2854 349 2877 m.
364 2843 462 2877 Mon.
475 2854 507 2876 e.
519 2842 629 2883 (corr.
644 2841 855 2883 reductum.)

1590 829 1644 871 15

904 985 927 1020 l.
949 985 1043 1019 Edd.
1066 986 1156 1020 Ven.
1176 982 1259 1021 477.
1279 986 1336 1020 79.
1354 986 1413 1022 81.
1442 984 1539 1019 Med.
1559 981 1642 1020 477.

903 1042 986 1076 Asc.
1009 1041 1091 1077 519.
1111 1041 1273 1076 Britann.
1290 1042 1373 1079 520.
1393 1046 1431 1077 et
1451 1041 1508 1080 ed.
1526 1041 1641 1087 princ.

903 1098 988 1133 zat.
997 1110 1054 1144 ap.
1070 1099 1136 1134 Fe.
1153 1099 1209 1133 lta
1224 1106 1261 1133 et
1275 1099 1387 1132 locum
1402 1098 1524 1133 laudat
1533 1097 1643 1132 Eras—

900 1166 976 1189 mus
989 1155 1026 1189 in
1045 1155 1166 1190 Schoi.
1185 1156 1230 1190 ad
1250 1155 1458 1202 Hieronym.
1479 1154 1579 1189 V111.
1604 1166 1643 1200 p.

957 1268 1003 1303 V.
1035 1269 1093 1303 10.
1125 1267 1163 1302 in
1199 1268 1368 1312 obsequio.
1401 1267 1472 1302 Ms.
1505 1267 1640 1302 Bersm.

901 1336 960 1359 un.
987 1345 1046 1351 —
1072 1330 1112 1359 ut
1130 1324 1190 1358 ima·
1206 1329 1274 1358 etc.
1299 1324 1437 1358 Marcii.
1461 1336 1507 1358 ex
1524 1325 1643 1369 conje-

902 1387 1014 1416 ctum.
1030 1400 1084 1406 —
1099 1392 1246 1426 pronus,
1269 1381 1370 1415 amici
1384 1381 1546 1423 Derisor,
1567 1381 1645 1415 lecu·

899 1438 948 1472 sic
963 1443 1031 1472 ete.
1047 1436 1116 1471 Ed.
1131 1438 1295 1474 Praedic.
1312 1457 1360 1462 —
1381 1438 1424 1471 V.
1436 1439 1492 1472 11.
1506 1436 1555 1471 εἰσ
1566 1437 1643 1471 mal-

901 1499 988 1529 tum.
1008 1494 1079 1529 Ms.
1099 1494 1216 1528 Bentl.
1238 1493 1294 1538 15,
1322 1504 1379 1528 un.
1401 1494 1478 1528 Val.
1505 1504 1563 1527 uu.
1588 1511 1636 1519 —

902 1551 947 1584 V.
976 1552 1030 1586 12.
1059 1550 1117 1584 Sic
1140 1556 1240 1584 verat
1274 1562 1382 1586 voces.
1417 1551 1486 1585 Ms.
1514 1549 1640 1586 Barth.

902 1607 994 1641 Adv.
1003 1608 1062 1650 37,
1073 1608 1131 1644 22.
1150 1611 1274 1641 contra
1285 1606 1446 1652 disputat
1455 1607 1574 1642 Bentl.
1587 1625 1636 1631 —

902 1665 1012 1701 tollet.
1026 1663 1146 1698 Berol.
1159 1665 1192 1699 2.
1201 1683 1255 1689 —
1266 1664 1310 1697 V.
1322 1663 1377 1698 13.
1391 1665 1513 1698 credat
1525 1665 1639 1698 suevo.

902 1720 974 1755 Ed.
991 1721 1139 1764 Cuning.
1158 1738 1206 1744 —
1224 1720 1269 1754 V.
1286 1717 1345 1755 14.
1361 1721 1476 1766 partis
1500 1720 1561 1753 Sic
1574 1730 1639 1753 ms.

902 1777 1007 1812 Desa.
1025 1779 1058 1812 1.
1076 1794 1133 1802 ——
1148 1782 1269 1822 partes
1286 1777 1440 1811 nmium.
1464 1776 1554 1810 Mss.
1573 1775 1638 1809 Fe.

902 1835 934 1877 1,
954 1845 985 1868 e.
1006 1832 1040 1878 5,
1060 1833 1085 1867 f.
1104 1834 1139 1876 6,
1159 1845 1191 1867 c.
1207 1834 1311 1868 Gott.
1329 1834 1362 1868 2.
1377 1832 1475 1866 Mon.
1495 1845 1528 1867 c.
1545 1832 1580 1866 d.
1600 1844 1637 1877 g.

899 1890 993 1924 Edd.
1008 1891 1099 1924 Ven.
1118 1886 1200 1925 481.
1226 1890 1340 1924 Chab.
1358 1890 1445 1932 (nou
1463 1888 1500 1922 iu
1521 1889 1637 1931 obss.)

900 1947 1089 1981 minimum.
1119 1946 1189 1980 Ms.
1218 1946 1314 1980 Mon.
1335 1956 1367 1978 e.
1388 1949 1427 1978 et
1447 1956 1526 1979 var.
1552 1945 1638 1978 lect.

900 2015 958 2048 ap.
984 2003 1050 2038 Fe.
1082 2002 1176 2038 Edd.
1204 2002 1302 2036 Flor.
1325 1998 1405 2036 482.
1436 2002 1525 2037 Ven.
1555 1999 1637 2035 479.

900 2059 957 2094 83.
979 2062 1037 2095 86.
1061 2060 1118 2094 92.
1138 2059 1224 2104 Lps.
1246 2056 1326 2093 492.
1349 2056 1459 2091 Loch.
1479 2054 1560 2091 498.
1585 2076 1634 2081 —-

899 2117 1044 2151 nimium
1059 2122 1191 2161 partae.
1212 2114 1309 2148 Mon.
1329 2125 1366 2157 g.
1396 2113 1536 2146 mimum
1552 2124 1636 2157 par-

898 2178 961 2207 tes.
991 2173 1061 2206 ΜΒ.
1086 2171 1140 2206 lk.
1162 2168 1195 2205 4.
1217 2169 1287 2203 Ed.
1307 2168 1459 2213 Cuning.
1479 2188 1534 2194 -—
1552 2167 1636 2202 red-

898 2234 988 2263 tare.
1007 2229 1079 2262 Ms.
1099 2227 1222 2260 Comb.
1240 2226 1285 2259 F.

955 2284 999 2318 V.
1025 2284 1080 2319 15.
1119 2283 1218 2316 Alter
1238 2280 1378 2314 rixatur
1400 2298 1449 2303 —
1475 2278 1636 2323 caprina,

900 2340 962 2374 Sic
980 2351 1061 2375 mss.
1082 2343 1119 2370 et
1136 2337 1218 2370 edd.
1239 2335 1336 2379 vulg.
1370 2336 1468 2368 Alter
1484 2334 1634 2369 rixatus.

899 2397 988 2430 Mss.
1011 2395 1117 2437 Cruq.
1135 2394 1167 2434 1,
1183 2403 1216 2425 a.
1237 2391 1274 2424 d.
1294 2395 1332 2424 et
1347 2389 1467 2423 Schol.
1487 2390 1583 2424 Mon.
1597 2391 1635 2425 b.

902 2451 991 2485 Edd.
1011 2450 1120 2493 Cruq.
1140 2446 1285 2490 Heius„
1313 2445 1515 2491 approbant
1536 2446 1636 2481 'rnn-

897 2506 1017 2541 sullus
1049 2502 1130 2550 (qui
1154 2502 1330 2548 explicat:
1361 2514 1503 2547 „saepe
1529 2508 1635 2538 autea

895 2563 1030 2597 rixatus
1045 2560 1232 2594 etiamnum
1250 2563 1450 2604 propugnat
1462 2563 1500 2592 et
1513 2571 1636 2604 perse-

896 2618 1043 2660 γεκαθ’)
1065 2620 1102 2650 et
1121 2615 1155 2649 J.
1183 2615 1232 2649 H.
1254 2614 1359 2648 Voss.
1385 2616 1458 2650 ΑΒ.
1482 2615 1632 2651 fitentur.

898 2673 958 2706 Sic
977 2674 1110 2706 habere
1130 2669 1295 2704 videntur
1316 2669 1452 2717 aliquot
1473 2682 1555 2705 mss.
1573 2684 1630 2719 ap.

898 2728 976 2763 val.
992 2729 1062 2764 Ed.
1076 2727 1208 2762 Muret-
1225 2727 1270 2761 de
1288 2727 1510 2772 conjectura,
1531 2739 1631 2773 quem

899 2795 975 2830 seq.
1003 2785 1093 2818 Cun.
1117 2784 1204 2818 San.
1236 2783 1350 2817 Merv.
1379 2783 1472 2818 Phil.
1503 2783 1629 2820 Frane.

899 2840 1004 2875 Bask.
1024 2840 1121 2875 Sivr.
1138 2839 1288 2885 Dorigh.
1311 2840 1376 2874 Fe.
1395 2840 1474 2886 (qui
1487 2841 1577 2886 def.)
1595 2848 1632 2877 et

1214 2901 1426 2956 ffi*mv
