1910 3138
255 139 337 183 198
395 140 676 182 COMMENT.
697 139 753 178 IN
772 138 898 178 HOR.
913 135 1014 178 LIB.
1032 139 1063 178 1.
1091 134 1259 178 EPIST.
1275 136 1474 185 QUART.
1489 132 1667 178 mmm:
1724 136 1781 181 88

251 280 338 308 num
368 267 494 306 villam
520 265 695 304 Sabinam
724 276 748 301 a
770 262 991 303 Maecenate
1019 265 1199 303 donatam
1229 264 1304 316 ipsi
1331 263 1576 303 invidentium
1599 272 1624 302 a
1647 271 1700 301 se'
1715 273 1783 302 rc-
1819 305 1822 308 Δ

252 336 413 390 pelleret
440 333 634 373 molestias
652 335 725 370 etc.
769 331 866 370 Cum
884 331 958 370 illis
977 333 1031 372 ita
1039 333 1139 372 facit
1161 332 1450 382 Walekenaer,
1478 336 1522 371 ut
1545 331 1673 383 (11.1)-
1694 326 1783 381 64.)

252 405 495 457 profiteatur:
537 401 598 451 „11
626 406 684 440 est
714 400 869 439 evident
895 401 997 440 aussi
1023 399 1240 452 qu'Horace
1270 413 1294 439 a
1322 400 1502 452 compost}
1534 396 1640 439 cette
1663 399 1784 451 petite

251 474 357 525 piece
387 483 483 522 pour
512 483 530 507 s
533 465 705 508 ’excuser
731 467 869 520 aupres
897 469 945 508 de
983 481 1046 508 ses
1075 469 1168 507 amis
1197 470 1245 507 de
1277 468 1400 508 Rome
1429 480 1491 506 sur
1533 481 1597 506 ses
1623 455 1807 518 longuen'

252 541 461 589 absences,
492 542 530 577 et
557 550 654 589 pour
678 537 841 588 justifier
869 536 927 575 les
955 537 1208 588 changemens
1229 537 1292 587 qui
1321 535 1497 574 s'etaient
1523 536 1661 587 operes
1687 536 1784 574 dans

253 623 314 647 ses
343 607 478 659 goutS,
507 611 546 645 et
575 607 670 644 dans
698 618 742 644 sa
770 604 937 643 maniere
963 604 1012 642 de
1038 605 1188 643 vivre.“
1229 603 1282 642 At
1305 615 1400 655 pace
1423 607 1485 642 tot
1506 604 1671 643 virorum
1689 605 1785 643 doc·

251 676 481 714 tissimorum
510 675 688 723 dixerim,
715 673 883 722 Poetae,
914 672 947 710 si
968 671 1062 709 illud
1087 684 1202 710 unum
1220 672 1328 722 quasi
1350 677 1465 723 caput
1491 673 1547 710 rei
1570 673 1785 723 significare

250 742 459 792 voluisset,
487 746 632 781 tantam
659 743 898 780 decretorum
927 753 972 779 ex
1000 740 1132 778 intimo
1158 752 1261 792 penu
1281 739 1543 791 philosophiae
1565 741 1786 780 haustorum
1855 763 1866 767 -

251 811 400 861 copiam
425 823 520 861 opus
548 823 626 848 non
655 811 788 848 fuisse.
839 809 1084 860 Quapropter
1106 819 1338 859 magnopere
1362 809 1571 847 cavendnm
1598 810 1695 859 erit,
1737 822 1787 848 ne

250 878 385 916 umbra
412 891 537 915 rerum
567 879 735 917 contenti
763 890 892 916 earum
917 876 1079 914 solidam
1108 880 1148 914 et
1178 887 1395 927 expressam
1423 876 1587 928 effigiem
1610 877 1786 930 negliga-

250 960 333 985 mus
373 959 469 985 neve
503 946 727 985 nubeculam
761 959 832 998 pro
869 945 1018 984 Junone
1056 948 1265 995 captemus.
1345 944 1484 982 Omnia
1519 950 1645 985 autem
1677 950 1787 985 erunt

252 1018 355 1054 sarta
384 1018 423 1053 et
450 1017 573 1064 tecta,
614 1015 647 1052 si
675 1014 757 1064 quis
795 1026 908 1064 quam
942 1026 1058 1064 supra
1092 1012 1308 1050 definiendo
1343 1013 1560 1064 aperuimus
1596 1014 1788 1062 involutae

251 1084 307 1122 rei
337 1083 509 1121 notitiam
546 1081 752 1133 tenebit*).
812 1081 960 1125 Quodsi
996 1080 1209 1132 Epistolam
1237 1080 1384 1119 Romae
1420 1083 1599 1133 scriptam
1627 1094 1714 1120 esse
1742 1093 1788 1121 ex

253 1165 289 1191 v.
319 1152 358 1192 8.
386 1152 452 1193 22.
479 1149 547 1191 37.
584 1150 718 1201 conjici
744 1148 854 1199 licet,
895 1149 998 1200 quod
1021 1149 1174 1200 quidem
1201 1161 1286 1185 cum
1314 1148 1395 1186 aliis
1431 1149 1595 1188 affimat
1620 1149 1788 1188 Dalm-

254 1218 426 1271 burger‚
453 1222 557 1257 recte
586 1217 771 1257 Diintzer
781 1246 798 1265 ‚
826 1230 908 1256 eam
933 1221 977 1256 ut
1004 1218 1131 1255 fictam
1158 1216 1198 1253 in
1227 1215 1369 1254 Sabino
1402 1228 1538 1269 reapse
1567 1217 1682 1256 scribi
1711 1230 1788 1270 po-

252 1288 372 1326 tuisse
402 1286 594 1326 observat.

365 1354 536 1407 Tempus
561 1353 778 1407 scriptionis
807 1354 993 1391 incertum
1022 1351 1256 1390 Mer-villius
1284 1353 1334 1391 ad
1362 1365 1503 1392 annum
1527 1353 1625 1394 731.
1654 1354 1787 1403 refert,

251 1422 470 1474 Κὶνσῆηεν,
498 1437 661 1474 quocum
695 1422 884 1460 consentit
917 1418 1189 1458 Walckenaer
1220 1420 1284 1472 (ΙΙ.
1315 1434 1355 1472 p.
1381 1421 1448 1463 63.
1478 1421 1573 1462 606.
1602 1421 1719 1473 626.)
1747 1414 1788 1460 in

252 1491 331 1530 tab.
369 1492 537 1530 chronol.
573 1493 621 1530 ad
659 1503 695 1529 a.
726 1489 834 1539 732,
867 1487 1135 1540 Grotefi’ndus
1174 1485 1232 1541 (p.
1260 1487 1357 1529 475.
1387 1487 1429 1541 a)
1464 1488 1515 1526 ad
1541 1500 1577 1526 a.
1603 1488 1700 1529 735·
1726 1488 1787 1527 vel

252 1561 349 1601 736.
394 1559 634 1612 Doriglzello
661 1570 741 1597 rem
765 1558 806 1595 in
833 1557 958 1595 medio
987 1555 1169 1607 relinquit
1195 1557 1313 1596 hacce
1339 1555 1602 1595 annotatione:
1639 1555 1789 1606 „Hanc

251 1628 419 1667 fortasse
446 1627 683 1666 concinnavit
712 1625 1099 1681 aetatebprovectior,
1127 1636 1215 1663 nam
1243 1626 1494 1664 constantiam
1522 1635 1630 1663 suam
1651 1624 1789 1676 jactat,

253 1696 356 1746 cujus
388 1700 491 1734 certe
522 1709 659 1747 expers
687 1694 758 1732 fuit
783 1693 954 1744 juvenis;
983 1692 1066 1744 ipse
1095 1693 1210 1731 etiam
1229 1694 1278 1732 de
1298 1694 1500 1744 juventute
1519 1704 1586 1731 sua
1609 1697 1790 1744 tanquam

253 1764 302 1802 de
338 1769 485 1802 remoto
526 1767 700 1814 tempore
738 1761 957 1812 loquitur.“
1024 1761 1147 1799 Recte
1180 1762 1355 1813 quidem,
1405 1763 1476 1800 sed
1511 1760 1687 1812 Epistola
1716 1772 1791 1811 pro

252 1831 395 1870 Poetae
425 1831 613 1868 sentiendi
642 1830 790 1868 ratione
818 1830 882 1867 illo
913 1832 1087 1880 tempore
1110 1842 1200 1868 vere
1224 1830 1336 1868 scribi
1363 1830 1502 1882 potuit.
1545 1828 1659 1869 Conf.
1691 1827 1791 1867 We-

256 1897 390 1937 berum
417 1912 456 1950 p.
484 1898 568 1938 308
591 1920 643 1927 —-
667 1897 707 1936 9.

365 1965 411 2005 V.
442 1966 465 2006 1
490 1986 546 1994 -
568 1965 607 2005 3.
661 1963 807 2001 Villice
833 1964 1031 2002 silvarum
1059 1986 1115 1993 —
1132 1966 1254 2016 focis.
1313 1964 1552 2015 „Praedicat
1582 1977 1649 2003 rus
1681 1976 1791 2003 mum

254 2037 389 2086 utpote
413 2032 485 2072 sibi
514 2033 606 2070 satis
633 2030 839 2082 amplum.“
889 2031 1032 2070 Wllice
1055 2031 1251 2070 silvarum
1280 2036 1319 2070 et
1346 2037 1504 2084 propter
1529 2033 1634 2084 ipsas
1659 2032 1791 2083 silvan,

256 2116 350 2154 quas
386 2101 441 2141 uti
478 2099 650 2139 Tibullus
693 2096 762 2149 (4,
791 2097 850 2150 4.)
884 2103 1108 2151 perreptare
1144 2099 1292 2138 solebat
1327 2100 1422 2139 Hor.
1457 2099 1556 2151 (Sat.
1584 2102 1635 2150 2,
1662 2102 1716 2150 6,
1747 2100 1790 2140 3.

254 2172 378 2224 Epist.
406 2172 445 2222 1,
474 2169 540 2219 10,
570 2168 609 2208 7.
640 2167 709 2216 16,
741 2165 781 2207 5.
821 2166 898 2208 Od.
927 2168 969 2215 3,
998 2168 1066 2216 16,
1097 2166 1211 2218 29.>,
1241 2171 1279 2204 et
1306 2172 1464 2218 propter
1491 2179 1654 2219 pascua,
1691 2180 1790 2219 quae
1860 2159 1865 2162 ¹

256 2239 415 2278 saltibus
447 2242 486 2277 et
508 2235 698 2277 montibus
722 2234 801 2272 fere
827 2233 1074 2284 constabant,
1100 2235 1205 2285 Virg.
1233 2233 1316 2273 Ecl.
1344 2237 1385 2284 2,
1416 2234 1456 2275 5.
1493 2235 1738 2286 Quapropter
1766 2248 1792 2274 a

255 2320 347 2346 vero
374 2306 490 2356 longe
521 2303 660 2342 absunt
694 2303 778 2353 qui,
814 2308 857 2342 ut
894 2302 1105 2349 Piscator,
1140 2302 1266 2340 silvas
1291 2301 1452 2353 intelligi
1486 2302 1630 2341 malunt
1657 2302 1791 2342 hortos

257 2375 344 2414 coll.
372 2376 440 2425 10,
471 2371 573 2416 22⁴3!
600 2394 657 2400 —-
680 2370 781 2408 mihi
807 2382 870 2408 me
895 2371 1120 2418 reddentis,
1148 2371 1174 2408 i.
1195 2385 1230 2410 e.
1256 2373 1304 2409 ad
1323 2371 1553 2423 perfruenda
1576 2372 1793 2423 otia-liber-

257 2444 351 2480 rima
378 2443 421 2492 7,
451 2441 521 2482 36.
560 2439 654 2478 Inde
686 2438 754 2488 10,
782 2439 821 2480 8.
870 2439 972 2479 Vivo
1001 2446 1038 2477 et
1064 2453 1214 2492 regno,
1242 2438 1365 2476 simul
1391 2440 1470 2477 ista
1497 2438 1643 2491 reliqui
1675 2427 1792 2490 Quae

260 2524 330 2548 vos
356 2511 415 2548 ad
436 2508 588 2548 coelum
607 2507 728 2560 sertia
754 2519 911 2546 ramore
937 2505 1120 2548 secundo-
1183 2506 1297 2546 Conf.
1327 2508 1409 2546 Sat.
1438 2510 1488 2559 2,
1509 2509 1558 2559 6,
1588 2507 1789 2551 23—62.

371 2676 408 2722 *J
438 2679 635 2716 Verissime
663 2684 709 2716 A.
730 2683 908 2717 Arnoldue
933 2682 970 2716 in
987 2681 1115 2726 Progr.
1144 2680 1256 2716 schol.
1273 2678 1376 2718 1842.
1408 2678 1634 2731 (Konigberg
1659 2680 1697 2714 in
1723 2680 1789 2715 der

260 2732 458 2777 Neumark)
478 2748 515 2782 p.
533 2738 613 2774 13.:
640 2738 740 2783 „Das
755 2739 949 2783 Einzelne,
971 2738 1197 2783 Bestimmte,
1219 2739 1399 2774 Concrete
1416 2740 1466 2774 ist
1488 2738 1552 2772 dae
1573 2737 1788 2782 cigentliche

262 2789 400 2823 Gebiet
430 2791 492 2825 der
520 2793 719 2840 Dichtung‚
752 2796 814 2830 das
837 2794 1054 2840 Allgemcinc
1078 2795 1125 2833 im
1151 2796 1379 2842 Bewndcrn,
1407 2795 1608 2831 Cometen
1635 2804 1699 2829 zur
1714 2792 1787 2830 An-

263 2846 445 2892 schauung
462 2860 505 2882 zu
524 2851 677 2896 bringeri
694 2853 751 2886 ihr
766 2851 1002 2889 Geheimniss.
1013 2853 1038 2872 ‘⁴

1903 2663 1910 2686 k
