1910 3138
317 227 402 269 446
445 222 723 274 COMMENT.
747 226 803 265 IN
823 221 948 266 HOR.
969 226 1068 265 Llss.
1090 229 1120 266 Ι.
1160 226 1324 267 EPIST.
1346 224 1749 268 Duonssvlcsssm.
1791 229 1847 270 98

320 344 424 381 surdi
450 343 590 391 facias,
629 345 717 379 tuos
745 340 885 379 habere
914 340 1067 378 ludos.“
1109 340 1169 378 lta
1194 345 1284 392 apte
1312 342 1520 392 junguntur
1549 342 1667 381 verba
1703 341 1770 379 Ac
1797 352 1846 378 ne

319 425 402 449 cum
428 409 672 460 sequentibus
708 407 901 458 Quamvis
925 430 980 436 —
1014 408 1165 446 Cum-s.-
1196 409 1395 447 interdum
1421 411 1608 462 magari-8,
1645 408 1846 448 dummodo

318 484 405 517 ante
433 479 527 516 haec
555 482 752 530 postrema
778 477 920 528 verba,
957 478 1053 514 scito
1065 506 1079 523 ‚
1118 479 1250 530 cogita
1280 485 1408 515 tecum
1438 478 1499 516 vel
1523 478 1644 517 simile
1671 478 1762 528 quid
1787 481 1845 514 ta-

318 549 390 585 cita
416 546 643 596 cogitatione
678 558 812 597 ponas,
854 544 913 583 lta
939 549 977 583 et
1008 545 1074 595 19,
1105 548 1171 588 26.
1204 548 1270 587 27.
1315 546 1383 583 Ac
1410 558 1460 582 ne
1481 564 1538 574 -—
1557 553 1706 583 artem.-
1734 547 1774 594 2,
1806 546 1846 593 1,

318 616 413 656 208.
453 614 522 651 Ac
551 628 599 651 ne
615 614 728 665 Jorte
748 637 803 643 —-
823 613 1024 664 maligne:
1057 613 1095 662 1,
1122 614 1186 654 13.
1230 614 1300 652 Ac
1319 627 1442 651 ne—
1461 620 1588 651 buten:
1617 617 1691 652 etc.
1728 614 1846 652 Recte

315 683 389 720 hoc
417 683 455 720 in
484 683 567 721 loco
591 682 774 721 intellexit
797 681 1057 730 Heindorfius
1084 683 1133 719 ad
1151 682 1235 720 Sat.
1259 684 1298 730 2,
1324 684 1364 730 1,
1384 682 1468 732 80.‚
1497 682 1598 720 conf.
1618 694 1704 719 ann.
1722 685 1845 719 nostr.

315 753 363 789 ad
401 752 440 800 1,
473 751 539 792 13.
567 751 716 790 Riedel.
743 756 783 789 et
811 750 977 788 Schmid.
1007 749 1056 787 ad
1084 751 1124 799 2,
1151 752 1189 800 1,
1221 751 1318 792 210.
1349 749 1465 788 Fabr.
1497 751 1546 788 ad
1573 746 1658 790 Liv,
1680 749 1750 798 21,
1780 749 1845 798 18,

315 822 354 861 8.
388 818 456 870 40,
488 819 525 860 5.
564 820 807 871 Quapropter
842 817 1044 863 Orellius,
1081 818 1185 868 quod
1211 815 1438 870 interposito
1472 822 1656 857 commate
1683 817 1847 868 particu-

314 888 388 927 lam
408 902 458 925 ac
487 901 571 925 cum
599 901 635 925 v.
665 887 863 924 interdum
882 887 990 937 jungi
1008 886 1142 936 jubet,
1171 886 1465 937 reprehensione
1482 899 1559 924 non
1579 889 1696 923 caret.
1737 883 1848 922 Aliud

317 958 456 994 docent
486 960 524 993 et
552 955 616 993 illa
644 955 814 1006 exempla
843 959 882 992 et
911 968 956 992 ea
966 981 978 1004 ,
1018 967 1114 1005 quae
1143 954 1338 992 Handius
1364 956 1412 993 ad
1441 954 1606 994 Tursell.
1635 954 1665 992 1.
1693 967 1732 1006 p.
1752 951 1847 994 494.

316 1025 518 1074 diligenter
546 1024 770 1074 composuit.
823 1022 1057 1061 observabis
1087 1035 1262 1073 quoque,
1289 1022 1448 1061 verbum
1474 1022 1754 1061 inexcusabilis
1780 1033 1849 1072 per

316 1093 510 1144 prolepsin
539 1093 635 1143 dici,
666 1095 708 1129 ut
739 1093 812 1141 16,
842 1091 907 1132 24.
946 1092 1132 1128 incurata
1151 1090 1298 1129 ulcera.
1341 1091 1425 1129 Sat.
1453 1092 1492 1140 2,
1521 1093 1559 1140 1,
1585 1092 1652 1132 20.
1680 1088 1848 1127 recalci-

318 1167 398 1198 trat
425 1161 603 1212 undique
630 1166 749 1201 tutus.
794 1159 840 1197 A.
871 1159 916 1197 Ρ.
947 1160 1042 1202 293.
1079 1160 1307 1210 Perfectum
1343 1172 1423 1196 non
1451 1159 1666 1210 castigavit
1687 1157 1745 1196 ad
1771 1169 1849 1194 lm-

312 1244 448 1281 gaem.
501 1230 552 1267 lb.
585 1227 682 1270 3⁴46.
713 1228 879 1279 longum
897 1235 1091 1280 prorogat
1116 1242 1270 1266 aevum.
1314 1228 1390 1265 Od.
1424 1229 1464 1276 2,
1494 1227 1562 1276 20,
1590 1226 1654 1268 19,
1692 1239 1754 1263 me
1774 1238 1850 1276 pe·-

316 1300 419 1335 n'tue
445 1298 584 1334 Discat
611 1297 713 1334 Iber.
758 1298 842 1334 Alia
869 1297 953 1335 vide
982 1297 1031 1334 ad
1061 1298 1126 1343 12,
1158 1298 1223 1338 18,
1260 1309 1298 1346 p.
1331 1294 1425 1335 146.
1461 1300 1499 1333 et
1527 1304 1623 1346 quae
1652 1307 1697 1332 ex
1724 1290 1847 1332 Hora-

315 1367 370 1404 tio
399 1367 505 1416 larga
533 1378 645 1404 manu
673 1366 868 1416 congessit
899 1364 1029 1416 Voigt,
1059 1365 1084 1403 l.
1113 1365 1139 1404 l.
1169 1378 1208 1416 p.
1229 1361 1297 1404 49.
1328 1363 1413 1403 coll.
1439 1363 1637 1401 Wunder.
1656 1363 1706 1400 ad
1727 1362 1846 1413 Soph.

316 1434 443 1484 Antig.
468 1435 565 1475 709.
608 1433 668 1471 De
693 1434 875 1485 particula
894 1440 931 1470 et
950 1432 1084 1479 absis,
1111 1446 1183 1485 pro
1212 1446 1287 1483 qua
1309 1446 1385 1470 neu
1410 1431 1550 1482 requiri
1570 1432 1740 1481 videtur,
1769 1431 1845 1468 vid.

316 1515 402 1540 ann.
430 1504 480 1540 ad
511 1505 561 1552 6,
593 1502 662 1543 22.
700 1501 786 1539 coll.
823 1502 942 1544 Orell.
972 1503 1021 1540 ad
1049 1502 1172 1554 Epod.
1200 1503 1264 1548 16,
1293 1503 1333 1542 6.
1372 1501 1511 1552 Wagn.
1536 1500 1587 1538 ad
1616 1499 1719 1550 Virg.
1750 1498 1846 1538 Aen.

317 1572 385 1618 12,
417 1571 511 1612 801.
543 1570 592 1607 At
618 1570 701 1608 loco
729 1571 967 1622 planissimo,
994 1572 1097 1621 cujus
1124 1571 1348 1609 sententiam
1374 1573 1478 1608 recte
1501 1569 1712 1621 praesensit
1746 1566 1847 1604 Ges-

316 1652 457 1684 ner-us,
486 1638 590 1675 vario
613 1639 727 1676 modo
758 1639 939 1678 tenebras
966 1639 1194 1677 induxerunt
1218 1636 1444 1690 interpretes
1469 1649 1493 1675 a
1519 1641 1627 1676 recta
1652 1636 1712 1674 via
1737 1634 1846 1674 aben-

317 1705 503 1754 rantes*).
538 1730 593 1736 —
629 1706 678 1744 V.
704 1708 777 1748 Ἰ59.
802 1708 871 1748 60.
918 1707 1111 1757 Quamvis
1143 1706 1206 1744 nil
1236 1713 1346 1744 extra
1377 1718 1586 1745 numerum
1610 1727 1666 1735 ——
1703 1702 1844 1743 oza-as.

429 1908 466 1954 *)
487 1911 650 1955 Exempli
666 1921 771 1945 causa
786 1912 1027 1947 Britannicus.-
1059 1910 1137 1956 „Ac
1156 1903 1335 1945 ’interdum
1354 1910 1497 1955 nugaris
1520 1922 1604 1946 rure
1627 1915 1796 1956 paterno,
1817 1908 1842 1943 i.

315 1966 408 2000 ludis
426 1973 463 2001 et
482 1967 580 2012 quasi
611 1978 674 2012 per
689 1969 808 2012 jocum
829 1968 865 2002 in
885 1967 990 2003 armis
1011 1967 1208 2002 exerceris:
1239 1969 1282 2001 'ne
1299 1973 1337 2001 te
1361 1969 1524 2002 retrahas
1542 1980 1563 2002 a
1581 1967 1708 2011 benis,
1728 1966 1844 2012 quafia

316 2024 415 2058 fuere
435 2023 672 2069 Cantabrica,
694 2030 731 2058 et
749 2025 1016 2067 certaminibus,
1038 2024 1156 2069 qualia
1170 2024 1207 2056 in
1222 2036 1345 2070 campo
1362 2023 1494 2058 Martio
1514 2036 1552 2058 es
1574 2023 1784 2067 meditatus,
1806 2029 1843 2058 et
1907 2024 1910 2044 ³

317 2093 360 2115 ne
392 2081 487 2115 absis
515 2081 591 2115 sine
616 2082 855 2115 excusatione.
908 2082 999 2115 Nam
1027 2091 1129 2125 quum
1149 2092 1232 2115 rure
1255 2079 1330 2126 Pat.
1351 2081 1552 2125 exerceris,
1583 2077 1843 2115 excusationem

318 2138 427 2172 habes
454 2149 523 2172 non
551 2150 630 2172 esse
654 2139 866 2182 mirandum,
901 2138 932 2172 si
952 2139 987 2172 in
1009 2148 1129 2183 campo
1153 2137 1283 2172 Martio
1307 2149 1374 2171 non
1395 2138 1599 2172 exerceris“
1620 2142 1688 2172 etc.
1740 2136 1841 2172 Lam·
1903 2127 1910 2176 ⁴:

317 2195 433 2230 binus.-
466 2194 631 2240 „Atque‚
663 2199 702 2228 ut
722 2207 765 2229 ne
794 2200 832 2229 te
854 2195 953 2228 nimis
980 2194 1083 2238 longe
1109 2194 1264 2228 abducas
1295 2195 1339 2228 ab
1367 2192 1680 2229 exercitationibus
1708 2191 1779 2227 tuis
1806 2199 1844 2228 et
1901 2187 1904 2191 ’

318 2251 566 2286 certaminibus
586 2252 698 2297 campi
717 2252 862 2296 Martii,
891 2257 927 2286 et
947 2263 992 2285 ne
1011 2251 1063 2285 ita
1091 2251 1186 2285 absis
1216 2252 1260 2285 ab
1281 2253 1388 2294 urbe,
1423 2255 1463 2285 ut
1482 2250 1701 2296 probabilem
1719 2250 1844 2284 absen—

318 2309 392 2343 tiae
421 2309 684 2364 excusetionem
711 2309 841 2344 afferre
866 2321 934 2343 non
965 2308 1100 2354 possis,
1133 2308 1307 2342 interdum
1341 2307 1519 2353 quaedam
1542 2307 1630 2341 belli
1659 2307 1844 2342 simulacra
1894 2296 1910 2350 ,³

319 2377 464 2400 exerces
489 2365 524 2399 in
554 2378 640 2411 agro
674 2371 840 2412 paterno:
880 2366 1054 2400 interdum
1085 2364 1175 2399 ludis
1202 2376 1304 2409 rure,
1343 2365 1500 2411 quamvis
1529 2363 1579 2398 nil
1606 2364 1671 2401 nisi
1705 2363 1844 2409 sapien-
1893 2411 1895 2413 ι

315 2427 374 2456 ter
397 2428 433 2456 et
452 2423 644 2467 prudenter
666 2422 814 2461 sacias,“
866 2423 920 2457 Ab
947 2435 988 2456 eo
1006 2421 1169 2456 dissentit
1192 2421 1364 2466 Cruquius
1379 2422 1451 2465 ita,
1479 2426 1518 2455 ut
1540 2423 1701 2456 retrahas
1724 2426 1761 2454 et
1781 2421 1843 2455 ab·
1891 2418 1910 2475 ¹¹⁷⁴:

317 2479 362 2513 sis
381 2491 445 2524 pro
474 2474 669 2525 imperandi
695 2479 805 2514 modis
831 2479 983 2524 habeat,
1015 2479 1142 2524 quibus
1168 2478 1317 2513 Lollium
1339 2477 1558 2512 constantiae
1584 2477 1717 2512 moueri
1745 2475 1843 2520 dion,
1890 2471 1910 2514 'J

316 2546 390 2579 „ne
409 2535 480 2570 ulla
495 2537 656 2582 neglig-ut
670 2536 775 2571 amici
794 2536 914 2571 studia
931 2535 992 2570 'vel
1010 2536 1167 2580 minima,
1197 2535 1260 2570 sed
1285 2535 1398 2569 omnia
1422 2546 1484 2569 sua
1506 2534 1709 2580 praesentia
1729 2529 1842 2568 dieto*-
1894 2536 1910 2563 ’-

319 2603 387 2637 que
409 2598 449 2627 et
475 2593 571 2627 facto
593 2594 823 2638 comprobet,
846 2603 916 2628 vnec
935 2594 980 2628 ab
1002 2593 1049 2627 iis
1069 2592 1165 2628 absit
1187 2591 1258 2626 nisi
1284 2592 1441 2637 legitima
1465 2593 1510 2627 de
1538 2594 1683 2626 causa.“
1724 2591 1841 2625 verb·
1887 2623 1897 2638 ¹⁴

318 2654 450 2683 autem:
478 2651 642 2693 Quamm’s
659 2650 710 2685 nil
731 2655 833 2684 extra
851 2662 931 2685 esse
953 2650 1085 2685 mavult
1103 2646 1383 2694 προκατάληψιν
1405 2661 1470 2694 per
1497 2646 1656 2692 ἔλλειψιν
1673 2646 1740 2682 τοῦ
1757 2655 1840 2681 na-
1890 2638 1907 2674 ss'*

319 2710 356 2738 et
372 2711 498 2750 postea
515 2707 581 2740 τοῦ
599 2713 717 2741 tamen
735 2717 811 2740 cum
827 2718 889 2741 suo
906 2707 1027 2741 Schol.
1042 2715 1079 2742 et
1091 2705 1334 2752 Porphyrione
1349 2707 1415 2740 hoc
1430 2705 1550 2740 modo:
1568 2715 1670 2750 „nam
1685 2700 1840 2748 quumvis

319 2772 387 2795 non
406 2762 581 2806 ignorem,
601 2767 638 2797 te
653 2763 688 2796 in
710 2763 868 2798 omnibus
887 2774 975 2808 quae
995 2764 1083 2798 facis
1103 2763 1233 2797 habere
1255 2761 1425 2797 rationem
1446 2762 1587 2804 decori,
1608 2765 1723 2795 tamen
1747 2756 1839 2792 domi

319 2822 355 2849 et
374 2818 408 2850 in
429 2819 512 2853 villa
526 2824 674 2864 paterna
696 2831 938 2866 nonnunquam
956 2821 1087 2865 gaudes
1108 2819 1271 2862 ludicris,
1294 2820 1381 2854 adeo
1397 2824 1493 2862 utet
1505 2816 1620 2863 passis
1638 2825 1713 2849 cum
1729 2812 1837 2847 amico

318 2873 472 2915 gratiose
492 2875 653 2911 ludere.“
687 2877 743 2911 Ad
762 2877 951 2923 Cruquium
974 2889 1085 2923 prope
1105 2876 1244 2911 accedit
1266 2876 1492 2918 Torrentius,
1513 2883 1614 2919 quum
1629 2874 1666 2905 et
1684 2870 1762 2915 ipse
1776 2868 1837 2904 im-

317 2929 445 2972 probat
467 2942 604 2966 versum
627 2929 832 2978 sequentem
851 2945 871 2967 a
899 2934 1067 2968 lambino
1088 2933 1292 2979 parenthesi
1318 2932 1497 2966 inclusum.
1542 2927 1689 2972 „Multo
1709 2925 1837 2969 enim‚“
