1910 3138
0 1633 38 1842 Ἴξς.,νειᾉι-ιιμ-,εᾼιειῑ-,Γ

122 179 179 220 89
226 173 507 217 GomN‘r.
526 174 584 215 IN
606 175 728 218 HOR.
748 172 850 212 LIB.
870 173 899 212 1.
933 172 1100 212 EPIST.
1119 171 1528 212 DUoDEvlcnsm.
1567 167 1651 212 437

124 303 163 340 p.
194 287 307 339 834„
332 288 383 328 de
407 287 546 326 olitore
572 288 597 328 i.
627 300 661 326 e.
689 286 889 325 hortulano
915 285 1158 337 Humelberg.
1189 285 1239 323 ad
1261 284 1367 337 Apio.
1397 285 1440 336 3,
1463 286 1500 326 1.
1523 298 1563 337 p.
1583 285 1651 326 70.

125 356 211 396 coll.
239 368 328 395 ann.
358 355 410 394 ad
442 356 511 404 16,
539 355 607 395 72.

232 423 281 463 V.
309 425 363 464 37
391 443 448 450 —
472 422 542 463 38.
570 421 784 458 Arcanum
813 434 937 473 neque
965 442 1019 449 ——
1045 422 1119 458 ira.
1165 447 1194 470 ‚,
1205 420 1334 470 vitiis,
1370 434 1468 472 quae
1495 421 1652 459 vitanda

122 492 218 541 sint,
252 490 481 530 enumeratis
514 491 593 541 Jam
622 503 680 530 vv.
712 490 767 530 37
800 513 850 518 —
880 490 948 532 66.
997 487 1120 526 Lollio
1156 489 1309 540 antiqua
1345 490 1463 527 virtus
1491 493 1530 527 et
1557 489 1653 527 fides

122 572 197 598 una
223 566 308 598 eum
335 558 446 597 obvia
481 558 642 608 quadam
683 558 898 602 voluntate,
941 569 1016 608 qna
1053 556 1178 593 studia
1206 556 1356 607 patroni
1391 557 1655 608 prosequenda

123 633 238 678 atque
270 626 483 678 adjuvanda
520 626 616 675 sint,
658 626 826 663 studiose
863 624 1196 663 commen‹1atur.“
1253 624 1392 662 Errant
1427 628 1550 663 autem
1588 625 1654 675 qui

123 706 215 732 voce
238 693 350 732 iuius
377 692 498 745 (regis
522 693 582 731 vel
610 693 767 732 fautoris
798 693 856 731 vel
885 693 1052 744 potentis
1079 691 1206 740 amici)
1232 690 1427 730 Tiberium
1455 693 1655 742 significari

124 762 339 813 opinantur.
370 784 419 790 -
450 760 699 799 scrutaberis.
736 760 928 812 „Optime
963 758 1000 796 h.
1034 772 1070 798 v.
1100 759 1274 808 exprimit
1311 760 1512 798 molestum
1545 764 1656 812 atque

123 830 376 882 importunum
412 841 548 867 areana
580 829 830 878 investigandi
868 827 1077 866 studium.“
1133 825 1319 864 Orellms.
1360 827 1421 866 De
1450 842 1518 866 usu
1545 828 1656 879 hujus

125 910 160 936 v.
186 897 236 935 cf.
261 896 400 936 Μαι-Η.
419 897 468 935 ad
488 898 588 935 Stat.
616 897 709 938 Silv.
736 897 775 946 2,
798 896 840 945 3,
869 895 937 936 55.
952 894 1004 945 *).
1048 893 1224 932 Doederl.
1253 895 1397 945 Synon.
1436 895 1480 933 V.
1502 910 1540 947 p.
1562 898 1656 939 122.

123 965 167 1004 In
193 977 278 1003 rem
305 964 436 1005 Barth.
460 965 510 1002 ad
532 965 731 1003 Claudian.
761 965 799 1001 in
822 962 946 1001 Rufin.
972 962 1013 1009 2,
1041 961 1138 1002 488.
1167 975 1204 1012 Ρ.
1235 963 1356 1004 1266.
1379 985 1436 993 --
1466 964 1658 1002 Commis-

123 1045 290 1085 aumque
317 1039 435 1083 teges.
483 1032 543 1071 De
569 1033 641 1070 hoc
667 1031 768 1070 fideli
791 1030 965 1080 silentio,
994 1029 1042 1067 ab
1068 1029 1252 1081 Euripide
1276 1030 1447 1081 (Fragm.
1478 1031 1548 1082 40)
1575 1032 1658 1070 lau-

124 1101 235 1140 dato:
261 1098 426 1152 Κόσμος
446 1098 490 1141 δὲ
517 1103 630 1153 σιγῆς
648 1098 842 1150 στέφανος
870 1094 1019 1148 ἀνδρός
1042 1092 1093 1138 ov’
1115 1099 1261 1137 κακοῦ.
1314 1096 1364 1139 Τὸ
1396 1097 1439 1138 δὲ
1465 1098 1658 1140 ἕκλαλοῦν

125 1163 223 1210 οὗθ’
245 1166 402 1222 ἡδονῆς
428 1166 501 1221 μὲν
530 1166 714 1218 ἅπτεται,
748 1163 876 1207 κακόν
902 1161 1121 1216 δ’ὅμὶλημ’,
1155 1161 1328 1213 ἆσθενὲς
1360 1164 1404 1206 δὲ
1432 1167 1500 1206 καὶ
1528 1164 1657 1217 πόλει,

126 1237 230 1278 conf.
259 1249 296 1276 v.
329 1237 396 1278 69.
425 1237 493 1279 70.
521 1237 672 1275 Mitsch.
700 1236 749 1274 ad
779 1235 855 1274 od.
891 1236 927 1283 1,
959 1235 1027 1283 27,
1061 1234 1123 1274 17.
1157 1235 1222 1274 18.
1251 1234 1294 1283 3,
1323 1235 1362 1282 2,
1393 1235 1460 1276 25.
1491 1235 1656 1286 interpp.

125 1303 175 1342 ad
203 1304 284 1343 Sat.
315 1305 358 1351 1,’
384 1304 426 1354 3,
455 1305 522 1345 95.
549 1304 590 1353 4,
619 1304 687 1345 84.
718 1305 758 1351 2,
788 1304 829 1351 6,
858 1300 923 1342 46.
955 1300 1072 1342 Orell.
1098 1302 1147 1339 ad
1181 1302 1224 1339 Α.
1252 1302 1297 1340 Ρ.
1329 1302 1424 1343 200.
1455 1307 1580 1341 annot.
1607 1304 1657 1341 ad

125 1370 166 1421 5,
186 1372 253 1415 25.
276 1393 332 1400 —
360 1379 398 1408 et
423 1374 515 1410 vino
535 1379 658 1409 tortus
686 1378 722 1408 et
750 1372 825 1407 ira.
870 1369 926 1406 lta
946 1370 1080 1407 Senec.
1105 1369 1229 1420 Epist.
1250 1370 1318 1412 83.
1368 1369 1533 1407 Onerati
1551 1384 1657 1408 mero

125 1438 458 1492 quemadmodum
495 1454 575 1477 non
604 1440 802 1476 continent
839 1436 972 1474 cibum
1006 1437 1098 1472 vino
1132 1437 1405 1484 redundante,
1442 1441 1500 1476 ita
1527 1452 1577 1476 ne
1600 1453 1658 1476 se-

126 1514 276 1545 cretum
313 1507 495 1558 quidem.-
534 1507 642 1559 quod
675 1520 793 1544 suum
828 1505 1082 1555 alienumque
1118 1511 1198 1551 est,
1232 1507 1388 1556 pariter
1426 1507 1653 1560 effundunt.

125 1574 225 1615 Plat.
254 1574 303 1612 de
331 1573 456 1625 Legg.
484 1575 512 1613 1.
539 1589 580 1626 p.
609 1573 691 1615 649
717 1573 819 1625 (229
846 1571 1000 1623 Beck).
1043 1570 1150 1624 πλήν
1177 1575 1249 1626 τῆς
1276 1574 1320 1614 ἐν
1347 1574 1445 1630 οἴνῳ
1474 1571 1657 1627 βασάνου

129 1641 199 1683 καὶ
235 1642 398 1690 παιδιᾶς
426 1642 516 1682 τίνα
545 1641 683 1694 ἔχομεν
716 1638 874 1694 ἡδονήν
904 1640 1031 1680 εἰπεῖν
1067 1640 1258 1694 ἔμμετρον
1286 1641 1460 1693 μᾶλλον,
1500 1639 1552 1683 ἄν
1589 1643 1658 1684 καὶ

128 1708 355 1750 ὁπωστιοῦν
391 1704 470 1761 μετ’
508 1705 712 1762 εὐλαβείας
746 1709 945 1763 γίγνηται,·
977 1707 1164 1747 Plutarch.
1195 1710 1324 1761 Symp.
1353 1710 1395 1758 3,
1423 1712 1459 1750 1.
1489 1711 1588 1749 VIII.
1618 1725 1657 1763 p.

130 1778 225 1819 556.
273 1774 384 1825 οἶνος
419 1771 524 1829 ἡμᾶς
560 1773 710 1831 ἐνοίγει
741 1777 807 1818 καὶ
842 1778 1065 1826 δείκνυσιν,
1103 1772 1178 1818 οὔκ
1215 1776 1294 1817 ἔῶν
1325 1776 1497 1830 »ἡσυχίαν
1531 1776 1658 1834 ἄγειν,

130 1840 212 1885 ἄλλ’
231 1840 420 1896 οἷφαιροῖν
442 1842 488 1886 vd
510 1842 671 1897 πλάσμα
689 1845 756 1886 καὶ
784 1843 852 1886 τὸν
873 1841 1163 1898 σχηματισμόν,
1195 1839 1388 1885 ἀπωτάτω
1414 1849 1487 1887 τοῦ
1514 1844 1657 1900 νόμον,

128 1909 314 1966 καθάπερ
339 1914 616 1967 παιδαγωγοῦ,
643 1910 873 1969 γεγονότων.
903 1912 1080 1970 Αἰσώπῳ
1111 1912 1184 1967 μὲν
1210 1912 1279 1953 καὶ
1307 1911 1495 1954 Πλάτωνι
1522 1914 1590 1955 καὶ
1622 1914 1661 1955 εἴ

127 1996 188 2029 τις
215 1978 335 2028 ἄλλος
362 1978 570 2029 ἐξετάσεως
592 1978 744 2035 τρόπον
764 1984 908 2032 δεῖται,
936 1981 1036 2035 πρὸς
1061 1985 1178 2023 τοῦτο
1202 1978 1396 2034 χρήσιμον
1422 1980 1445 2022 ὁ
1467 1978 1656 2034 ἄκρατος·

107 2048 172 2089 ὀἱ
197 2046 242 2089 δὲ
276 2047 402 2101 μηδὲν
440 2045 636 2101 ἀλλήλους
669 2051 895 2102 βασανίζειν
933 2050 1130 2102 δεόμενοι,
1174 2047 1273 2102 μηδὲ
1308 2053 1554 2104 καταφωρᾷν
1583 2053 1655 2087 etc.

129 2116 187 2158 ld.
216 2117 264 2154 de
289 2116 468 2154 Garrulit.
498 2117 602 2155 Vlli-
630 2132 670 2169 Ρ.
698 2121 724 2159 6
749 2141 797 2148 -
820 2121 858 2160 8.
887 2121 958 2170 τῆς
986 2117 1029 2159 δὲ
1057 2117 1185 2170 μέθης
1215 2112 1334 2157 οὐδὲν
1354 2113 1458 2156 οὕτω
1487 2131 1658 2168 κατηγο-

130 2186 271 2236 ροῦσιν
290 2183 344 2232 ὥς
360 2181 405 2225 τό
423 2183 515 2236 περὶ
534 2182 628 2233 τούς
646 2181 790 2239 λόγους
808 2182 972 2238 οἷκρατὲς
992 2184 1057 2225 καὶ
1079 2180 1279 2237 ἀόριστον.
1294 2205 1349 2212 ——-
1361 2180 1465 2223 οὕτω
1485 2199 1523 2223 τι
1543 2182 1654 2235 βαθύ

129 2251 199 2292 καὶ
222 2253 490 2304 μυστηριῶδες
521 2251 550 2304 ἦ
577 2249 667 2306 σιγή
698 2253 766 2293 καὶ
794 2254 1007 2305 νηφάλιον.
1055 2253 1096 2290 In
1125 2254 1245 2304 ipsam
1273 2264 1350 2289 rem
1380 2251 1478 2291 conf.
1507 2251 1658 2292 Peerlk.

130 2323 169 2357 et
195 2319 320 2357 Liibk.
348 2321 397 2358 ad
426 2320 502 2358 od.
530 2321 578 2370 3,
608 2323 685 2370 21,
715 2322 767 2362 13
795 2335 852 2371 sq.
889 2320 1072 2358 Wieland.
1103 2325 1140 2358 et
1179 2318 1295 2359 Orell.
1325 2318 1374 2355 ad
1403 2318 1448 2357 A.
1482 2317 1525 2358 P.
1557 2315 1655 2359 434.

129 2387 276 2424 Mitsch.
297 2388 346 2424 ad
373 2387 448 2425 od.
477 2389 515 2436 1,
543 2389 608 2435 18,
637 2390 701 2428 16.
729 2387 858 2426 annot.
879 2387 928 2424 ad
956 2387 997 2437 5,
1021 2388 1084 2427 16.
1109 2387 1255 2424 Erasm.
1282 2384 1432 2435 Adagg.
1458 2387 1497 2435 1,
1521 2387 1562 2434 7,
1587 2387 1656 2428 77.

129 2467 168 2504 p.
200 2453 293 2494 233.
322 2454 454 2496 Stuck.
483 2455 611 2506 Antiq.
646 2456 803 2494 Conviv.
831 2455 873 2505 3,
901 2456 941 2494 8.
966 2467 1005 2505 p.
1034 2452 1132 2494 504.
1172 2452 1234 2490 De
1261 2454 1349 2497 ἱνα,
1378 2465 1476 2504 quae
1504 2452 1656 2493 ultionis

242 2577 278 2624 ⁸¹)
304 2579 355 2613 De
375 2579 582 2614 Pronomine
601 2587 639 2615 tu
659 2586 696 2615 et
714 2580 771 2615 hic
786 2584 823 2614 et
841 2591 875 2614 V.
899 2576 956 2613 44.
979 2580 1037 2614 87.
1059 2584 1226 2624 usurpato
1247 2577 1320 2613 vid.
1343 2590 1424 2612 aun.
1448 2579 1493 2614 ad
1514 2580 1571 2624 16,
1595 2578 1654 2615 53.

131 2648 168 2682 p.
185 2634 267 2672 325.
283 2635 365 2669 coll.
382 2634 495 2671 Bentl.
512 2637 556 2670 ad
571 2637 650 2671 Sat.
666 2639 699 2680 2,
714 2637 749 2679 3,
767 2637 847 2672 212.
868 2635 998 2669 Heiud.
1014 2636 1059 2669 ad
1075 2635 1151 2669 Sat.
1167 2637 1201 2679 2,
1218 2636 1251 2677 2,
1270 2636 1328 2671 20.
1348 2636 1474 2671 Loers.
1490 2636 1536 2670 ad
1550 2635 1656 2672 Ovid.

131 2692 245 2726 Trist.
268 2693 300 2735 1,
323 2693 354 2735 1,
375 2690 430 2726 25.
450 2691 583 2726 Eadem
603 2691 778 2737 elegantia
797 2691 926 2725 Γαΐω-ι’
943 2696 1018 2733 est,
1039 2701 1139 2737 quam
1159 2690 1194 2724 in
1221 2690 1351 2726 talibus
1366 2703 1472 2737 saepe
1487 2693 1655 2728 observa-

131 2753 212 2782 runt
231 2747 448 2792 interpretes
466 2751 506 2780 ut
520 2748 699 2791 Bentlejua
717 2748 762 2781 ad
781 2747 858 2781 Sat.
878 2749 910 2789 1,
925 2747 960 2790 3,
977 2743 1050 2791 74.,
1071 2747 1265 2783 &tumidius
1283 2748 1327 2782 ad
1348 2748 1466 2794 Epist.
1483 2750 1515 2793 1,
1539 2749 1595 2794 13,
1618 2752 1652 2786 2.

132 2808 170 2837 et
186 2815 273 2849 quoa
291 2804 432 2838 laudant
446 2803 566 2838 Moser
587 2803 630 2837 ad
652 2804 730 2838 Cic.
751 2803 860 2837 Tusc.
878 2805 909 2837 1.
934 2805 988 2839 12.
1007 2815 1044 2848 p.
1061 2802 1132 2847 89„
1153 2803 1370 2840 Hildebrcmd
1387 2805 1432 2840 ad
1446 2805 1549 2853 Apul.
1562 2806 1653 2842 Met.

133 2860 167 2902 6,
188 2861 245 2896 13.
270 2873 306 2907 p.
326 2858 407 2896 437.
428 2864 466 2895 et
483 2861 597 2896 Eckst.
618 2860 662 2895 ad
682 2860 784 2896 Voss.
806 2858 914 2894 Arist.
930 2860 980 2894 Π.
999 2871 1034 2906 p.
1053 2860 1132 2895 799.
