1910 3138
338 217 422 259 228
730 215 1003 256 EXCURSUS
1033 217 1103 255 AD
1131 218 1212 256 VV.
1241 219 1310 259 37.
1335 219 1403 260 38.
1801 219 1855 260 68

338 358 375 396 p.
395 342 492 385 414.
520 341 657 382 Lehrs.
685 339 1019 391 „Abhandlungen
1048 343 1116 380 der
1144 343 1316 382 deutsch.
1347 343 1600 381 Gesellschaft
1621 342 1661 379 in
1690 341 1860 393 Kb'nigs-

338 413 474 462 berg,“
506 411 568 460 IV,
602 413 640 452 1.
669 422 710 460 p.
741 410 835 450 172.
865 409 1090 459 Superstitio
1118 411 1194 448 ista
1221 413 1296 462 jam
1325 411 1426 461 apud
1450 411 1624 461 antiquos
1651 409 1860 448 'Hebraeos

337 481 543 531 reperitur,
574 478 650 515 vid.
676 475 833 514 Wner.
864 477 992 526 „Bibl.
1010 478 1314 517 Realerterbf‘
1342 478 1390 516 ΙΙ.
1414 492 1453 530 p.
1478 479 1573 520 830.
1603 483 1719 527 atque
1738 477 1860 528 ejusd.

339 551 582 588 commentar.
613 547 652 584 in
680 544 806 595 Epist.
844 544 950 586 Paul.
990 546 1040 583 ad
1076 546 1198 584 Galat.
1239 547 1291 596 3,
1333 548 1371 587 1.
1409 559 1448 597 p.
1476 546 1567 595 73.,
1606 546 1772 584 manavit
1811 546 1859 583 ad

338 614 595 661 Christianos3
639 612 902 652 fascinantium
938 613 1035 652 enim
1078 613 1268 651 oculorum
1303 613 1445 652 mentio
1483 613 1526 651 fit
1561 626 1584 651 a
1617 613 1783 652 Balzam.
1821 614 1862 650 in

338 694 470 722 canon.
495 681 596 720 LXI.
626 680 761 722 concil,
792 680 915 720 Trull.
945 694 1007 733 ap.
1037 681 1234 732 Bingham.
1268 681 1307 719 in
1341 681 1452 732 Orig.
1481 682 1560 720 sive
1594 681 1722 732 Antiq.
1755 681 1860 722 Eccl.

335 749 419 786 Vll.
448 763 486 801 p.
508 748 602 791 259.
631 748 720 799 (16,
739 748 779 799 5,
803 747 877 799 6.)‚
909 752 1105 799 grassatur
1132 748 1244 786 hodie
1272 750 1372 800 apud
1397 748 1593 788 Dalmatas
1622 749 1718 801 (vid.
1745 749 1860 800 „Tfi-

336 817 440 868 bing.
470 816 762 868 Morgenblatt“
788 817 911 857 1828.
942 817 993 857 N.
1016 817 1083 859 52.
1110 830 1150 868 p.
1171 815 1302 867 205.),
1328 818 1429 868 apud
1455 818 1626 856 Graecos
1654 816 1749 866 (vid.
1783 817 1861 855 Co-

335 899 424 923 rae-5
458 886 508 923 ad
545 884 740 935 Theophr.
779 897 818 935 p.
851 885 945 925 260.
981 897 1044 934 ap.
1085 883 1214 923 Klotz.
1249 885 1298 922 ad
1334 885 1414 926 Cic.
1451 885 1570 924 Tusc.
1597 884 1726 935 3,,9,
1756 884 1860 935 20.),

336 953 437 1003 apud
461 952 577 991 Italos
604 952 718 1003 (Nic.
751 951 930 990 Valetta:
969 951 1175 1000 „cicalata
1200 951 1260 990 sul
1296 953 1440 991 fascino
1467 954 1724 1003 volgarmente
1749 953 1858 990 detta

322 1024 576 1070 jettatura.“
618 1020 744 1072 Neap.
782 1022 905 1061 1812.
942 1024 982 1058 et
1011 1019 1174 1056 Arditi:
1212 1020 1273 1070 „11
1299 1020 1443 1058 fascino
1469 1006 1701 1059 e“l’aniuleto
1727 1022 1859 1058 contro

335 1090 397 1127 del
419 1089 565 1127 fascino
589 1101 723 1139 presso
751 1088 804 1137 gli
831 1088 1017 1125 antichi.“
1046 1088 1168 1139 Neap.
1187 1087 1340 1137 1825.)‚
1365 1081 1545 1140 {mprimis
1569 1088 1670 1139 apud
1693 1086 1859 1125 Judaeos

334 1158 386 1195 ibi
414 1157 649 1205 habitantes,
681 1156 817 1206 quibus
843 1155 976 1192 malus
996 1155 1136 1192 oculus
1160 1154 1307 1206 (occhio
1327 1155 1486 1206 cattivo)
1521 1156 1692 1206 Gnayen
1711 1155 1861 1207 Aragn

335 1226 438 1263 audit
467 1225 558 1276 (vid.
587 1223 700 1276 „Die
728 1218 871 1262 Woche
901 1224 970 1262 der
1004 1223 1179 1261 Juden.“
1230 1223 1313 1260 Von
1341 1224 1488 1263 Urbino
1524 1225 1574 1262 da
1606 1223 1788 1262 Mantova
1819 1223 1860 1260 in

335 1294 463 1332 Branii
492 1292 779 1343 „Miscellen.“
825 1293 909 1330 Jen.
940 1289 1061 1331 1842.
1098 1291 1193 1328 fasc.
1225 1291 1291 1331 10.
1320 1304 1359 1342 p-
1387 1290 1499 1343 74.),
1531 1292 1633 1342 apud
1666 1294 1859 1330 nostrates

334 1361 506 1412 aliosque
543 1361 709 1413 populos
745 1359 962 1411 (Grimm..·
1001 1357 1232 1408 „Deutsche
1260 1357 1530 1410 Mythologie“
1556 1371 1595 1409 p.
1625 1357 1722 1401 624.
1751 1363 1790 1397 et
1817 1360 1856 1396 J.

332 1430 387 1467 A.
417 1443 495 1467 von
522 1429 658 1467 Ittner.
687 1428 951 1476 ,‚Schriften.“
979 1426 1042 1463 111.
1071 1439 1110 1476 p.
1140 1427 1167 1466 8
1193 1438 1301 1476 sqq.,
1338 1439 1451 1477 quem
1478 1427 1607 1465 laudat
1635 1426 1796 1464 Malten
1818 1429 1858 1465 in

333 1498 538 1547 „Neueste
560 1497 832 1535 Weltkunde.“
863 1495 986 1537 1889.
1015 1494 1081 1534 ΙΙΙ.
1110 1507 1149 1545 p.
1174 1495 1266 1544 78.‚
1301 1494 1436 1544 quibus
1464 1495 1564 1534 adde
1599 1496 1858 1534 narratiuncu-

332 1567 405 1604 lam
432 1566 554 1604 illam:
586 1565 697 1615 „Das
725 1564 819 1602 b6se
847 1563 997 1614 Auge.“
1047 1561 1154 1600 Nach
1179 1561 1239 1598 ΑΙ.
1270 1561 1424 1600 Dumas.
1453 1563 1492 1600 in
1518 1562 1713 1613 „Frankfi
1748 1563 1858 1600 Kon-

331 1633 685 1673 versationsblatt.“
717 1631 839 1680 1843->
870 1630 920 1669 N.
953 1631 1032 1671 108
1055 1629 1173 1680 sqq-).

447 1702 562 1747 Quod
592 1713 707 1752 supra
740 1699 855 1737 limos
888 1698 1023 1736 oeulos
1051 1698 1268 1750 cupiditatis
1307 1710 1459 1747 quoque
1495 1699 1591 1746 dixi,
1629 1699 1668 1736 in
1693 1703 1857 1738 mentem

331 1774 488 1807 venerat
516 1769 616 1807 illius
645 1769 736 1807 dicti
763 1769 864 1819 apud
894 1767 1053 1813 Quintil.
1083 1766 1198 1816 (lust.
1228 1766 1296 1814 11,
1323 1766 1365 1813 3,
1395 1763 1502 1821 76.):
1531 1767 1678 1819 Rigidi
1703 1781 1793 1806 vero
1820 1775 1857 1806 et

333 1836 500 1879 extenti,
537 1842 612 1872 aut
647 1836 839 1887 languidi
873 1843 911 1872 et
947 1841 1165 1884 torpentes,
1202 1841 1276 1871 aut
1309 1833 1453 1872 lascivi
1486 1842 1524 1872 et
1554 1835 1744 1882 mobiles,
1782 1842 1859 1876 aut

333 1909 517 1940 natantes
545 1909 583 1939 et
607 1904 787 1954 quadam
814 1903 1020 1953 voluptate
1050 1901 1220 1954 suffusi,
1249 1910 1323 1940 aut
1352 1903 1442 1941 limi
1465 1911 1525 1954 et,
1553 1911 1599 1942 ut
1625 1906 1684 1942 eie
1704 1905 1856 1952 dicam,

332 1984 508 2017 venerei,
539 1977 614 2007 aut
634 1978 840 2022 poscentes
864 1970 1143 2021 pollicentesve
1170 1984 1381 2022 nunquam
1409 1985 1489 2010 ease
1514 1971 1722 2012 dehebant.
1768 1973 1856 2013 Νο-

333 2044 473 2078 strates
508 2039 546 2076 in
575 2039 638 2077 tali
665 2052 706 2077 re
741 2038 1094 2088 „schmachtende,
1125 2038 1292 2076 liisterne
1323 2040 1483 2090 Augen,
1513 2040 1682 2079 Blieke“
1711 2041 1853 2082 dicunt.

335 2108 392 2146 Ab
408 2108 467 2145 his
481 2120 557 2145 non
576 2106 734 2144 multum
756 2105 934 2143 differunt
950 2105 1184 2142 Graecorum
1198 2104 1317 2157 ὑγροὶ
1333 2107 1486 2156 (Anaer.
1501 2109 1571 2156 28,
1601 2109 1667 2149 21.
1694 2107 1759 2146 ubi
1774 2109 1852 2147 vid.

334 2175 510 2213 Schneid.
538 2188 577 2226 p.
595 2173 710 2225 225),
738 2174 801 2224 qui
817 2173 915 2211 oculi
945 2172 1137 2223 voluptate
1167 2174 1274 2223 quasi
1303 2175 1411 2212 fracti
1437 2175 1627 2224 videntur,
1653 2180 1696 2214 ut
1717 2176 1761 2213 iis
1777 2175 1852 2214 Dio

334 2244 533 2294 Chrysost.
575 2241 664 2293 (Or.
696 2241 761 2280 IV.
791 2242 840 2279 de
868 2253 988 2290 regno
1019 2239 1047 2278 I.
1076 2253 1114 2290 p.
1148 2241 1242 2281 177.
1270 2241 1416 2285 Reisk.)
1445 2239 1489 2282 τὸ
1517 2239 1668 2293 μάχλον
1686 2243 1850 2299 tribuat:

333 2310 473 2364 ὑγροῖς
496 2307 645 2362 ὄμμασι
667 2307 818 2362 μάχλον
844 2307 1110 2360 ὑποβλέπων·
1138 2307 1303 2358 Alciphr.
1329 2312 1368 2358 1,
1394 2311 1462 2358 28,
1492 2310 1560 2350 10.
1591 2308 1698 2361 (ibiq.
1722 2311 1850 2363 Ber-gl.

335 2383 374 2417 et
399 2377 556 2430 Wagu.)
583 2375 748 2431 τακερὸν
773 2375 928 2430 βλέπεις
957 2374 1132 2428 βλέμμα·4
1171 2374 1327 2413 Lucian.
1358 2378 1485 2415 Amor.
1514 2377 1555 2418 3.
1593 2378 1657 2428 (V.
1684 2390 1725 2430 p.
1756 2377 1851 2422 259.

332 2447 437 2498 Bip.)
468 2445 600 2500 ἱλαραὶ
635 2449 716 2486 τῶν
742 2442 935 2498 ὀμμάτων
971 2443 1016 2483 αἱ
1050 2442 1166 2495 βολαὶ
1199 2447 1374 2496 τακερῶς
1409 2436 1711 2497 α’νυγραίνοντο.
1758 2447 1853 2487 Inde

335 2515 542 2566 explicandi
565 2521 704 2564 putres
733 2513 840 2551 oculi
867 2512 944 2551 od.
967 2513 1007 2560 1,
1035 2512 1105 2559 36,
1138 2514 1218 2560 17.,
1246 2511 1327 2561 (ubi
1355 2512 1432 2550 vid.
1465 2512 1615 2555 Mitsch.
1645 2517 1684 2552 et
1713 2514 1850 2567 orell.)

335 2586 374 2619 et
399 2581 508 2619 oculi
531 2581 748 2619 ludibundi
774 2587 894 2632 atque
920 2578 1125 2617 illecebrae
1142 2578 1435 2631 voluptatisque
1451 2579 1566 2631 pleni
1591 2594 1653 2633 ap.
1677 2582 1723 2622 A.
1750 2581 1849 2626 Geli,

336 2648 378 2696 3,
405 2650 443 2689 5.
487 2649 599 2691 conf.
626 2649 758 2689 Heius.
787 2653 826 2687 et
857 2650 984 2687 Burm.
1015 2648 1063 2686 ad
1098 2647 1252 2686 Petron.
1285 2649 1379 2690 126.
1415 2662 1454 2700 p.
1486 2650 1580 2690 598.
1623 2649 1772 2691 Mioech.
1798 2650 1848 2688 ad

338 2715 413 2756 Od.
447 2718 493 2765 1,
525 2716 602 2766 19,
631 2718 670 2757 8.
708 2716 759 2753 O.
791 2717 898 2756 Jahn.
928 2717 975 2754 ad
1004 2715 1110 2756 Pers.
1143 2719 1187 2763 1,
1220 2717 1285 2756 18.
1325 2716 1456 2758 Jacob,
1488 2718 1536 2755 ad
1562 2715 1718 2756 Lueian.
1746 2715 1846 2756 Tox-

340 2781 404 2819 15.
433 2795 471 2832 p.
497 2783 564 2822 70.
591 2783 826 2823 Rosenmn‘ill.
856 2786 903 2822 ad
928 2785 1022 2826 Hos.
1044 2784 1084 2832 2,
1111 2785 1148 2823 1.
1175 2796 1212 2833 p.
1234 2785 1323 2830 67.;
1353 2785 1419 2822 sed
1438 2785 1530 2823 haec
1547 2796 1617 2835 per
1634 2779 1845 2837 πάρεργον.
