2034 3224
382 234 467 279 110
524 237 902 279 ΟΟΜΖΜΕΝΤΔΒΙΙ
920 237 979 278 IN
995 232 1218 280 Hom-’m
1233 234 1336 280 Lm.
1350 238 1383 280 1.
1404 235 1569 282 EnsT.
1581 236 1783 282 omme.
1839 240 1924 286 no

379 370 516 421 χεῖρας
545 361 639 419 παρ’
664 363 822 411 ἑαυτοῖς
850 361 1028 415 ἔχοντες,-
1064 365 1165 403 conf.
1197 363 1289 403 ibid.
1323 368 1370 418 2,
1408 367 1448 409 1.
1484 378 1523 419 p.
1550 366 1646 410 142.
1684 369 1725 406 et
1754 364 1925 419 Epictet.

380 435 487 475 Diss.
507 437 547 486 2,
572 436 641 484 23,
664 434 732 474 38.
753 432 823 471 39.
847 431 969 470 Poeta
988 433 1166 485 apposite
1186 437 1265 472 tum
1287 436 1337 472 ad
1361 447 1421 473 vv.
1438 435 1467 475 7
1476 433 1738 476 —10.·'mare
1752 435 1925 486 Aegeum

381 505 506 558 ponit,
527 507 606 540 tum
626 501 728 551 quod
748 500 822 538 hoc
840 501 1203 552 procellosissimum
1219 503 1410 542 veteribus
1431 503 1597 542 habitum
1616 508 1692 554 est,
1711 505 1925 543 »vidffom

379 576 419 611 et
446 571 595 610 Mitsch.
625 567 674 606 ad
700 567 777 606 Od.
808 571 856 618 2,
887 571 961 620 16,
995 571 1034 612 2.
1071 569 1124 620 3,
1155 570 1231 620 29,
1262 572 1353 619 62.;
1395 571 1560 610 validae
1597 577 1724 612 autem
1752 574 1925 619 Auster,

378 641 467 693 quia
487 643 586 678 teste
607 637 730 676 Plinio
751 636 802 675 H.
826 637 880 676 Ν.
907 639 948 687 2,
967 635 1037 678 47.
1065 636 1217 676 Austro
1238 641 1408 687 maj0roe
1423 641 1585 690 fluctus
1607 641 1782 679 eduntur
1799 624 1944 693 quam*

376 708 599 760 Aquilone,
636 705 828 758 quoniam
857 704 927 742 ille
954 705 1136 757 infernus
1163 718 1210 744 ex
1240 707 1320 744 imo
1342 709 1454 745 ‘mari
1471 710 1621 760 spirat,
1659 709 1726 748 hie
1752 720 1922 748 summo·

375 778 469 817 Inde
497 775 601 825 Virg.
640 774 736 813 Aen.
775 775 821 824 1,
857 773 924 814 51.
961 773 1031 826 (ib.
1061 772 1208 826 Heyn.)
1242 775 1331 813 loca
1357 777 1448 828 sepa
1481 777 1708 828 furentibus
1742 778 1923 816 Auso-is.

375 846 489 885 ovid.
518 843 612 882 Met.
638 844 716 894 12,
747 841 831 882 510
865 840 934 893 (ib.
965 841 1104 895 Bach.)
1140 843 1296 881 insanis
1322 843 1478 882 viribus
1505 844 1664 886 Austri.
1702 844 1848 884 Lucan.
1880 847 1920 896 1,

375 912 470 955 498.
500 910 685 950 turbidas
712 909 879 948 Auster.
907 912 957 960 2,
986 908 1082 951 454.
1112 924 1238 962 quum
1267 925 1378 950 mare
1403 913 1581 964 pauida
1602 914 1761 953 Auster
1786 915 1923 952 Flati-

374 982 448 1020 bus
475 980 711 1025 horrisonis,
750 978 837 1017 coll.
871 978 1000 1017 Schol.
1031 979 1080 1017 ud
1109 980 1161 1029 9,
1190 980 1276 1021 320
1306 985 1346 1019 et
1376 976 1475 1022 447.
1509 981 1735 1022 Boethssde
1760 982 1919 1022 Consul.

370 1050 463 1104 phil.
493 1051 534 1100 1,
563 1050 607 1099 7,
633 1045 675 1089 4.
718 1047 767 1084 Si
801 1059 910 1084 mare
937 1046 1102 1084 volvens
1137 1047 1340 1088 Turbidus
1367 1049 1521 1087 Auster
1550 1051 1918 1090 Misceataestum.

373 1119 488 1158 Conf.
515 1119 614 1156 Stat.
644 1114 772 1153 Theb.
805 1117 854 1164 2,
887 1114 982 1155 105.
1034 1114 1170 1156 Senec.
1202 1116 1348 1156 Troad.
1380 1118 1504 1160 1012.
1540 1118 1665 1158 Benti.
1695 1121 1745 1158 ad
1773 1119 1851 1157 Od.
1877 1114 1920 1169 4,

373 1185 443 1238 14,
474 1187 541 1229 20,
568 1185 653 1225 Jan.
680 1185 729 1222 ad
758 1183 835 1221 od.
864 1184 903 1231 1,
936 1183 1005 1232 28,
1037 1184 1104 1224 21.
1130 1181 1259 1223 Liibk.
1290 1186 1339 1222 ad
1369 1186 1444 1227 od.
1472 1187 1589 1238 3,’7,
1620 1187 1660 1229 5.
1687 1186 1839 1225 Μίῒεώ.
1867 1184 1919 1225 1ιά

371 1256 448 1295 od.
473 1252 586 1303 1‚·3‚
617 1250 685 1292 14.
714 1251 757 1300 3,
786 1252 855 1300 27,
887 1251 954 1292 22.
995 1250 1122 1302 Epod.
1154 1253 1222 1302 10,
1250 1250 1289 1293 4.
1316 1253 1458 1292 Heind.
1482 1258 1523 1292 et
1545 1254 1664 1294 Oreil.
1688 1256 1738 1292 ad
1765 1255 1848 1293 Sat.
1876 1255 1918 1304 1,

372 1326 412 1374 1,
442 1323 483 1363 6.
512 1320 638 1358 Schm.
669 1320 719 1357 ad
743 1318 868 1369 Epist.
895 1319 935 1367 2,
958 1320 998 1368 2,
1024 1319 1117 1361 202.
1145 1318 1265 1359 Drak.
1287 1321 1335 1358 ad
1355 1321 1423 1359 Sil.
1447 1321 1533 1360 Ital.
1557 1323 1634 1372 17,
1656 1320 1753 1365 247.
1776 1320 1916 1361 Loers.

368 1392 420 1431 ad
449 1390 563 1429 ovid.
591 1389 714 1429 Trist.
745 1388 784 1436 1,
817 1389 858 1436 2,
888 1386 957 1426 30.
987 1386 1115 1425 Burm.
1146 1388 1196 1425 ad
1225 1387 1340 1426 Auth.
1360 1388 1450 1428 Lat.
1469 1387 1518 1429 ΙΙ.
1539 1403 1579 1441 p.
1601 1389 1699 1431 889.
1729 1390 1916 1428 Wiietem.

371 1461 422 1498 ad
449 1459 486 1497 T
488 1459 615 1496 heocr.
645 1457 688 1506 7,
720 1455 789 1496 58.
829 1454 988 1492 lactan·
1018 1460 1165 1506 autem,
1206 1459 1251 1494 ut
1279 1453 1539 1507 σαλεύεσθαι,
1571 1454 1854 1511 ᾆιπτιῖζεσθαι,
1872 1457 1921 1494 'iu

365 1527 439 1565 hac
467 1539 510 1563 re
537 1524 744 1576 proprium.
757 1523 871 1573 ›Virg.
898 1521 994 1562 Aen.
1018 1524 1058 1574 1,
1079 1524 1120 1564 3.
1151 1524 1218 1565 29.
1245 1525 1430 1563 Multum
1449 1524 1520 1562 ille
1538 1532 1576 1562 et
1600 1526 1714 1563 tem-is
1727 1527 1916 1574 jactatus

368 1602 405 1632 et
427 1594 522 1632 alto.
562 1591 1102 1641 Ovid.Trist.1,11‚39.
1144 1593 1283 1630 Iactor
1316 1594 1360 1631 in
1394 1593 1586 1632 indomito
1615 1591 1795 1631 brumali
1829 1592 1918 1630 luce

362 1662 579 1715 profundo.
613 1661 707 1699 Ibid.
736 1661 779 1710 3,
810 1662 850 1708 2,
879 1659 945 1700 15.
977 1660 1059 1699 Cic.
1084 1660 1203 1699 Tusc.
1225 1661 1266 1712 5,
1288 1663 1329 1711 2,
1355 1661 1394 1702 5.
1422 1674 1577 1715 mag-ma
1590 1662 1745 1711 Jawaei*
1768 1655 1916 1713 tempe-

366 1737 478 1769 state.
507 1729 602 1768 Vell.
633 1728 718 1767 Pat.
746 1729 785 1776 1,
814 1729 852 1769 2.
875 1730 1027 1774 jactati
1053 1731 1222 1768 saevitia
1249 1731 1386 1769 maris.

478 1798 524 1835 V
555 1799 674 1839 17—-
687 1798 753 1838 19.
783 1795 1264 1838 Incolumi—caminus.
1295 1798 1515 1838 Sententia.
1545 1797 1650 1847 „Qui
1670 1797 1796 1836 auimo
1816 1795 1917 1835 bene

367 1868 577 1919 ccmposito
602 1868 688 1914 est,
725 1865 759 1903 ei
787 1877 866 1902 non
894 1866 1015 1916 magis
1043 1867 1204 1917 prodest
1231 1866 1392 1905 Rhodus
1421 1871 1495 1905 etc.
1535 1877 1648 1916 quam
1671 1866 1836 1917 paenula
1856 1885 1915 1895 -—-

364 1937 391 1975 i.
425 1949 461 1974 e.
489 1934 751 1986 pulcherrimis
787 1933 861 1970 illis
889 1932 1076 1972 Graeciae
1113 1939 1152 1973 et
1184 1934 1299 1973 Asiae
1334 1933 1488 1972 urbibus
1530 1936 1589 1981 (ut
1624 1927 1915 1972 verbis'Oreilii

363 2004 467 2054 utar)
495 2015 615 2053 aeque
642 2000 803 2039 libenter
832 2005 936 2039 caret
963 2015 1007 2040 ac
1035 2003 1149 2041 rebus
1176 2001 1500 2042 molestissimis.“
1527 2001 1587 2040 Ita
1615 2001 1782 2053 Epictet.
1804 1999 1912 2040 Dias.

365 2072 408 2123 4,
437 2070 486 2122 4,
515 2070 584 2112 36.
626 2069 758 2110 Καλαὶ
788 2070 832 2110 αἱ
858 2066 1042 2121 Ἀθῆναι.
1086 2069 1203 2111 unio?
1231 2068 1278 2112 τό
1307 2066 1564 2123 εὐδαιμονεῖν
1591 2066 1756 2111 κάλλιον
1780 2064 1912 2111 mhi‘

364 2137 408 2182 τὸ
436 2136 585 2191 ἀπαθῆ
615 2134 738 2187 εἶναι,
767 2135 814 2178 τό
845 2133 1058 2190 ἀτάραχον,
1097 2137 1141 2180 τὸ
1165 2138 1232 2180 ἐπὶ
1259 2138 1411 2191 μηθενὶ
1439 2141 1603 2179 κεῖσθαι
1629 2134 1678 2178 τὰ
1708 2133 1759 2178 σὰ
1781 2133 1913 2192 πρόγ-

365 2224 482 2262 ματα.
515 2202 700 2260 Θόρνβος
728 2205 770 2247 ἐν
795 2201 924 2262 Ῥώμῃ
949 2205 1016 2247 καὶ
1047 2203 1264 2260 ἀσπασμοί.
1292 2203 1412 2249 ’AM-oi
1434 2203 1479 2246 τὸ
1504 2198 1662 2258 εἰῖρόεῖν
1690 2201 1782 2246 ἀντὶ
1803 2201 1914 2245 πάν-

362 2292 445 2318 των
471 2278 553 2316 τῶν
581 2271 800 2317 δυσκόλων.
844 2275 950 2313 Illam
978 2277 1083 2314 verbi
1115 2276 1243 2315 Jneol.
1277 2275 1564 2328 explicationem
1592 2276 1632 2311 et
1659 2273 1793 2311 suadet
1821 2282 1911 2311 seu-

364 2345 572 2385 tentiarum
609 2343 705 2382 ordo
743 2347 784 2382 et
812 2344 890 2381 sert
926 2343 1077 2394 linguae
1116 2345 1362 2384 consuetudo.
1421 2341 1484 2379 Sic
1519 2340 1603 2377 Sat.
1634 2342 1686 2390 2,
1722 2340 1775 2389 3,
1814 2339 1908 2382 132·

362 2414 555 2452 ineolumi
582 2414 712 2464 capite
739 2425 820 2450 esse
845 2413 1051 2464 opponitur
1083 2413 1274 2463 insaniae,
1310 2415 1354 2450 ut
1384 2409 1480 2447 bene
1510 2408 1715 2446 observant
1747 2405 1911 2444 Schmi-

363 2483 455 2520 dius
480 2486 518 2521 et
548 2480 726 2520 Orellias
755 2480 908 2519 laudato
937 2480 1065 2518 Schol.
1099 2481 1237 2533 Cruq.:
1275 2490 1421 2531 „sanae
1448 2476 1586 2514 mentis
1619 2475 1781 2525 homini,
1815 2480 1908 2514 con-'-

364 2551 478 2587 stanti
507 2556 545 2589 et
580 2549 755 2601 quiet0.“
798 2549 1037 2588 Contrarium
1064 2548 1180 2587 habes
1211 2560 1275 2599 ap.
1305 2546 1441 2584 Senec.
1472 2545 1522 2583 de
1551 2544 1697 2595 Tranq.
1725 2542 1904 2585 anim-'2-

362 2618 581 2667 Proprium
608 2619 724 2670 aegri
752 2625 811 2655 eet
835 2616 944 2656 nihil
968 2617 1039 2656 diu
1061 2618 1157 2668 pati
1183 2623 1220 2653 et
1247 2612 1534 2652 mutationibus
1563 2619 1611 2650 ut
1634 2609 1818 2650 remediis
1845 2611 1907 2647 uti

362 2689 436 2724 ete.
471 2685 712 2724 Sanadonus
747 2690 874 2726 autem
913 2690 952 2726 et
987 2683 1226 2738 Dorighello
1258 2682 1375 2721 verbo
1410 2681 1604 2720 incolumi
1634 2679 1799 2720 Bullatio
1835 2689 1904 2716 ex-

360 2753 582 2806 probratum
609 2756 740 2792 vident
770 2756 879 2793 nimis
914 2754 1151 2794 obfirmatum
1188 2754 1227 2791 in
1263 2751 1379 2791 semel
1413 2759 1591 2802 suscepto
1629 2746 1786 2787 consilio
1820 2746 1904 2784 aui-

361 2835 487 2872 mum,
517 2836 630 2872 quum
654 2822 767 2862 Asiae
796 2825 1004 2863 amoenitas
1032 2835 1110 2861 non
1135 2821 1231 2860 tanti
1259 2820 1434 2860 habenda
1458 2821 1522 2869 sit,
1553 2822 1596 2856 ut
1619 2815 1767 2868 patriae
1795 2826 1902 2852 amor

359 2890 542 2930 memoria
564 2891 724 2928 excidat.
775 2889 847 2930 Alii
877 2893 1002 2942 aliter,
1040 2894 1084 2930 ut
1111 2890 1375 2942 Desprezius:
1414 2885 1624 2939 „Quamvis
1652 2884 1817 2934 jactatus
1845 2883 1902 2921 ⁸58

361 2959 501 3000 Austro
526 2962 565 2998 et
586 2958 893 3010 tempestatibus,
922 2964 1090 3000 'attamen
1117 2958 1242 3000 salvus
1262 2958 1439 2998 evasisti:
1468 2967 1540 2995 nec
1562 2957 1602 2992 te
1621 2953 1760 2990 morari
1783 2950 1900 2990 debet
