1910 3138
314 220 397 263 230

869 221 1263 264 HORATII

1791 208 1848 272 ’το

381 349 459 394 Me
492 348 597 394 facit
630 348 832 408 invisum,
871 348 1019 410 gelida
1051 364 1180 410 quum
1213 352 1390 412 perluor
1422 353 1539 398 unda

381 430 468 474 Per
502 427 688 472 medium
722 426 880 489 frigus.

946 428 1067 476 Sane
1100 420 1287 476 murteta
1320 433 1517 492 relinqui,
1649 418 1652 420 ,
1815 433 1842 476 5

381 509 594 566 Dictaque
629 510 875 553 cessantem
908 510 1055 554 nervis
1091 509 1254 555 elidere
1287 512 1481 556 morbum

380 586 604 646 Sulphura
637 590 873 649 contemni,
909 589 1030 652 vicus
1064 591 1200 650 gemit
1232 590 1401 635 invidus
1437 592 1604 651 aegris,

379 667 464 723 Qui
499 669 629 726 caput
664 669 708 712 et
741 667 1010 713 stomachum
1044 683 1289 729 supponere
1322 668 1510 715 fontibus
1543 669 1704 716 audent

378 745 568 792 Clusinis
607 746 855 806 Gabiosque
888 751 1039 808 petunt
1068 752 1118 813 et
1153 748 1314 810 frigida
1345 763 1468 794 rura·

377 826 616 872 Mutandus
650 827 774 872 locus
810 829 901 890 est,
939 831 984 873 et
1018 829 1256 874 diversoria
1288 830 1394 874 nota

361 964 407 998 V.
435 960 471 997 4.
505 962 634 1008 gelide.
670 963 775 998 Dess.
805 966 838 1001 2.
867 984 925 990 —-
961 965 1056 1010 quod

300 1021 391 1067 perl.
406 1020 498 1055 Mss.
517 1019 753 1055 vetustissimi
772 1032 829 1066 ap.
844 1014 954 1057 Torr.
970 1023 1054 1056 dum

302 1079 392 1124 perl.
408 1077 477 1114 Ms.
487 1077 625 1112 Moma.
635 1078 797 1123 curperl.
808 1080 912 1112 Gott.
926 1080 960 1113 1.
972 1091 1053 1124 per-

300 1137 394 1170 luar.
409 1133 645 1169 Ed.Praedic.
654 1134 837 1179 per-vehor.
849 1134 1053 1181 Mss.Cruq.

304 1195 336 1235 1,
353 1203 375 1225 a
387 1211 445 1216 —
459 1191 494 1225 d.
514 1190 596 1236 (sed
615 1194 811 1236 superscr.)
832 1192 946 1228 Pulm.
963 1194 997 1228 2.
1014 1192 1049 1227 3.

303 1248 500 1283 Torr.duo.
510 1247 604 1282 Mire
615 1246 708 1281 illam
719 1248 931 1294 scripturam
941 1248 1053 1294 expli-

301 1310 360 1340 cat
373 1305 572 1351 CruquiuS,
598 1304 721 1338 melius
739 1305 972 1350 Torrentius,
990 1306 1051 1352 qui

298 1368 482 1408 comparat
495 1360 588 1396 Plin.
613 1361 661 1396 H.
677 1361 801 1407 N.·29,
816 1361 852 1398 5.
882 1363 999 1398 mersit
1012 1363 1050 1397 in

298 1421 398 1454 lacus
428 1430 570 1465 aegros.

353 1476 398 1510 V.
423 1475 457 1511 5.
495 1480 662 1510 murteta.
696 1474 787 1510 Mss.
812 1474 925 1511 Pulm.
947 1477 982 1510 1.
1011 1476 1047 1510 7.

296 1533 421 1567 Lamb.
453 1534 486 1569 2.
523 1537 561 1566 et
591 1532 637 1566 al.
668 1531 778 1578 Cruq.
811 1531 896 1578 aliq.
935 1534 1046 1567 Torr.

295 1589 479 1624 vetustiss.
513 1588 649 1623 Bersm.
678 1595 768 1623 tres.
796 1589 913 1624 Bentl.
943 1594 1047 1624 vetu-

294 1647 438 1685 stiores,
468 1646 534 1680 Fe.
565 1646 605 1690 5,
636 1658 670 1681 a.
708 1647 749 1691 (a
778 1646 912 1691 2.,ιιι.)
945 1647 1045 1683 Pott.

293 1703 422 1748 pleriq.
450 1702 566 1737 Orell.
597 1702 685 1738 bSd.
717 1703 839 1739 Berol.
869 1704 903 1739 1.
932 1705 1047 1747 (πιαν-

293 1760 405 1803 tecta)
434 1760 540 1794 Dess.
561 1761 595 1794 1.
618 1761 650 1796 2.
677 1759 714 1794 3.
744 1760 844 1806 Lips.
865 1762 898 1794 1.
930 1762 1045 1806 (mur-

292 1817 409 1861 theta)
447 1818 551 1850 Gott.
582 1818 615 1850 1.
655 1816 767 1851 Goth.
803 1817 915 1852 Dorv.
942 1819 1028 1854 1.2

291 1872 456 1910 Rudolst.
497 1878 534 1906 et
570 1876 607 1906 ut
633 1873 708 1906 vid.
748 1873 891 1908 Monac.
928 1885 1042 1920 paene

293 1941 383 1964 omn.
412 1930 470 1963 Ita
489 1928 610 1963 Schol.
633 1940 774 1975 quoque
795 1930 965 1975 Cruquii,
984 1942 1043 1964 re-

292 1986 413 2021 stituit
430 1986 635 2030 Bentlejus‚
653 1997 754 2031 quem
766 1986 861 2020 vide.
880 1992 1040 2031 myrteta.

292 2043 381 2079 Mss.
407 2042 513 2088 reliq.
543 2054 601 2087 ap.
630 2042 755 2077 Lamb.
787 2043 898 2088 Cruq.
926 2043 1038 2076 Pulm.

291 2102 428 2137 Bersm.
467 2110 531 2134 sex
567 2110 626 2145 ap.
662 2100 763 2133 Pott.
802 2100 856 2144 (9.
892 2100 949 2134 12.
979 2099 1039 2134 13.

291 2156 348 2193 15.
377 2159 434 2194 16.
466 2155 545 2201 18.)
585 2155 640 2190 Ik.
669 2167 759 2190 omn.
795 2155 910 2190 Orell.
941 2155 987 2189 E.
1018 2167 1039 2189 e

290 2215 423 2249 nostris
453 2217 552 2248 certe
581 2213 701 2251 Berol.
732 2214 764 2248 2.
804 2212 907 2258 Lips.
939 2214 973 2248 2.
1000 2211 1036 2245 3.

289 2273 395 2306 Gott.
425 2272 458 2307 2.
502 2269 624 2305 Guelf.
651 2270 687 2305 3.
721 2268 819 2304 Mon.
850 2280 896 2303 ιιι.
938 2267 1035 2303 Edd.

287 2329 387 2374 vulg.
425 2328 532 2362 etiam
571 2327 656 2362 San.
694 2327 776 2361 Jon.
815 2325 896 2359 Val.
942 2326 1038 2369 Sivr.

288 2387 408 2420 Wetz.
438 2383 793 2430 lk.Camp.Cha1-p.
815 2386 932 2417 Amar.
954 2382 1038 2416 mir-

288 2449 371 2477 teta.
405 2442 495 2476 Mas.
518 2441 640 2476 Guelf.
662 2443 695 2475 1.
717 2442 751 2476 2.
768 2436 805 2475 4.
839 2438 938 2474 Μοιι.
958 2451 991 2473 c.
1011 2438 1036 2474 l.

287 2500 381 2534 Edd.
411 2499 503 2533 Ven.
524 2495 607 2534 492.
638 2497 790 2542 Dorigh.
815 2507 913 2536 sane,
932 2492 1037 2531 Mur-

284 2561 358 2590 teta
387 2560 457 2590 etc.
502 2555 573 2589 Ed.
607 2554 772 2589 Praedic.
813 2570 862 2578 -—·
900 2551 1034 2597 reliqui.

286 2612 374 2645 Mss.
411 2613 466 2647 lk.
497 2608 533 2645 4.
563 2610 599 2646 5.
630 2613 664 2648 6.
708 2610 830 2646 Guelf.
862 2611 895 2646 1.
930 2611 964 2645 2.
998 2608 1033 2643 3.

284 2667 405 2702 Berol.
429 2671 462 2703 1.
494 2668 640 2702 Corbei.
669 2668 770 2702 Mon.
786 2680 833 2703 .e.
859 2685 908 2692 -
935 2666 982 2702 V.
1001 2666 1034 2701 6.

283 2724 454 2768 Duraque
491 2725 563 2758 Ms.
592 2725 718 2759 Oberl.
759 2725 803 2761 D.
837 2724 877 2769 (a
897 2724 931 2758 1.
955 2722 1034 2767 m.).

284 2782 456 2823 Aptaque.
490 2782 593 2826 Conj.
624 2783 657 2816 J.
688 2781 871 2822 Clericus,
901 2779 1034 2815 Docta-

284 2847 349 2878 que
372 2835 442 2879 legi
465 2838 598 2871 mavult
619 2837 773 2884 Cuning.
802 2857 854 2887 -ft-
881 2838 1032 2872 eludere.

284 2891 354 2924 Ms-
385 2891 484 2928 Mon.
515 2894 539 2926 s.

340 2948 381 2979 V.
408 2948 442 2981 7.
473 2950 644 2993 sulphura
675 2957 710 2984 et
742 2952 901 2996 sulpura.
939 2950 1028 2985 Mss-

1785 830 1841 872 10

1099 965 1285 1012 antiquiss.
1301 977 1361 1011 ap.
1382 965 1493 1000 'rm-r.
1509 964 1610 1011 Lips.
1625 965 1659 1000 1.
1674 965 1709 1002 2.
1735 964 1843 1000 Dese.

1100 1033 1192 1057 omn.
1231 1027 1270 1057 et
1305 1018 1404 1059 Mon.
1436 1016 1568 1069 pleriq.
1606 1025 1715 1068 atque
1749 1021 1846 1057 haud

1098 1079 1173 1113 scio
1214 1091 1259 1114 an
1295 1079 1397 1114 multi
1423 1074 1505 1124 alii,
1546 1089 1693 1125 quorum
1730 1078 1846 1125 serip-

1097 1141 1180 1171 tura
1207 1148 1278 1170 non
1315 1136 1506 1170 observata
1534 1139 1604 1170 est.
1654 1136 1712 1170 Ita
1739 1136 1847 1170 etiam

1097 1204 1161 1227 ms.
1186 1192 1307 1227 Guelf.
1326 1205 1419 1227 saec.
1441 1193 1477 1227 9.
1497 1203 1555 1238 ap.
1582 1192 1755 1228 Prudent.
1775 1193 1846 1227 Ca-

1095 1248 1203 1284 them.
1233 1247 1273 1294 5,
1305 1250 1384 1285 136.
1423 1249 1622 1294 Hamartig,
1653 1250 1737 1285 727.
1774 1249 1846 1283 Pe-

1095 1306 1177 1341 rist.
1202 1305 1245 1349 5,
1275 1306 1355 1342 198.
1387 1306 1519 1352 Apoth.
1542 1306 1623 1340 137.
1652 1305 1842 1351 Psychom.
1897 1334 1903 1344 .

1094 1361 1153 1399 95.
1185 1362 1300 1404 Quum
1329 1362 1488 1408 Sulphur
1511 1374 1556 1396 ex
1578 1362 1704 1408 sulpur
1730 1366 1845 1397 ortum

1095 1420 1163 1464 sit,
1189 1419 1286 1453 illam
1304 1418 1592 1466 orthographiam
1611 1430 1687 1453 cum
1707 1418 1844 1454 Hauth.

1095 1477 1141 1511 ad
1170 1476 1276 1510 Pers.
1297 1477 1331 1519 2,
1356 1475 1414 1514 25.
1442 1480 1481 1510 et
1510 1476 1649 1511 Obbar.
1680 1475 1727 1510 ad
1751 1476 1845 1510 Pru-

1093 1533 1192 1567 dent.
1233 1531 1468 1577 Cathem.5,
1503 1532 1585 1568 136.
1630 1533 1843 1578 comprobo3

1091 1591 1218 1636 sulpur
1243 1591 1376 1636 probat
1403 1590 1536 1635 Wagn.
1566 1588 1613 1625 ad
1639 1588 1745 1635 Virg.
1772 1590 1842 1623 Ge.

1091 1647 1136 1691 3,
1166 1642 1250 1681 449.
1284 1652 1322 1682 et
1352 1646 1390 1681 in
1423 1646 1599 1692 Orthogr.
1634 1644 1765 1693 Vin-gil.
1803 1658 1842 1692 p.

1090 1699 1173 1738 474.
1201 1703 1337 1738 Contra
1359 1702 1402 1738 C.
1426 1699 1635 1738 Schneider.
1658 1698 1844 1748 (Elemen-

1089 1759 1172 1795 tarl.
1192 1771 1230 1805 p.
1245 1757 1344 1810 216.)
1361 1764 1507 1795 auctore
1523 1759 1675 1795 Vossio'
1662 1771 1701 1794 ιιι
1717 1758 1841 1806 Etym-

1089 1822 1127 1852 et
1156 1816 1267 1852 Arist.
1297 1817 1328 1852 Ι.
1365 1831 1403 1864 p.
1429 1818 1510 1854 119.
1546 1818 1692 1852 formam
1724 1817 1842 1862 nuffar

1087 1874 1262 1920 praefert.
1290 1893 1348 1900 -—·
1379 1874 1582 1909 contemnis.
1622 1873 1721 1908 Edd.
1749 1873 1839 1908 Ven.

1087 1928 1172 1966 477.
1202 1931 1260 1965 79.
1287 1930 1345 1965 83.
1377 1932 1435 1966 86.
1465 1931 1567 1966 Flor.
1597 1927 1731 1967 4823!
1759 1940 1842 1964 con·

1086 1987 1232 2032 tempm‘.
1260 1987 1318 2021 Ita
1335 1999 1418 2023 mss.
1438 1984 1542 2034 Lips.
1563 1987 1782 2022 orum-Dese.
1802 1987 1836 2020 1.

1086 2043 1122 2077 3.
1153 2044 1259 2077 Gott.
1286 2044 1321 2078 1.
1351 2061 1407 2071 ·—·
1436 2046 1532 2080 lom
1557 2044 1680 2090 gemit.
1714 2042 1837 2079 Guelf.

1086 2101 1120 2135 2.
1138 2099 1220 2144 (sed
1238 2110 1416 2145 superscr.
1436 2101 1488 2145 υἱ)
1507 2101 1602 2135 vicus
1613 2105 1752 2146 gemat.
1765 2098 1838 2135 Ed.
1907 2102 1910 2109 “

1084 2156 1250 2190 Praedia.
1273 2175 1331 2183 —
1357 2158 1404 2191 v,
1423 2158 1458 2192 8.
1490 2158 1592 2201 Quod
1615 2161 1734 2202 caput.
1764 2156 1838 2191 Ma.
1900 2136 1910 2173 f

1083 2211 1184 2246 Μοιι.
1212 2223 1248 2257 g.
1268 2232 1325 2238 —-—
1343 2225 1386 2247 ac
1410 2213 1579 2247 emmach.
1618 2211 1713 2246 Edd.
1743 2213 1836 2248 Cun-

1084 2269 1170 2303 San.
1197 2268 1313 2303 Merv.
1343 2269 1476 2303 Franc.
1503 2269 1612 2303 Bask.
1633 2269 1719 2304 777.
1746 2269 1837 2314 (ιιοιι

1082 2325 1183 2369 762).
1240 2325 1390 2370 Dorigh.
1431 2344 1480 2351 --
1511 2322 1706 2370 frontibus.
1763 2325 1836 2360 Mn.

1082 2381 1183 2416 Mon.
1210 2392 1246 2426 g.

1896 2152 1910 2218 ι

1895 2223 1910 2274 22

1899 2266 1910 2405 ξ

1138 2437 1183 2471 V.
1203 2438 1237 2473 9.
1263 2437 1435 2472 Clusinos.
1454 2437 1546 2472 Mss.
1563 2415 1679 2484 Cruq.·
1696 2439 1729 2482 1,
1745 2449 1780 2473 a.
1793 2437 1832 2475 3.

1081 2494 1180 2530 Μοιι.
1206 2495 1244 2528 b.
1275 2495 1371 2539 (al.
1400 2494 1480 2538 m.‚)
1506 2495 1571 2530 sed
1600 2506 1694 2530 corr.
1722 2494 1760 2529 in
1790 2493 1832 2529 ιἸ.

1082 2551 1266 2596 (Οἰιωίηαιι
1285 2551 1407 2588 Guelf.
1427 2548 1483 2596 3.)
1513 2550 1632 2588 Schol.
1657 2551 1769 2598 Cruq.
1795 2549 1833 2585 in
1900 2563 1910 2593 j

1080 2609 1242 2643 lemmate
1272 2612 1310 2643 et
1337 2620 1374 2643 v.
1395 2608 1444 2653 5.,
1472 2620 1543 2643 ιιοιι
1562 2609 1672 2652 Acro,
1705 2607 1767 2654 qui
1793 2606 1832 2641 in

1080 2665 1240 2700 lemmate
1271 2665 1421 2700 Clusinis
1444 2665 1566 2700 habet.
1596 2664 1693 2699 Eud.
1715 2664 1829 2709 Cruq.

1083 2723 1172 2756 Cun.
1214 2722 1300 2758 San.
1331 2722 1448 2757 Merv.
1483 2721 1613 2756 Frano‘.
1650 2718 1828 2764 Dorigh.;

1076 2779 1237 2813 refutant
1250 2780 1362 2814 Torr.
1379 2783 1417 2813 et
1430 2779 1518 2813 Fen.
1531 2797 1580 2804 —
1606 2775 1826 2820 Glabt'ueques

1076 2835 1164 2874 Mss.
1174 2835 1274 2881 Lips.
1287 2847 1378 2870 omn.
1390 2833 1512 2870 etcod.
1523 2830 1671 2868 Mentel.
1684 2832 1826 2866 Gabia·-

1075 2904 1152 2938 que.
1172 2893 1277 2927 Dess.
1290 2894 1323 2929 2.
1342 2891 1470 2926 Gabios
1480 2894 1616 2936 petunt.
1638 2888 1709 2922 Ms.
1724 2886 1822 2923 Mc‘m.
1891 2921 1895 2924 .

1075 2962 1106 2985 c.
1125 2970 1179 2975 —
1208 2950 1250 2986 V.
1277 2950 1333 2985 10.
1364 2946 1628 2990 Mutandaeque
1648 2945 1743 2980 locus
1763 2947 1824 2979 eet.
