1910 3138
300 217 384 260 388
448 221 728 260 COMMENT.
747 221 804 260 IN
824 221 948 260 HOR.
967 220 1119 263 LIB.'1.
1159 221 1689 266 EPRT-SEPTJDECUL
1759 225 1817 271 40

299 346 386 372 nem
411 334 554 372 date!“
579 333 687 372 Hanc
713 334 909 373 formulam
936 334 1190 373 mendicorum
1215 335 1580 389 fuissejnonjnepte
1608 339 1820 390 suspicatur

298 400 540 452 Rappoltus.
569 423 625 430 —
658 403 838 440 Succinit
863 402 977 440 alter.
1021 403 1146 448 Quum
1179 403 1381 441 succinere
1412 404 1489 454 ait„
1519 406 1678 445 alterum
1705 419 1818 458 prae-

299 471 482 508 cinentem
512 471 681 508 comitari
709 469 837 521 (Jahn.
864 471 914 508 ad
941 470 1046 511 Pers.
1077 470 1120 520 3,
1151 471 1248 520 20),
1278 470 1588 522 „pulthoe„‘,‘..2nt
1614 473 1669 511 ait
1691 473 1816 514 Schoi.

299 538 435 587 Cruq.,
475 539 686 588 „exprimit
723 541 981 578 mendicorum
1025 537 1248 589 cantilenas,
1289 538 1354 589 qui
1393 539 1688 587 succinuntvsibi
1722 541 1818 579 invi-

296 605 415 643 cem.“
442 627 499 633 ——
525 605 568 647 V.
595 605 663 649 49,
711 607 854 656 „Alter
891 608 1027 657 igitur,
1056 606 1203 657 quadra
1237 606 1318 655 illa,
1347 595 1681 656 inquit,·illi-'aoli,
1698 610 1817 649 desti·

291 678 382 711 nata
409 673 499 711 mihi
523 687 672 725 quoque
702 675 935 716 ‹lividetur.“
984 675 1060 719 Qui
1075 673 1263 723 findatur
1295 673 1408 712 scribi
1434 673 1665 726 maluerunt,
1692 678 1817 729 nqtio-

292 754 376 778 nem
405 742 640 780 certitudinis
667 742 705 779 in
732 743 878 782 Futuro
912 744 1151 794 conspicuam
1190 742 1357 792 indeque
1384 745 1534 781 enatam
1558 742 1720 786 hominis
1746 746 1817 784 im-

289 809 507 860 pudentiam
534 809 700 848 sensisse
734 823 810 848 non
837 810 1027 850 videntur.
1076 811 1188 848 Conf.
1215 810 1381 850 Schmid.
1422 811 1472 848 ad
1509 809 1584 858 13,
1614 813 1652 853 2.
1687 811 1816 854 Lfibk.

289 877 339 915 ad
369 877 446 915 Od.
473 877 517 926 3,
546 876 588 926 3,
618 877 657 916 6.
702 877 802 917 Male
825 879 1026 915 Daceruss
1054 877 1154 914 mihi
1165 875 1276 926 find.
1306 890 1377 929 pro
1406 891 1434 915 a
1459 891 1520 916 me
1531 879 1816 927 findam-dici

289 949 394 983 ratus
421 946 546 983 locum
563 945 620 983 sic
642 945 773 983 vertit:
805 945 1094 995 „Donnez—moi
1122 959 1164 984 ce
1192 947 1304 998 pain,
1328 946 1367 997 je
1389 946 1440 985 lui
1462 947 1643 986 donnerai
1665 947 1703 990 la
1722 949 1818 989 moi·

288 1014 386 1052 tie-‘⁶
452 1013 619 1064 Quadra
631 1010 669 1060 *)
709 1018 833 1051 autem
873 1027 963 1066 pars
999 1015 1181 1064 quaedam
1221 1016 1279 1054 vel
1315 1017 1422 1056 fracti
1462 1018 1521 1056 vel
1563 1016 1655 1055 secti
1693 1016 1816 1068 pauit.

287 1082 402 1120 Mart.
429 1082 479 1132 9,
506 1082 559 1122 71
590 1079 703 1132 (91),
737 1082 801 1121 17.
840 1081 1010 1119 Libetur
1036 1082 1109 1119 tihi
1142 1084 1338 1123 candidas
1364 1085 1423 1124 ad
1449 1099 1545 1123 aras
1577 1085 1695 1122 Secta
1717 1083 1817 1135 plu-.-

285 1152 390 1188 rima
418 1150 575 1203 quadra
604 1148 652 1186 de
669 1148 895 1198 placenta?
941 1152 1077 1189 Senec.
1108 1153 1157 1190 de
1183 1153 1316 1192 Benef.
1344 1153 1387 1202 4,
1421 1155 1486 1195 29.
1543 1151 1816 1204 Quisbenffi-
1853 1172 1860 1174 *

285 1221 392 1257 cium
423 1219 524 1256 dixit
551 1216 751 1269 quadram
784 1220 908 1268 panis
939 1227 1013 1256 aut
1049 1221 1188 1270 stipem
1221 1222 1324 1258 aeris
1358 1221 1532 1270 abjecti?
1578 1221 1689 1260 Anth.
1725 1220 1814 1262 Lat.

283 1289 326 1338 3,
357 1288 448 1337 185,
473 1287 513 1327 5.
557 1285 723 1338 (Burm.)
743 1288 894 1337 poteris
910 1289 1059 1338 pistore
1085 1290 1265 1327 ministro
1295 1289 1509 1327 Gaudenti-⁹
1530 1289 1709 1341 quadrae
1727 1302 1814 1326 mu-

283 1371 360 1394 nus
385 1355 528 1393 habere
550 1354 700 1392 sedens.

394 1425 439 1465 V.
466 1425 533 1465 50.
563 1423 629 1464 51.
679 1422 762 1459 Sed
792 1424 937 1460 tacitus
963 1425 1083 1474 pasci
1110 1425 1147 1462 εἰ
1171 1438 1312 1462 corvus
1341 1432 1475 1476 poscet
1497 1438 1582 1476 sqq.
1627 1424 1727 1462 Fere
1751 1424 1812 1470 hic

282 1494 412 1531 vident
448 1499 602 1531 auctore
638 1491 852 1542 Xylcmdro
889 1492 1091 1544 apologum
1130 1494 1318 1544 quendam
1355 1493 1560 1545 Aesopium
1599 1493 1648 1531 de
1685 1504 1811 1538 corvo,

282 1562 344 1611 qui
378 1561 596 1598 crocitando
626 1560 766 1611 prodat
792 1560 992 1611 praedam,
1029 1574 1104 1611 quo
1131 1562 1282 1611 quidem
1318 1562 1404 1611 fiat,
1444 1565 1488 1600 ut
1514 1565 1554 1599 et
1577 1561 1640 1599 alii
1670 1561 1718 1598 ad
1746 1573 1811 1598 ra-

279 1628 456 1678 piendum
484 1628 658 1678 veniant,
688 1628 907 1679 quibuscum
937 1633 1001 1666 aut
1030 1629 1223 1679 depugnet
1244 1642 1351 1668 suam
1376 1641 1550 1671 asserens
1572 1632 1643 1669 aut
1669 1622 1812 1670 in'vidia

279 1696 425 1734 laboret
452 1697 542 1734 nihil
567 1697 797 1748 impertiens,
854 1696 969 1735 Nulla
995 1700 1120 1734 tamen
1148 1697 1256 1748 hujus
1280 1698 1490 1748 argumenti
1513 1695 1651 1737 fabella
1676 1709 1811 1748 super-

281 1769 352 1802 est.
414 1764 471 1802 Ex
509 1765 581 1802 hoc
615 1765 700 1804 loco
737 1769 862 1803 autem
895 1778 1001 1802 suam
1030 1765 1078 1802 cle
1114 1778 1228 1802 corvo
1265 1767 1433 1803 nimium
1469 1765 1630 1816 loquaci
1655 1764 1811 1804 finxisse

281 1833 429 1870 videtur
453 1832 755 1882 elegantissimus
785 1830 1017 1870 Desbillons
1042 1833 1109 1881 10,
1141 1834 1207 1873 12.
1235 1832 1302 1884 (ΙΙ.
1331 1847 1369 1884 p.
1399 1833 1496 1874 304.
1522 1833 1583 1872 ed.
1620 1832 1809 1873 Manlum.

281 1902 422 1950 1768).
471 1899 646 1951 Apologo
674 1901 816 1938 omisso
855 1900 1086 1937 Diintzerus
1121 1900 1309 1939 hominem
1337 1900 1439 1937 illum
1477 1899 1698 1939 clamantem
1726 1910 1810 1945 cum

277 1982 391 2007 corvo
424 1973 567 2005 tantum
597 1972 851 2018 comparatum
880 1969 984 2005 videt
1023 1968 1136 2017 idque
1166 1980 1212 2006 ea
1241 1967 1344 2016 lege,
1381 1981 1494 2018 quam
1527 1968 1618 2006 alias
1646 1967 1805 2004 Poetam

276 2037 381 2088 sequi
409 2037 500 2074 dicit
528 2035 612 2074 coll.
642 2035 684 2083 3,
719 2037 783 2075 18.
831 2036 940 2073 Adde
970 2040 1088 2074 nostr.
1118 2036 1165 2072 ad
1195 2035 1261 2081 10,
1293 2035 1330 2074 5.
1365 2040 1403 2072 et
1431 2034 1549 2074 Orell.
1576 2035 1626 2074 ad
1653 2035 1737 2079 Sat.
1766 2034 1806 2083 1,

277 2108 317 2154 1,
349 2105 416 2146 58.
463 2105 582 2143 Recte
609 2104 782 2154 quidem3
818 2107 910 2140 nota
938 2103 1037 2140 enim
1077 2108 1136 2140 est
1164 2103 1367 2152 symbolica
1395 2104 1504 2140 corvi
1532 2101 1806 2154 interpretatio,

274 2186 349 2223 qua
377 2185 487 2211 omne
515 2185 636 2222 genus
671 2172 859 2209 aviditatis
887 2171 1132 2220 significatur.
1181 2171 1244 2208 Sic
1282 2171 1362 2208 Sat.
1394 2172 1433 2219 2,
1463 2171 1502 2220 5,
1531 2170 1598 2212 56.
1643 2183 1805 2208 corvum

273 2240 433 2277 deludet
455 2240 653 2290 hiantem,
683 2253 758 2290 quo
787 2238 1026 2277 referendum
1046 2244 1105 2277 est
1128 2239 1218 2276 illud
1242 2239 1344 2288 apud
1366 2238 1561 2289 Aristoph.
1586 2237 1685 2281 Plut.
1706 2237 1804 2277 369-

274 2305 323 2349 σύ
343 2307 416 2359 μὲν
441 2304 516 2348 οἶδ’
535 2305 557 2349 ὃ
574 2303 750 2360 κρώζεις.
792 2307 850 2344 Ita
865 2307 1106 2358 heredipetae
1127 2307 1228 2358 apud
1247 2306 1402 2345 Petron.
1428 2307 1520 2346 116.
1546 2306 1674 2342 corvis
1686 2333 1701 2351 ,
1733 2306 1805 2356 qui

273 2375 472 2414 cadavera
501 2375 704 2425 lacerant,
735 2379 1020 2427 comparantur3
1057 2377 1109 2414 ita
1134 2375 1294 2426 parasiti
1318 2371 1488 2426 κόρακες
1515 2367 1679 2412 audiunt·
1700 2373 1801 2425 apud
1861 2413 1866 2418 ,

381 2519 422 2568 *)
443 2523 565 2558 Duru:
593 2526 770 2570 „Quadra
788 2526 962 2560 l'assiette
982 2525 1069 2559 dans
1094 2523 1244 2571 laquelle
1264 2524 1298 2558 le
1326 2522 1419 2569 petit
1436 2523 1566 2569 penple
1586 2522 1686 2558 allait.
1702 2533 1805 2557 rece-

270 2580 348 2614 voir
368 2581 414 2614 du
434 2581 517 2626 pain
533 2593 601 2616 aux
622 2582 870 2617 distributions
889 2582 1085 2628 publiques.
1128 2582 1184 2616 On
1206 2580 1365 2627 appelait
1380 2591 1420 2614 ce
1439 2580 1522 2624 pain
1538 2591 1626 2626 pan.
1646 2580 1803 2624 quadro-

271 2642 343 2680 tus,
365 2649 472 2682 parce
489 2638 571 2682 qu'il
592 2639 682 2673 etoit
700 2643 850 2684 partage
871 2651 914 2674 en
935 2639 1099 2685 quatre.“
1138 2637 1211 2672 Sed
1227 2637 1310 2672 vide
1327 2648 1417 2683 quae
1434 2637 1477 2670 de
1494 2636 1638 2681 quadris
1655 2635 1716 2670 hio
1727 2633 1802 2669 ‹lis-

270 2700 396 2735 putaut
422 2695 616 2739 Torrent.‚
636 2696 806 2741 Rappolt.
837 2697 891 2741 (p.
921 2697 1008 2739 799)
1041 2700 1078 2729 et
1109 2693 1324 2737 Schmidius‚
1351 2695 1470 2728 Rader
1487 2694 1535 2727 ad
1556 2692 1733 2732 Martsfis
1753 2689 1796 2724 51

270 2748 374 2791 (75),
405 2753 437 2785 1.
459 2762 495 2794 p.
516 2748 599 2787 472.
623 2752 774 2797 Rupert.
796 2756 833 2786 et
862 2753 1035 2787 Schmidt.
1056 2753 1101 2786 ad
1125 2753 1251 2786 Juven.
1276 2750 1310 2793 5,
1334 2753 1367 2787 2.
1394 2746 1797 2784 Wemsdorf.‹et-Jahu.

270 2804 312 2836 ad
332 2805 433 2851 Virg.
457 2806 588 2842 Moret.
608 2806 667 2842 49.
696 2808 774 2853 (ille
794 2809 830 2844 in
858 2811 962 2848 Poet,
983 2810 1062 2843 Lat.
1089 2810 1170 2845 min.
1191 2809 1240 2842 Π.
1269 2820 1302 2853 p.
1326 2809 1410 2851 270,
1437 2806 1494 2841 hic
1514 2806 1551 2840 in
1581 2801 1750 2847 „Archiv
1769 2802 1798 2836 f·

269 2859 396 2894 Philol.
418 2873 451 2895 u.
470 2864 700 2909 Paedagog.“
723 2866 825 2901 1836.
844 2866 907 2910 IV,
923 2863 958 2900 4.
980 2878 1015 2911 p.
1032 2866 1131 2908 638.)
1170 2866 1263 2899 Hinc
1283 2864 1421 2898 videbis
1437 2863 1483 2896 de
1506 2858 1675 2895 Schelleri
1689 2858 1798 2892 inter-

267 2918 485 2961 pretatione:
518 2921 642 2963 „Gebt
662 2921 749 2955 auch
770 2922 836 2956 mir
854 2921 910 2956 ein
931 2921 1142 2956 Tellerchen
1161 2923 1206 2956 ab
1226 2933 1295 2956 von
1316 2921 1380 2955 der
1400 2918 1610 2954 theflsamen
1634 2915 1797 2948 Gabe!“
