2034 3224
366 200 448 243 136
486 200 862 244 COMMENTARII
880 203 939 242 IN
958 202 1182 243 HORATII
1198 203 1299 244 LIB.
1315 205 1346 244 Ι.
1380 203 1546 245 EPIST.
1562 203 1794 247 numme.
1826 205 1908 250 136

367 325 530 370 ἐνδέων.
562 329 640 369 od.
665 330 714 378 2,
742 329 813 379 11,
836 325 878 370 4.
912 340 986 366 nec
1014 327 1183 381 trepides
1210 330 1255 367 in
1281 343 1400 368 usum
1419 331 1624 370 Pascentes
1642 332 1735 371 aevi
1751 342 1908 383 pauca,

367 395 431 434 ubi
469 396 716 448 Doeringius
748 394 850 433 hunc
886 395 959 435 loc.
998 400 1205 450 comparat.
1239 397 1327 438 Cat.
1362 397 1462 436 Dist.
1489 396 1538 450 4,
1570 400 1611 441 2.
1636 398 1747 453 (ibiq.
1774 398 1907 439 Ama.

366 477 406 515 p.
433 463 550 516 201.)
584 462 800 503 Commoda
827 470 1000 503 naturae
1026 465 1140 504 nullo
1168 464 1244 503 tibi
1271 472 1443 517 tempore
1470 465 1661 513 deerunt,
1685 467 1750 505 Si
1776 466 1910 519 fuera

367 537 573 569 contentus
600 545 661 578 eo,
695 529 807 583 quod
822 532 1009 582 poetulat
1034 547 1142 574 usus.
1181 533 1338 573 Lucret.
1363 534 1388 576 5
1401 560 1415 584 ,
1446 533 1703 578 1116-18.
1730 538 1775 574 et
1808 545 1910 584 quae

365 600 415 637 de
442 602 666 651 paupertate
693 599 904 639 Horatiana
927 601 1100 653 disputat
1123 600 1301 641 Liibker.
1327 602 1379 641 ad
1402 602 1479 641 Od.
1507 602 1551 653 3,
1576 605 1616 653 1,
1646 602 1714 645 25.
1742 601 1909 640 Coma-a·-

365 666 459 704 rium
496 668 667 706 Senecae
704 667 753 704 de
788 668 924 707 Benef.
952 670 1001 718 2,
1030 670 1097 710 10.
1135 668 1344 723 (Gronov.)
1371 669 1501 708 deesse
1526 669 1609 709 sibi
1634 671 1679 708 in
1705 675 1910 720 sumptum

364 734 423 771 ad
448 736 687 773 necessarios
715 749 813 773 usus
840 736 988 775 dicitur.
1034 737 1282 788 Quapropter
1307 738 1434 778 facere
1450 752 1611 790 nequeo
1624 750 1716 777 cum
1738 736 1807 776 Fr.
1831 735 1911 774 Ja-

365 799 510 847 eolasio,
543 802 769 850 Schmidio,
807 803 976 851 Orellio,
1005 805 1141 856 quibus
1166 819 1263 843 ιιειιε
1289 819 1434 844 rerum>
1449 810 1512 846 est
1533 806 1751 856 alienarum,
1777 804 1831 843 ita
1852 806 1910 855 ut,

363 869 467 918 quod
496 870 589 910 dicit
615 872 711 923 ipsis
739 872 867 911 verbis
905 872 1098 920 Orellius,
1129 873 1252 912 Iccius
1277 873 1428 925 „libere
1454 875 1506 913 ad
1531 886 1625 913 usus
1638 874 1750 912 'vitae
1775 884 1912 910 neces-

363 937 484 975 sarios
512 939 734 991 dispensare
760 945 800 981 et
827 942 1031 994 disponere
1058 941 1244 994 potuerit,
1271 955 1369 993 quae
1392 943 1646 995 provenirent
1657 941 1703 979 in-
1718 939 1911 991 Agrippae

361 1004 536 1044 fundis.“
591 1007 700 1049 Illam
729 1011 959 1049 sententiam
989 1009 1113 1049 Poeta
1140 1010 1366 1060 significavit
1389 1024 1428 1050 v.
1458 1011 1496 1052 1.
1528 1013 1592 1061 2.,
1617 1008 1680 1048 his:
1700 1011 1835 1048 autem
1859 1008 1912 1046 nd

360 1071 484 1110 locum
512 1087 750 1116 communem
775 1091 1005 1130 progressus
1035 1092 1126 1118 esse
1154 1078 1367 1117 censendus
1396 1082 1471 1117 est.
1507 1076 1665 1116 Acutius
1683 1079 1811 1115 autem
1828 1088 1913 1115 m

361 1140 538 1180 Dacen'o
564 1144 716 1183 Duru.-
741 1144 967 1197 „Lorsqu'a
995 1147 1044 1185 de
1072 1146 1190 1198 petits
1211 1146 1320 1184 biens
1346 1160 1397 1185 on
1421 1146 1522 1198 joint
1547 1145 1608 1184 Le
1630 1145 1755 1196 grand
1770 1148 1843 1193 'art
1861 1145 1911 1183 de

360 1209 399 1246 la
419 1211 682 1261 jouissance.“
707 1213 800 1253 Illos
829 1216 854 1253 i.
883 1226 918 1252 e.
946 1216 1138 1251 nostrates
1169 1213 1342 1264 sequitur
1368 1226 1466 1252 unus
1495 1212 1799 1263 enostratibus5
1827 1212 1912 1251 Joe.

361 1278 540 1317 Merkel.-
577 1281 663 1331 „Es
692 1282 745 1320 ist
775 1282 879 1320 nicht
909 1281 1054 1331 diirffig
1087 1294 1135 1318 zu
1166 1294 1343 1331 nennen,
1377 1280 1490 1320 Wem
1517 1281 1586 1320 der
1613 1280 1818 1326 Gebrauch
1842 1281 1913 1319 frci

362 1346 464 1386 steht
493 1361 560 1386 zur
589 1348 754 1399 Geniige
782 1361 857 1387 von
884 1348 1071 1387 fremdem
1098 1348 1381 1389 Besitzthum.“

472 1412 519 1453 V.
550 1414 590 1456 5.
621 1417 661 1456 6.
715 1416 764 1453 Si
789 1410 921 1455 ventri
947 1414 1043 1453 bene
1061 1438 1111 1447 —
1126 1418 1274 1463 majus.
1307 1416 1528 1456 Sententia:
1565 1417 1748 1467 „Quodsi
1773 1416 1827 1454 ad
1851 1427 1914 1468 ea,

361 1494 461 1533 quae
494 1483 543 1520 ad
580 1482 762 1522 tuendam
798 1483 990 1523 hominum
1017 1484 1135 1523 vitam
1162 1485 1376 1536 pertinent,
1412 1483 1515 1522 bona
1542 1485 1692 1525 accedit
1719 1483 1915 1533 valetudo,

360 1562 410 1588 ne
437 1563 571 1601 regum
599 1551 754 1601 quidem
778 1566 875 1604 opes
905 1556 945 1591 te
971 1553 1093 1604 magis
1122 1553 1316 1591 fortunare
1343 1552 1553 1602 possunt.“
1589 1552 1635 1592 In
1661 1563 1738 1602 qua
1761 1564 1804 1590 re
1831 1551 1915 1590 sine

362 1618 478 1656 dubio
510 1619 609 1658 Hor.
646 1620 818 1672 respexit
851 1632 988 1658 versus
1016 1620 1172 1659 Solonis
1205 1632 1268 1672 ap.
1297 1618 1490 1659 Plutarch.
1519 1621 1558 1659 in
1586 1619 1665 1659 vit.
1694 1619 1825 1659 Solon.
1854 1618 1912 1670 (2.

363 1699 402 1737 p·
425 1687 491 1730 12.
521 1687 583 1724 ed.
610 1686 837 1740 westerm.)
856 1683 966 1730 ’Ίσόν
984 1703 1048 1730 τοι
1069 1688 1327 1736 πλουτοῦσιν,
1359 1682 1438 1742 ’ὅτῳ
1465 1685 1588 1737 wolde
1609 1683 1783 1743 ἄργυρός
1809 1685 1916 1729 ἔστιν

365 1752 450 1794 Καὶ
484 1750 630 1807 χρυσᾶς
662 1753 732 1796 καὶ
766 1758 843 1810 γῆς
870 1753 1113 1810 πυροφόρου
1143 1753 1285 1806 πεδία,
1311 1749 1452 1797 Ἵπποι
1478 1751 1524 1797 θ’
1550 1754 1718 1810 ἡμίονοί
1745 1749 1809 1805 τε,Δ
1846 1753 1917 1797 καὶ

366 1816 400 1879 ᾦ
426 1819 476 1862 τὰ
504 1821 647 1864 δέοντα
674 1821 870 1876 πάρεστιν
894 1825 1043 1879 Γαστρί
1069 1839 1112 1865 τε
1138 1822 1207 1864 καὶ
1236 1817 1433 1876 πλεύραις
1457 1822 1528 1866 καὶ
1554 1821 1678 1864 ποσὶν
1703 1818 1811 1875 ἇβροῖ
1836 1837 1917 1866 πα·-

364 1894 459 1931 θεῖν
491 1886 647 1938 Παιδός
673 1886 705 1930 τ’
731 1890 807 1943 η’δὲ
834 1889 1036 1945 γυναικός.
1075 1893 1197 1932 Iidem
1224 1890 1401 1941 leguntur
1427 1902 1491 1942 ap.
1523 1890 1702 1942 Theogn.
1725 1889 1811 1931 719
1828 1903 1915 1942 sqq.

366 1958 431 1997 ubi
466 1958 625 1997 seorsim
662 1958 897 1997 Welekems
930 1962 1059 2013 posuit
1095 1973 1130 1998 v.
1171 1958 1282 2001 1185
1321 1971 1408 2010 sqq.
1444 1972 1484 2010 p.
1515 1955 1571 1999 64
1605 1962 1646 1997 et
1674 1955 1771 2005 140.
1800 1958 1916 1999 Conf.

367 2026 505 2067 Markl.
541 2027 591 2065 ad
625 2026 760 2078 Eurip.
797 2028 931 2080 Suppl.
969 2031 1068 2071 850.
1105 2027 1241 2082 (870).
1278 2027 1558 2066 Schneidewin.
1590 2025 1742 2066 Delect.
1774 2038 1815 2078 p.
1848 2026 1917 2068 28.

368 2093 527 2135 Etiamsi
554 2097 598 2135 ut
625 2092 771 2132 Coi-aes
799 2095 985 2147 explices:
1013 2094 1122 2137 ὅσων
1151 2095 1216 2136 δεῖ
1241 2093 1298 2143 εἰς
1325 2091 1370 2136 τὸ
1397 2097 1472 2148 τῆς
1499 2090 1582 2137 nino*
1609 2095 1684 2136 τοῦ
1707 2091 1919 2148 βρώματος

370 2161 439 2203 καὶ
471 2163 545 2214 τῆς
578 2158 778 2210 ἐνδύσεως
809 2161 879 2202 καὶ
916 2165 989 2215 τῆς
1022 2162 1252 2211 ὑποδέσεως
1290 2161 1448 2216 ἡδονῆς
1483 2160 1730 2211 αἰσθέσθαι,
1766 2167 1811 2203 ut
1848 2175 1920 2202 nec

371 2230 516 2282 morbi,
553 2242 627 2269 nec
652 2242 717 2267 res
743 2229 915 2269 venerea
945 2234 983 2270 et
1010 2231 1162 2270 saltatio
1191 2231 1350 2284 intelligi
1380 2231 1567 2282 debeant,
1605 2242 1670 2269 res
1687 2234 1833 2268 -tamen
1859 2229 1920 2267 in-

371 2304 481 2351 tegra
509 2302 581 2338 est.
622 2297 805 2337 Horatius
833 2299 933 2338 enim
960 2302 1039 2336 tum
1066 2299 1226 2338 aliorum
1252 2300 1459 2339 sententias
1495 2299 1546 2336 ad
1578 2310 1670 2337 suos
1702 2309 1821 2349 saepe
1852 2308 1921 2335 ac·

374 2366 591 2407 commodat
614 2378 732 2418 usus,
761 2371 805 2406 ut
829 2367 905 2418 10,
938 2367 1004 2408 12.
1037 2367 1116 2416 16,
1143 2366 1199 2408 74
1224 2382 1334 2420 sqq„
1376 2371 1457 2405 tum
1493 2365 1610 2404 latina
1645 2364 1784 2407 dictio:
1825 2363 1921 2403 bem

376 2448 457 2472 esse
485 2437 525 2474 et
554 2433 677 2473 lateri
704 2433 899 2489 (quicquid
927 2437 988 2474 est
1021 2433 1100 2472 sive
1130 2435 1301 2486 spirandi
1332 2435 1483 2477 officina
1509 2434 1589 2472 sive
1615 2432 1784 2473 conditio
1812 2431 1922 2485 pleu-

375 2503 453 2539 resi
480 2502 670 2540 contraria
697 2504 740 2553 7,
771 2505 838 2546 26.
867 2503 909 2553 6,
938 2500 1026 2553 28.)
1057 2507 1097 2540 et
1114 2502 1288 2552 pedibus
1316 2501 1418 2555 (sive
1446 2505 1605 2554 propter
1630 2490 1923 2549 imbecillitatem

379 2570 457 2608 sive
487 2570 536 2608 ob
566 2571 778 2622 podagram
807 2574 849 2623 2,
877 2570 947 2613 52.
975 2570 1058 2611 Sat.
1087 2572 1129 2620 2,
1156 2571 1199 2621 7,
1232 2571 1351 2622 108.)
1385 2575 1425 2609 et
1454 2570 1584 2608 ventri
1611 2567 1710 2620 (Sat.
1739 2570 1781 2619 1,
1806 2567 1850 2618 5,
1879 2568 1920 2609 7.

380 2637 429 2684 2,
462 2638 510 2685 2,
535 2639 603 2678 71.
631 2638 683 2688 8,
710 2637 750 2679 5.
788 2639 889 2678 Cels.
917 2637 1059 2677 Medic.
1084 2633 1133 2688 4,
1167 2638 1254 2685 19.)
1289 2638 1348 2677 vix
1379 2638 1483 2676 aliud
1512 2637 1604 2689 quid
1632 2635 1795 2686 intelligi·
1818 2634 1921 2673 sinit.

382 2701 465 2739 Jam
503 2704 592 2742 nihil
633 2705 757 2747 dicam
791 2707 840 2745 de
875 2705 1088 2749 Metrodori
1129 2706 1294 2761 placito,
1343 2707 1446 2757 quod
1487 2706 1548 2744 hic
1583 2714 1802 2756 expressum
1836 2714 1923 2740 esse

385 2769 583 2808 Lambino
611 2773 846 2812 verisimilius
876 2775 1044 2813 videtur:
1088 2773 1225 2813 Vitam
1246 2788 1401 2812 omnem
1421 2773 1579 2812 beatam
1601 2770 1774 2822 corporis
1789 2769 1924 2818 firma

387 2838 659 2877 constitutione
687 2844 848 2893 ejusque
876 2843 1165 2882 constitutionis
1197 2856 1267 2895 spe
1296 2843 1502 2895 explorata
1530 2839 1722 2878 contineri
1748 2850 1810 2888 ap.
1839 2837 1922 2876 Cic.

389 2904 438 2945 de
466 2903 579 2942 Offic-
610 2906 661 2955 3,
699 2909 780 2958 33,
822 2911 916 2952 117.
950 2910 1043 2966 ibiq.
1074 2911 1201 2951 Beier.
1236 2914 1275 2949 et
1308 2910 1436 2949 Kiihn.
1473 2923 1557 2949 cum
1588 2905 1720 2948 Klotz.
1755 2906 1803 2945 ad
1841 2905 1922 2945 Cic·
