1910 3138
295 214 378 258 372
460 217 741 258 COMMENT.
763 217 819 257 IN
832 218 958 257 HOR.
973 217 1074 258 LIB.
1091 218 1121 258 1.
1159 219 1326 259 EPIST.
1351 220 1499 260 SEPT.
1523 220 1703 260 DEClM.
1766 220 1821 264 24

293 346 333 384 p.
363 332 461 374 360.
487 331 572 372 coll.
600 331 821 382 Hieronym.
850 331 974 383 Epist.
1007 331 1055 369 ad
1086 331 1231 370 Ocean.
1263 332 1330 374 30.
1358 332 1390 372 I.
1413 347 1454 386 p.
1481 334 1576 376 128.
1605 333 1655 377 D.
1690 334 1822 374 Inter-

293 397 390 436 dum
415 398 600 450 gloriosis
629 406 825 436 tumemus
861 397 1040 436 sordibus
1067 405 1118 458 et.
1133 398 1372 438 vendibilem
1390 408 1670 452 paupertatem
1690 416 1823 455 popu-

293 465 375 503 lari
400 479 525 503 aurae
549 465 764 520 offerimus.
819 467 862 505 In
893 468 1118 506 sententiam
1152 467 1338 519 Aristippi
1362 467 1456 507 facit
1481 467 1638 508 Luciau.
1674 471 1723 510 de
1749 469 1822 509 Pa-

293 535 398 571 rasit.
428 534 495 575 58.
537 534 733 583 πλοῦσιος.
757 532 856 575 ἄνευ
885 535 1109 589 παρασίτου
1137 530 1325 583 ταπεινός
1361 550 1420 583 τις
1445 534 1514 577 καὶ
1544 532 1703 590 nivel-rig
1729 538 1822 590 φαί-

292 616 411 642 νεται.
455 600 538 642 Καὶ
567 599 649 655 μήν
674 601 697 644 ὁ
721 600 794 655 μὲν
822 600 1014 652 πλούσιος
1042 608 1244 655 κοσμεῖται
1268 600 1337 644 ὑπ’
1367 598 1512 644 αὐτοῦ·
1538 601 1610 647 τὸν
1628 603 1673 647 δὲ
1693 605 1823 659 παρά-

292 683 402 711 σιτον
426 666 621 718 πλούσιος
650 665 841 712 ου’δέποτε
868 676 1020 725 κοσμεῖ.
1061 669 1214 720 ”Annas
1242 686 1283 712 τε
1313 666 1406 712 οὐδὲ
1437 666 1592 721 ὄνειδος
1617 670 1729 731 αὐτῷ
1756 673 1821 716 ἐσ-

290 754 372 787 τιν,
402 736 459 788 ὥς
485 736 535 780 σύ
563 733 664 793 φής,
700 737 745 781 τό
774 745 1007 794 παρασιτεῖν
1030 737 1235 792 δηλονότι,
1265 734 1319 788 οἷς
1347 740 1540 791 κρείττονι
1565 740 1723 794 χείρονα
1749 744 1821 781 etc.

291 806 538 846 Proverbium
561 820 760 860 graecum,
790 810 894 860 quod
919 810 979 848 hic
1006 810 1162 848 laudant
1191 808 1445 847 Scholiastae:
1472 807 1597 856 ἵππος
1624 822 1672 860 με
1697 806 1822 861 φέρει,

291 872 477 928 βασιλεύς
512 891 561 928 με
599 875 734 928 τρέφει
766 877 906 928 legitur
940 879 1042 930 apud
1077 877 1302 929 Diogenian.
1329 877 1378 925 5,
1405 876 1474 917 31.
1513 889 1551 927 p.
1577 875 1670 917 195.
1701 876 1824 915 Gaisf.

291 943 376 981 coll.
404 942 551 983 Erasm.
586 943 738 996 Adagg.
765 948 814 996 2,
836 948 885 996 7,
913 947 979 988 20,
1006 968 1064 975 —
1091 946 1179 983 alat
1200 959 1280 988 rex.
1332 945 1391 983 Ita
1419 943 1558 982 Graeci
1583 940 1655 984 τᾶν
1680 938 1825 984 δεσπό-

291 1027 364 1063 την
393 1013 447 1067 τῷ
475 1014 680 1067 παρασίτῳ
709 1019 931 1065 opponunt,
971 1020 1013 1053 ut
1041 1014 1228 1066 Crobylus
1258 1015 1295 1052 in
1325 1013 1438 1051 Grot.
1465 1012 1557 1053 Exc.
1583 1025 1623 1064 p.
1651 1010 1746 1055 829.
1775 1010 1824 1052 ab

298 1079 446 1118 Orellio
468 1080 660 1120 laudatus:
695 1078 925 1135 Παράσιτος
951 1080 1075 1123 αὖτόν
1094 1083 1193 1136 γοῦν
1207 1081 1365 1133 τρέφων
1395 1077 1451 1120 Τὰ
1468 1083 1631 1120 πλεῖστα
1658 1074 1824 1132 συνερᾶν

289 1151 395 1197 νιζεν
421 1144 474 1189 ἂν
502 1149 556 1205 τῷ
579 1146 765 1206 δεσπότῃ.
819 1150 933 1189 conf.
960 1150 1121 1190 Taubm.
1147 1151 1198 1188 ad
1224 1150 1347 1188 Plaut.
1375 1149 1485 1201 Capt.
1516 1151 1556 1199 1,
1585 1150 1626 1199 1,
1654 1149 1722 1191 24.
1748 1147 1825 1186 Ca-

291 1217 398 1256 saub.
428 1218 477 1255 ad
503 1218 697 1270 Theophr.
726 1219 839 1258 Char.
873 1220 909 1261 2.
939 1233 977 1271 p.
1004 1218 1069 1261 84.
1099 1219 1143 1258 F.
1168 1218 1334 1259 Seebod.
1361 1218 1387 1260 l.
1417 1217 1443 1256 l.
1471 1231 1512 1269 p.
1541 1217 1581 1257 8.

403 1285 449 1323 V.
481 1287 547 1327 21.
589 1293 634 1324 tu
654 1288 790 1338 poscis
816 1287 916 1326 vilia
943 1301 1087 1326 rerum.
1152 1287 1211 1326 Ita
1237 1287 1350 1336 Diog.
1388 1284 1519 1323 Laert.
1547 1285 1587 1334 6,
1617 1284 1687 1325 46.
1726 1297 1824 1336 χρη-

290 1349 429 1405 μάτων
459 1350 646 1405 δεόμενος
672 1351 854 1395 ἀπαιτεῖν
885 1355 989 1410 ἔλεγε
1017 1353 1114 1404 τούς
1143 1356 1305 1407 φίλους,
1337 1348 1414 1395 οὔκ
1439 1352 1575 1393 αἰτεῖν.
1626 1351 1723 1390 Ibid.
1751 1350 1821 1393 49.

283 1422 420 1463 Αἰτῶν
448 1437 559 1473 τινα,
589 1422 674 1472 (καὶ
701 1421 777 1477 γοῖρ
805 1427 924 1466 τοῦτο
951 1427 1110 1478 πρῶτον
1135 1423 1297 1475 ἐποίησε
1327 1419 1392 1462 διοὶ
1417 1417 1492 1472 τὴν
1512 1415 1706 1472 ἀπορίαν)
1728 1418 1822 1472 ἔφη,

290 1490 346 1530 Εἰ
375 1487 448 1542 μὲν
478 1488 545 1531 καὶ
574 1487 680 1545 ἄλλῳ
710 1491 905 1541 δέδωκας,
935 1490 1005 1541 δός
1032 1488 1177 1544 κᾶμοί·
1209 1491 1246 1532 εἰ
1269 1488 1312 1531 δὲ
1331 1489 1494 1543 μηδενί,
1524 1484 1604 1528 ἀπὸ
1630 1487 1732 1541 ἐμοῦ
1754 1485 1823 1540 ὅρ-

290 1559 365 1606 ξοιι.
419 1558 476 1599 Id.
498 1559 540 1609 6,
567 1558 661 1599 105.
690 1558 837 1602 Aelian.
865 1561 912 1599 V.
934 1562 980 1600 H.
1006 1562 1074 1611 13,
1098 1562 1165 1602 26.
1194 1559 1337 1599 Auson.
1363 1557 1497 1610 Epigr.
1525 1557 1592 1598 53.
1610 1579 1668 1586 —-
1685 1556 1730 1598 V.
1753 1558 1823 1599 22.

290 1626 427 1663 Dante
452 1628 603 1676 minor,
629 1627 654 1664 i.
682 1641 716 1666 e.
745 1630 953 1680 „quoniam
977 1633 1020 1668 tu
1047 1642 1160 1680 quum
1186 1640 1350 1680 poscens
1374 1625 1514 1677 accipis
1541 1637 1659 1677 parva
1683 1637 1760 1664 non
1781 1637 1824 1664 es

287 1696 365 1730 tam
391 1693 508 1745 liber,
544 1708 655 1745 quam
685 1709 759 1746 ego
769 1723 782 1746 ,
820 1698 882 1748 qui
909 1711 1047 1749 magna
1076 1696 1317 1737 consector.“
1381 1693 1494 1744 Diog.
1522 1692 1655 1732 Laert·
1681 1694 1722 1742 2,
1753 1693 1823 1735 82·

293 1760 495 1811 Cruquius
526 1766 563 1800 et
591 1763 766 1801 Bothius
789 1767 979 1804 minorem
1005 1769 1301 1818 interpretantur
1329 1762 1654 1814 impotentiorem,
1678 1774 1824 1814 paupe·-

287 1829 447 1879 riorem,
488 1843 627 1881 oppos.
666 1835 835 1880 majori,
865 1835 1072 1885 potentiori
1098 1848 1135 1876 v.
1165 1836 1204 1876 2.
1261 1832 1376 1870 immo
1406 1830 1512 1868 danti
1540 1829 1750 1880 subjectum
1777 1842 1823 1869 ex

288 1910 410 1947 eoque
445 1899 681 1948 pendentem*
705 1904 820 1950 atque
847 1906 974 1953 aptum
1013 1903 1040 1942 i.
1080 1916 1113 1941 e.
1141 1900 1271 1953 populi
1309 1911 1457 1938 servum
1481 1897 1586 1936 dicit.
1618 1896 1823 1948 Eleganter

287 1965 327 2005 J.
367 1964 547 2001 Merkel:
593 1967 682 2016 „du
691 1993 704 2016 ,
735 1968 881 2007 Bettler
906 1983 969 2007 um
998 1970 1162 2020 diirftige
1189 1968 1387 2017 Brocken‚
1418 1966 1600 2017 Huldigst
1628 1965 1715 2003 dem
1743 1964 1824 2003 Ge-

287 2032 403 2073 ber.“
443 2031 603 2071 Lucian.
632 2034 763 2084 Cyuic.
795 2038 834 2078 2.
879 2034 1082 2088 διαφέρεις
1110 2031 1186 2089 γὰρ
1218 2031 1338 2076 ου’δὲν
1366 2031 1414 2075 σύ
1445 2036 1529 2074 τῶν
1556 2034 1749 2085 πτωχῶν,
1781 2031 1822 2072 οἳ

287 2097 363 2151 τήν
400 2095 606 2154 ἐφήμερον
633 2099 793 2155 τροφήν
828 2107 1068 2156 μεταιτοῦσι.
1127 2105 1287 2153 Satyrus
1325 2103 1426 2154 apud
1450 2102 1669 2151 Hieronym.
1695 2099 1742 2137 11.
1780 2112 1820 2151 p.

288 2169 356 2209 55.
394 2168 446 2207 Η.
477 2169 586 2221 quod
609 2170 813 2222 Diogenes
839 2166 1052 2224 ἦμερόβιος
1071 2171 1192 2223 vulgo
1211 2171 1442 2223 appellata-3
1466 2171 1539 2219 sit,
1568 2170 1611 2205 in
1631 2179 1821 2219 praesen-

288 2243 364 2274 tem
392 2236 533 2274 horam
543 2236 585 2290 *)
605 2252 774 2289 poscens
789 2253 816 2276 a
835 2239 1009 2291 quolibet
1028 2247 1064 2277 et
1083 2240 1280 2290 accipiens
1307 2238 1455 2276 cibum.
1502 2237 1546 2275 Iu
1567 2235 1692 2274 verbis
1712 2247 1821 2286 seqq.

399 2412 436 2458 *)
463 2415 578 2456 Quum
606 2414 701 2449 iuter
723 2414 808 2448 vilia
827 2418 1022 2460 poscentem
1053 2417 1092 2446 et
1115 2413 1223 2447 dante
1244 2412 1413 2447 minorem
1433 2411 1529 2446 nulla
1555 2408 1603 2445 sit
1627 2408 1818 2456 oppositio,

287 2469 389 2505 unice
404 2483 491 2506 vera
518 2477 574 2506 est
591 2472 770 2517 scriptura
784 2471 868 2505 vilia
885 2481 1023 2512 rerum,
1043 2469 1088 2504 de
1107 2480 1196 2515 qua,
1223 2473 1262 2503 ut
1285 2469 1362 2505 Sat.
1383 2470 1417 2512 2,
1437 2470 1471 2512 2,
1493 2466 1550 2503 25.
1579 2477 1676 2501 vana
1689 2477 1818 2510 rerum,

289 2529 320 2569 2,
346 2528 381 2569 8,
407 2528 464 2563 83.
484 2530 576 2573 ficta
594 2540 713 2563 rerum
727 2555 737 2573 ‚
758 2529 798 2562 A.
814 2528 854 2562 P.
874 2527 993 2561 abdita
1007 2538 1126 2562 rerum
1141 2526 1233 2561 conf.
1251 2537 1341 2570 quae
1359 2526 1594 2560 observarunt
1608 2523 1759 2559 Schmid.
1775 2521 1821 2557 ad

287 2583 322 2617 b.
340 2583 362 2618 Ι.
378 2585 504 2619 Heind.
521 2585 566 2619 ad
580 2586 656 2621 Sat.
672 2587 692 2621 2
704 2610 714 2629 ,
732 2586 751 2621 2
763 2611 774 2629 ,
791 2583 848 2620 25.
877 2583 1036 2619 Lambin.
1060 2583 1104 2617 ad
1131 2582 1201 2618 Od.
1225 2579 1259 2627 4,
1282 2585 1338 2627 12,
1362 2582 1415 2617 19.
1435 2581 1644 2616 Markland.
1664 2579 1710 2615 ad
1724 2580 1819 2614 Stat.

289 2639 376 2676 Silv,
400 2643 440 2683 2,
460 2643 501 2684 2,
529 2642 607 2680 137.
646 2644 795 2687 Rupert.
820 2635 1005 2676 ad⁴Tacit.
1028 2641 1091 2675 IV.
1117 2653 1153 2687 p.
1168 2638 1237 2675 805
1252 2651 1304 2685 sq.
1336 2639 1456 2673 Haase
1476 2639 1521 2673 ad
1541 2636 1677 2682 Reisig.
1705 2635 1820 2681 „Vor-

287 2695 447 2742 lesungg.
461 2700 484 2716 “
515 2702 549 2741 S.
570 2699 651 2734 350.
676 2698 722 2732 N.
746 2695 829 2735 524.
864 2698 906 2731 In
926 2699 992 2732 hac
1011 2699 1200 2732 verborum
1219 2697 1474 2741 compositione
1495 2693 1667 2730 Horatius
1687 2691 1820 2726 Lucre-

288 2751 371 2786 tium
388 2754 512 2788 habuit
525 2762 720 2798 auctorem,
744 2760 782 2789 ut
799 2758 829 2798 1,
845 2756 902 2790 87.
921 2755 1037 2801 prima
1050 2755 1223 2798 virorum,
1250 2756 1283 2798 1,
1299 2750 1380 2788 341.
1402 2753 1551 2787 sublima
1562 2750 1662 2791 coeli,
1685 2749 1717 2791 1,
1732 2744 1815 2782 355.

289 2809 408 2842 clausa
424 2813 623 2855 domorum,
646 2814 678 2856 1,
694 2813 776 2848 660.
796 2824 880 2846 vera
894 2811 967 2845 υἰαΐ
981 2813 1012 2854 1,
1031 2813 1132 2847 1068.
1152 2811 1267 2856 prima
1281 2810 1371 2855 viai',
1398 2811 1429 2852 1,
1447 2808 1548 2843 1089.
1565 2805 1651 2840 coeli
1662 2803 1815 2846 coerula,

291 2864 321 2904 1,
341 2863 421 2899 316.
442 2864 477 2909 4,
497 2864 582 2903 416.
610 2873 727 2902 strata
746 2868 903 2911 viarum,
932 2870 965 2911 2,
994 2870 1095 2904 1100.
1125 2868 1212 2902 coeli
1228 2879 1376 2911 serena,
1403 2866 1438 2909 3,
1463 2861 1545 2898 497.
1579 2859 1715 2895 munita
1731 2858 1815 2902 οἰοῖ,

290 2915 325 2963 4,
348 2918 426 2955 614.
445 2924 568 2957 clausa
586 2924 741 2968 viarum,
769 2923 804 2968 5,
830 2924 887 2960 36.
916 2925 1106 2971 pelagique
1121 2936 1260 2967 severa,
1291 2922 1323 2966 5,
1350 2922 1451 2957 1381.
1480 2929 1569 2954 cava
1585 2917 1814 2960 calamorum,
