1910 3138
292 202 377 245 476
420 203 700 244 COMMENT.
713 204 775 243 IN
791 203 916 244 HOR.
935 202 1034 243 LIB.
1049 205 1081 244 Ι.
1109 204 1275 246 EPIST.
1292 205 1700 249 DUODEVICESIM.
1739 209 1823 252 128

292 317 392 371 ἡμῖν
413 316 580 365 καὶτοῖς
600 314 733 365 ἄλλοις
750 319 896 367 πᾶσιν,
926 311 1035 365 ὅστις
1061 315 1168 359 ἐστὶν
1196 318 1322 369 αἴτιος
1347 322 1496 372 μᾶλλον
1523 324 1596 362 τοῦ
1621 320 1717 373 ζῆν,
1746 316 1773 373 ἢ
1797 318 1824 362 ὅ

295 384 427 439 ἅρχων
453 400 494 426 τε
523 384 592 425 καὶ
620 383 809 438 βασιλεῦς
836 389 916 427 ταῖν
944 383 1122 427 πάντων.
1162 386 1321 426 Aristot.
1349 388 1398 427 de
1425 387 1557 429 mund.
1583 391 1622 430 7.
1654 389 1822 430 καλοῦσι

294 454 337 496 δὲ
364 449 490 494 αὐτᾶν
519 455 634 505 Ζῆνα
666 452 735 494 καὶ
767 455 869 505 Δία,
909 451 1171 509 παραλλήλως
1197 451 1392 509 χρώμενοι
1414 460 1496 505 τοῖς
1521 451 1733 509 ὄνὸμασιν,
1766 453 1823 504 αἷς

293 518 371 563 κᾶν
398 521 435 562 εἰ
461 520 665 575 λέγοιμεν,
695 518 746 563 δι’
771 519 818 564 ὃν
849 525 986 576 ζῶμεν.
1031 523 1138 562 Stob.
1165 523 1299 574 Eclog.
1322 526 1361 575 1,
1392 525 1459 576 18,
1484 524 1523 566 5.
1551 539 1591 577 p.
1610 523 1681 566 34.
1719 521 1824 573 Ζεῦς

293 586 378 632 ἐσθ’
408 588 432 630 ὁ
459 588 628 642 πέμπων
657 587 731 642 τήν
760 587 964 645 ἐφήμερον
1001 587 1172 646 τροφήν.
1222 592 1380 631 Cornut.
1417 593 1466 631 de
1500 593 1593 632 Nat.
1630 592 1748 632 Deor.
1778 595 1820 635 2.

293 655 394 710 αὕτη
427 656 473 710 (ἦ
499 655 610 711 ψυχὴ
637 661 710 700 τοῦ
737 656 907 712 κόσμου)
942 662 1116 700 καλεῖται
1146 655 1247 707 Ζεύς
1282 655 1450 712 πρώτως
1478 659 1546 701 καὶ
1577 657 1645 703 dui
1671 658 1823 710 παντός

294 729 399 776 ζαῖσα
435 725 503 766 καὶ
541 726 648 768 αἰτία
686 722 787 769 οὖσα
813 733 898 777 τοῖς
926 729 1019 776 ζῶσι
1045 730 1118 768 τοῦ
1146 728 1230 779 ζῆν.
1270 726 1383 766 Arius
1411 726 1592 778 Didymus
1619 731 1721 782 apud
1746 730 1823 768 Eu-

292 795 373 834 seb.
409 795 546 847 Praep.
575 808 709 846 evang.
737 796 820 846 XV,
853 797 917 838 15.
948 796 1027 847 (IV.
1061 810 1100 848 p.
1131 794 1198 837 60.
1230 794 1370 848 Gaisf.)
1402 793 1504 845 Ζεΰς
1527 797 1676 851 λέγεται
1706 795 1730 839 o‘
1756 794 1822 839 κό-

294 876 414 915 σμος,
444 860 579 916 ἐπειδή
609 867 681 905 τοῦ
710 866 781 917 ζῆν
807 864 933 913 αἴτιος
959 862 1058 917 ’ἡμῖν
1082 862 1175 905 ἐστι.
1214 863 1327 905 Hom.
1357 864 1433 903 Od.
1459 867 1497 912 6,
1526 866 1620 907 188.
1656 866 1823 918 Epictet.

291 931 396 974 Diss.
424 932 467 982 3,
497 933 565 982 11,
595 932 633 972 5.
667 935 707 974 6.
749 933 849 975 Max.
888 933 980 984 Tyr.
1015 932 1121 971 Diss.
1159 933 1198 979 6,
1230 933 1269 973 1.
1309 930 1431 972 Plaut.
1462 931 1581 972 Poen.
1609 933 1651 984 5,
1683 933 1726 985 4,
1753 934 1822 976 14.

292 999 401 1039 Pers.
433 1002 473 1050 2,
502 999 543 1047 3,
572 1000 610 1040 2.
640 1000 723 1038 Juv.
749 1001 816 1050 10,
847 1001 941 1041 188.
970 999 1050 1037 Cic.
1080 1013 1138 1051 pr.
1168 1000 1285 1039 Rosc.
1315 999 1398 1039 Am.
1418 999 1488 1051 45,
1509 1001 1587 1043 181
1605 1001 1659 1054 *).
1704 1001 1824 1041 Orell.

292 1068 410 1107 Inscr.
439 1066 549 1109 2140
570 1090 619 1096 —
644 1067 712 1110 41.
742 1068 828 1107 coll.
869 1068 1009 1106 Gatak.
1044 1069 1092 1106 ad
1130 1067 1186 1106 M.
1219 1068 1400 1109 Antonin.
1435 1069 1476 1119 4,
1515 1069 1582 1112 23.
1628 1070 1739 1109 clud.
1774 1072 1823 1110 ad

293 1136 467 1175 Cleanth.
494 1135 632 1186 Hymn.
666 1137 705 1174 in
733 1137 816 1175 Jov.
844 1150 883 1188 p.
917 1136 966 1177 15
992 1149 1049 1187 sq.
1083 1135 1240 1176 R6ther.
1270 1138 1319 1175 ad
1357 1137 1419 1177 Jo.
1447 1136 1546 1188 Lyd.
1578 1138 1626 1177 de
1661 1137 1825 1177 Mensib.

292 1204 335 1255 4,
360 1203 426 1246 48.
460 1204 596 1243 Creuz.
627 1209 668 1243 et
693 1205 792 1243 Mos.
822 1205 870 1242 ad
897 1203 976 1242 Cic.
1008 1205 1055 1242 de
1084 1202 1135 1242 N.
1159 1203 1210 1242 D.
1238 1206 1276 1255 1,
1311 1205 1376 1246 15.
1403 1219 1443 1258 p.
1467 1206 1534 1246 70.
1563 1205 1714 1245 Weber.
1743 1206 1770 1244 l.
1799 1206 1825 1245 l.

291 1287 331 1325 p.
356 1274 452 1315 218.
496 1272 555 1311 Ad
579 1277 707 1311 votum
729 1273 795 1310 det
820 1286 912 1323 opes
932 1273 1030 1311 conf.
1053 1276 1206 1323 praeter
1227 1272 1332 1310 locos
1357 1284 1394 1310 v.
1415 1274 1511 1313 111.
1538 1273 1711 1312 laudatos
1729 1275 1824 1312 Mic-

292 1340 434 1382 selzerl.
461 1341 510 1378 ad
538 1341 614 1383 od.
644 1343 684 1392 1,
713 1343 781 1392 28,
816 1341 884 1383 29.
913 1341 1077 1393 interpp.
1107 1341 1157 1378 ad
1187 1340 1270 1378 Cic.
1300 1340 1355 1382 N.
1387 1338 1437 1378 D.
1460 1340 1502 1390 3,
1531 1341 1603 1391 86,
1629 1343 1698 1382 87.
1735 1342 1822 1381 Fin.

291 1410 333 1460 3,
371 1410 439 1459 20,
465 1411 532 1450 66.
573 1409 773 1461 Expressit
799 1409 937 1448 Malch.
975 1409 1110 1448 Ecbas.
1147 1409 1283 1460 captiV.
1310 1408 1405 1449 822.
1451 1408 1535 1446 Det
1569 1410 1723 1457 vitam,
1758 1410 1826 1449 det

292 1492 410 1529 opes,
439 1492 597 1516 somnos
621 1484 841 1529 pastusque
869 1475 1048 1515 salubres
1077 1482 1116 1517 et
1143 1478 1182 1516 in
1205 1476 1434 1514 sententiam
1449 1476 1588 1532 ⁴Senem
1615 1478 1693 1517 Vit.
1721 1478 1822 1518 beat.

293 1548 360 1588 21.
417 1546 504 1586 Nec
530 1547 633 1584 enim
662 1559 703 1582 se
732 1546 906 1596 sapiens.
929 1545 1141 1598 indignum
1169 1545 1265 1584 ullis
1293 1543 1520 1582 muneribus
1551 1552 1682 1596 putat.
1725 1546 1824 1585 Non
1907 1569 1910 1584 ι

292 1622 405 1652 amat
431 1615 618 1662 divitias,
646 1614 717 1652 sed
737 1613 904 1652 mavult.
947 1613 1058 1659 Quod
1081 1614 1114 1652 si
1139 1612 1348 1662 Bentley‘us
1373 1611 1488 1651 verba
1508 1626 1595 1665 aeq.
1619 1617 1678 1652 mi
1698 1616 1824 1654 anim.
1904 1610 1910 1622 ⁵

295 1684 379 1736 ipse
405 1683 560 1734 parabo
589 1685 639 1722 ad
671 1683 763 1722 illud
792 1683 914 1722 solum
938 1686 1109 1734 optatum
1141 1686 1214 1732 „ut
1240 1695 1289 1721 ne
1316 1681 1453 1719 dubius
1480 1681 1652 1720 fluitem“
1679 1683 1823 1734 retulit,
1898 1703 1899 1706 ¹

294 1764 439 1790 errasse
470 1752 679 1791 censendus
703 1754 774 1791 est.
825 1749 946 1789 Poeta
971 1751 1069 1789 enirn
1096 1750 1153 1789 his
1177 1751 1271 1803 ipsis
1296 1750 1336 1788 id
1365 1750 1463 1800 egit,
1495 1754 1538 1788 ut
1565 1753 1708 1800 totum,
1746 1764 1824 1790 non
1900 1804 1902 1807 Ι

291 1823 438 1870 partem
459 1820 663 1869 indicaret,
691 1833 806 1870 quum
834 1820 1015 1870 animum,
1046 1821 1131 1872 qui,
1160 1819 1337 1870 quicquid
1354 1818 1580 1868 accidisset,
1606 1818 1716 1856 Iovis
1733 1832 1825 1857 mu-

293 1886 451 1925 neribus
477 1890 676 1938 sapienter
702 1894 875 1924 uteretur
899 1886 996 1941 (od.
1017 1887 1057 1937 4,
1078 1889 1118 1937 9,
1137 1886 1226 1938 48),
1255 1899 1413 1937 eumque
1440 1885 1706 1937 praesentibus
1732 1899 1824 1925 con·-
1895 1921 1900 1923 ,

293 1959 439 1993 tentum
475 1967 599 2006 neque
638 1956 763 1992 sutura
800 1958 1028 1994 metuentem
1065 1955 1306 2005 intelligeret.
1355 1953 1584 1992 Schmidius
1619 1954 1710 1992 illud
1747 1953 1831 1993 Nil
1891 1970 1895 1996 ρ

293 2023 488 2061 admirari
516 2024 554 2072 6,
586 2025 622 2064 1.
651 2027 855 2075 comparat.
899 2023 1135 2060 Sententiam
1164 2022 1305 2060 Poetae
1337 2035 1457 2073 paene
1489 2022 1673 2074 expressit
1697 2020 1824 2074 philo-
1889 2059 1891 2061 .

294 2094 434 2146 sophus
464 2094 598 2132 Senec.
629 2092 676 2129 de
701 2091 866 2132 Benefic.
893 2091 935 2139 7,
964 2091 1000 2131 1.
1050 2090 1099 2127 Si
1123 2091 1282 2127 animus
1301 2090 1479 2142 fortuita
1507 2090 1763 2140 contempnit,
1788 2091 1828 2126 εἰ

294 2176 334 2201 se
366 2175 490 2213 supra
518 2167 664 2198 metum
687 2160 824 2210 posuit
851 2171 923 2196 nee
953 2157 1076 2195 avida
1113 2171 1180 2208 spe
1215 2158 1375 2206 infinita
1414 2158 1712 2209 complectitur,
1755 2157 1828 2195 sed
1886 2178 1888 2183 ·

293 2230 436 2268 didicit
462 2243 489 2267 a
515 2243 556 2267 se
580 2235 709 2280 petere
737 2227 909 2268 divitias.
970 2225 1029 2264 De
1053 2226 1186 2262 animo
1211 2239 1364 2278 aequo,
1401 2240 1511 2278 quem
1547 2225 1611 2272 10,
1641 2222 1708 2265 44·
1737 2215 1824 2262 lae-

295 2306 380 2337 tum
409 2312 484 2336 sua
519 2304 621 2335 sorte
654 2297 848 2335 viventem
887 2293 979 2346 (vid.
1007 2298 1134 2332 annot.
1163 2293 1215 2335 ib.
1252 2308 1291 2345 p.
1321 2295 1391 2344 83)
1418 2297 1551 2343 vocat,
1586 2293 1662 2330 vid.
1691 2297 1824 2332 annot.

294 2367 343 2405 ad
375 2367 443 2416 11,
477 2367 542 2407 29.
571 2365 638 2406 30.
670 2368 709 2404 et
744 2362 966 2403 Mttscherl.
996 2363 1045 2400 ad
1078 2362 1154 2400 Od.
1183 2363 1223 2410 2,
1251 2361 1293 2413 3,
1326 2366 1346 2402 1
1371 2385 1426 2391 —-
1447 2363 1486 2402 4.
1535 2360 1610 2407 Qui
1634 2362 1823 2400 animum

294 2434 397 2472 mihi
423 2438 495 2472 etc.
527 2433 603 2483 legi
632 2432 798 2481 malunt,
829 2444 894 2470 eos
914 2443 1049 2481 magna
1068 2423 1273 2482 scripturae
1303 2429 1521 2468 difficultate
1544 2427 1716 2467 laborare
1745 2432 1822 2479 ajo,
1878 2440 1879 2443 ’

295 2516 509 2554 quanquam
541 2514 624 2540 cum
659 2499 808 2538 Orellio
837 2512 913 2537 non
942 2499 1119 2549 dixerim,
1154 2498 1236 2536 fore
1265 2502 1307 2537 ut
1341 2498 1458 2536 verba
1492 2498 1554 2537 illa
1590 2499 1823 2548 „confiden-

293 2572 405 2620 tiam,
433 2569 565 2618 Muth,
595 2569 788 2620 courage“
816 2569 901 2606 huic
926 2567 1010 2605 loco
1037 2567 1258 2618 impingant.
1311 2567 1525 2618 Scriptores
1555 2567 1653 2606 enim
1679 2566 1823 2619 antiqui
1875 2553 1878 2559 ⁵

294 2639 396 2687 quod
425 2641 715 2676 consentaneum
745 2640 803 2674 est
829 2648 945 2688 saepe
975 2648 1020 2673 ex
1057 2635 1237 2673 orationis
1266 2635 1392 2673 colore
1418 2635 1588 2674 concludi
1612 2634 1822 2684 voluerunt,
1880 2620 1882 2623 .

296 2709 336 2742 ut
370 2707 451 2744 Sat.
484 2707 522 2756 1,
552 2703 593 2756 4,
625 2704 719 2745 120.
759 2707 798 2741 et
824 2702 909 2741 Liv.
937 2704 1008 2753 37,
1036 2700 1105 2752 45,
1136 2704 1204 2745 11.
1257 2704 1435 2741 Romani
1469 2717 1514 2742 ex
1541 2704 1617 2750 iis,
1650 2715 1751 2755 quae
1777 2701 1822 2738 in

407 2844 442 2886 *)
465 2843 550 2878 Inde
580 2843 774 2889 explicabis
794 2840 869 2877 Cic.
892 2846 974 2888 post
993 2842 1113 2878 Redit.
1136 2843 1174 2878 in
1193 2847 1307 2882 senat,
1322 2839 1358 2877 4.
1381 2842 1422 2878 Ρ.
1444 2840 1613 2877 Lentulus
1627 2848 1757 2883 parem
1777 2848 1824 2872 ac
1878 2863 1910 2895 «ὃν

296 2898 379 2932 deus
397 2905 538 2935 nostrae
555 2900 664 2945 vitae,
689 2904 864 2946 fortunae
883 2904 953 2935 etc.
