1910 3138
298 239 383 282 362
471 240 748 281 COMMENT.
768 239 824 279 IN
841 239 966 279 HOR.
986 239 1085 279 LIB.
1105 240 1135 279 I.
1178 240 1343 284 EPIST.
1370 242 1518 282 SEPT.
1537 241 1716 282 mmm.
1777 240 1830 284 ‘14

298 356 362 406 qui
390 355 502 392 dicat.
560 355 657 392 Hinc
685 353 749 391 illa
771 353 980 404 contraria,
1016 354 1152 404 quibus
1181 354 1328 392 Scaeva
1351 366 1424 405 per
1449 364 1491 394 ee
1517 356 1596 394 cibi
1631 355 1833 394 consulere

298 423 434 460 dicitur
478 425 517 460 et
557 422 736 461 Horatius
777 422 903 462 veluti
945 435 1083 460 coecus
1121 424 1195 460 iter
1233 429 1453 460 monstrare
1485 422 1618 474 jocose
1663 425 1831 474 fingitur.

298 490 522 540 Quanquam
541 503 614 527 non
634 491 687 528 ita
707 493 914 543 premenda
942 495 1030 530 sunt
1057 491 1190 529 verba:
1220 491 1421 529 docendus
1439 491 1602 542 adhuc,
1621 493 1724 543 quod
1746 492 1832 542 qui-

297 558 381 596 dem
412 558 502 595 fecit
532 558 798 597 Sanadonzis:
830 561 925 616 „qui
949 560 1071 598 auroit
1094 560 1227 598 besoin
1249 559 1441 598 lui-meme
1467 560 1516 598 de
1541 573 1611 598 vos
1630 557 1836 608 conseils‚“

296 626 436 676 quippe
474 639 572 676 quae
610 627 799 666 hominem
836 628 1067 678 significent,
1111 629 1173 679 qui
1204 631 1244 665 ut
1271 632 1464 666 nostrates
1492 629 1642 677 dicunt,
1681 626 1832 678 „selbst

294 693 393 731 noch
431 695 536 732 nicht
563 694 780 745 ausgelernt
815 696 916 734 hat“
953 698 1033 735 sive
1069 695 1300 747 experientia
1336 698 1502 734 nondum
1542 697 1635 734 satis
1674 696 1833 733 edoctus

296 765 368 802 est.
423 761 511 799 Hoc
539 762 612 800 loci
640 776 795 804 acumen
826 765 1080 803 Diintzerum
1113 764 1242 814 latuit,
1281 778 1394 815 quum
1424 778 1492 803 sua
1521 763 1832 815 interpretatione

294 833 446 867 veteres
485 830 713 883 interpretes
751 838 902 872 secutus
932 834 1117 871 Scaevam
1155 832 1376 870 docendum
1413 833 1566 871 adline-
1586 834 1830 884 proponeret.

294 897 347 936 At
374 899 563 948 quomodo
604 913 746 937 caecus⁸
774 901 962 940 hominem
999 915 1068 953 per
1102 915 1143 939 ee
1170 899 1249 938 sibi
1281 900 1547 938 consulentem
1580 901 1652 939 rite
1680 900 1832 949 doceat,

294 965 449 1004 difficile
483 971 544 1004 est
568 966 780 1019 intellectu,
812 982 936 1019 neque
964 970 1066 1007 cadit
1093 969 1131 1007 in
1158 969 1249 1007 illud
1280 969 1441 1007 Hesiodi
1456 970 1522 1021 *)¹,
1551 968 1653 1020 quod
1677 968 1714 1006 in
1742 980 1831 1019 pro-

294 1034 413 1072 verbii
443 1036 756 1075 consuetudinem
789 1038 890 1087 apud
920 1037 1111 1075 Romanos
1144 1039 1269 1076 venit:
1300 1039 1483 1088 primam
1518 1049 1600 1074 esee
1631 1037 1831 1084 virtutem,

290 1116 365 1153 per
389 1117 430 1140 se
456 1117 609 1155 sapere,
648 1091 866 1142 secundam
897 1103 992 1142 bene
1020 1107 1194 1142 monenti
1220 1104 1389 1143 obedire.
1456 1106 1542 1144 Huc
1570 1106 1753 1144 accedunt
1782 1104 1833 1142 si·

294 1171 404 1210 miles
437 1172 592 1210 aliorum
623 1173 838 1211 sententiae
873 1185 895 1210 a
925 1173 1109 1222 Bentlejo
1139 1174 1226 1212 olim
1256 1174 1412 1220 allatae3
1455 1175 1600 1212 Auson.
1628 1171 1750 1212 Praef.
1783 1173 1835 1211 ad

297 1240 460 1277 Centon.
491 1239 545 1291 (p.
571 1240 650 1282 205
671 1240 776 1293 Bip.)
799 1242 837 1278 si
857 1243 1039 1292 pateris,
1069 1248 1116 1278 ut
1138 1241 1299 1278 doceam
1328 1241 1527 1280 docendus
1545 1244 1627 1293 ipse
1655 1245 1694 1280 et
1711 1241 1832 1293 Epist.
1906 1269 1910 1272 -

297 1310 364 1348 17.
395 1307 449 1359 (p.
480 1306 580 1359 264)
619 1322 688 1359 ego
714 1316 749 1345 te
783 1309 925 1347 docebo
957 1310 1159 1347 docendas
1196 1309 1343 1348 adhue.
1404 1309 1514 1348 Adde
1551 1310 1588 1348 in
1622 1322 1702 1347 rem
1735 1308 1834 1347 Hie-
1898 1324 1902 1334 ·

293 1389 440 1426 ronym.
470 1377 593 1427 Epist.
624 1377 674 1416 ad
697 1377 843 1416 Paulin.
868 1379 935 1420 13.
972 1379 999 1420 Ι.
1030 1392 1067 1429 p.
1089 1380 1156 1419 67.
1186 1377 1237 1416 H.
1295 1378 1414 1415 Haec
1439 1391 1546 1424 non,
1575 1379 1679 1415 sicut
1695 1379 1834 1425 ajunt,

294 1458 363 1482 sus
390 1443 641 1492 Minervam,
679 1446 752 1484 sed
778 1447 1063 1498 ingredientem
1084 1446 1258 1498 pelagus
1287 1447 1442 1484 amicus
1469 1447 1645 1484 amicum
1676 1445 1835 1490 monui,

295 1512 451 1550 malens
475 1526 502 1550 a
529 1520 566 1550 te
584 1514 826 1566 facultatem
854 1528 983 1552 meam
1004 1516 1155 1567 requiri
1177 1527 1299 1567 quam
1326 1514 1570 1552 voluntatem
1578 1542 1594 1560 ,
1624 1520 1669 1551 ut
1691 1514 1734 1550 in
1754 1526 1834 1564 quo

295 1595 366 1633 ego
397 1581 536 1632 lapsus
563 1595 652 1619 sum
662 1611 678 1628 ,
707 1590 750 1620 tu
767 1584 894 1631 firmo
914 1597 1100 1636 pergeres
1130 1584 1281 1635 gradu.
1342 1583 1386 1621 In
1419 1583 1587 1621 dictione
1612 1586 1736 1620 autem
1756 1594 1834 1632 per

294 1663 335 1687 se
363 1649 442 1687 sibi
470 1663 576 1688 cons.
598 1651 819 1702 plerumque
843 1652 942 1690 inest
961 1653 1064 1690 notio
1092 1653 1275 1703 quaedam
1296 1651 1349 1689 rei
1375 1650 1560 1700 difficilis,
1588 1662 1634 1689 ex
1657 1661 1730 1701 qua
1748 1650 1836 1700 quis

295 1731 367 1769 pro
401 1731 468 1756 sua
497 1732 538 1757 se
564 1718 731 1757 sollertia
756 1719 931 1770 expedit,
964 1720 1079 1758 Ovid.
1105 1719 1202 1758 Met.
1233 1723 1279 1770 2,
1313 1718 1407 1760 141.
1467 1719 1646 1756 Fortuna
1673 1717 1835 1762 melius,
1908 1708 1910 1732 3

297 1800 421 1838 quam
443 1794 487 1824 tu
515 1787 611 1832 tibi,
641 1785 822 1823 consulat
845 1794 958 1837 opto,
988 1789 1073 1827 coll.
1104 1787 1213 1826 cort.
1239 1793 1277 1827 et
1296 1789 1419 1826 Kritz.
1450 1788 1499 1825 ad
1528 1786 1621 1828 Sall.
1649 1786 1735 1836 Jug.
1762 1786 1835 1835 62,
1906 1780 1910 1798 ³

297 1856 336 1896 1.
385 1854 530 1893 Eadem
558 1855 614 1892 rei
641 1854 842 1892 difficultas
871 1855 971 1893 haud
992 1856 1151 1894 obscure
1180 1857 1414 1906 significatur
1443 1853 1836 1907 particula'tandem‚
1867 1882 1870 1886 .
1908 1859 1910 1861 ’

299 1922 347 1960 de
378 1935 452 1973 qua
492 1924 586 1961 dixit
625 1921 868 1964 Sclimidz'us.
925 1923 1106 1962 subtilius
1143 1928 1267 1963 autem
1304 1937 1414 1975 quam
1447 1924 1571 1961 verius
1599 1922 1832 1960 Socraticam

297 1991 632 2029 dissimulationem
662 1990 794 2028 callide
818 1991 877 2028 hic
904 2004 1121 2042 expressam
1149 1993 1279 2031 vident
1307 1992 1503 2030 Heinsius
1520 1996 1565 2047 et.
1584 1989 1836 2042 Rappoltue‚
1880 2004 1881 2008 ¹

295 2058 409 2110 quid,
445 2059 547 2110 quod
575 2059 623 2096 de
653 2059 841 2096 sententia
867 2059 1033 2095 Zure-hii
1064 2059 1182 2098 Poeta
1212 2060 1366 2098 verbum
1403 2058 1595 2112 loquendi
1621 2071 1644 2096 a
1672 2059 1835 2096 Socrate

296 2126 431 2167 hausit.

409 2194 453 2233 V.
483 2195 521 2236 2.
560 2193 779 2243 majoribus
808 2195 881 2230 uti.
943 2195 1124 2242 Majores
1161 2198 1200 2233 et
1227 2208 1395 2246 magnos
1419 2194 1599 2246 (Rupert.
1625 2193 1674 2232 ad
1697 2192 1834 2230 Juven.

297 2265 347 2313 6,
377 2261 494 2314 313.)
524 2275 547 2300 a
574 2262 770 2301 clientibus
799 2265 983 2313 patronos
1013 2267 1050 2300 et
1079 2262 1214 2300 divites
1243 2263 1369 2300 vocari
1398 2265 1560 2302 constat.
1625 2260 1718 2298 Inde
1746 2260 1832 2299 Sat.

297 2334 321 2373 2
335 2360 345 2380 ‚
378 2332 423 2381 1,
448 2332 516 2372 61.
546 2337 675 2367 metuo
712 2352 768 2360 ——-
796 2333 994 2379 majorum
1027 2343 1075 2367 ne
1114 2331 1205 2382 quis
1247 2332 1401 2367 amicus
1430 2330 1595 2380 Frigore
1630 2334 1667 2364 te
1687 2328 1829 2379 feriat.

295 2400 402 2438 Pers.
436 2402 479 2449 1,
520 2400 612 2440 109.
652 2398 742 2437 vide
767 2399 847 2444 sis,
885 2411 935 2435 ne
959 2400 1156 2447 majorum
1185 2397 1258 2436 tibi
1272 2399 1378 2450 forte
1400 2398 1567 2435 Limina
1585 2396 1826 2449 frigescant.

294 2469 354 2507 Ex
382 2481 456 2519 qua
484 2468 637 2519 quidem
665 2480 707 2505 re
737 2466 941 2519 explicabis
968 2464 1076 2506 Pers.
1099 2466 1139 2514 3,
1167 2468 1234 2509 92.
1265 2469 1454 2515 majorem
1478 2466 1654 2504 domum.
1709 2465 1831 2504 Iidem

291 2543 469 2586 potentes
496 2536 619 2573 amici
647 2537 720 2586 18,
749 2533 842 2586 44),
874 2535 1107 2586 potentiores
1123 2533 1185 2587 **)
1222 2535 1378 2574 audiunt
1416 2539 1456 2573 ut
1482 2535 1609 2587 Epod.
1639 2537 1692 2584 2,
1723 2535 1764 2575 8.
1791 2535 1833 2572 et

410 2661 446 2708 ²⁸¹)
467 2663 548 2697 Vid.
571 2662 774 2708 Goettling.
805 2663 849 2697 ad
872 2662 1022 2697 Hesiod.
1045 2662 1141 2708 Opp.
1171 2667 1209 2696 et
1233 2662 1278 2696 D.
1298 2662 1378 2698 293.
1407 2662 1590 2696 Drakenb.
1607 2664 1652 2695 au
1672 2659 1753 2694 biv.
1771 2659 1832 2702 22,
1901 2662 1910 2700 ξ

1891 2718 1910 2747 ’Δ

1900 2750 1910 2772 ι

298 2719 353 2761 29,
376 2720 410 2754 8.
433 2719 590 2765 interpp.
613 2720 657 2754 ad
678 2720 754 2754 Cic.
777 2732 831 2765 pr.
853 2721 995 2754 Cluent.
1012 2719 1069 2761 31,
1088 2716 1147 2754 84.
1165 2725 1202 2753 et
1217 2719 1263 2752 ad
1279 2719 1406 2760 Senec.
1422 2719 1542 2764 Epist.
1558 2718 1615 2754 52.
1633 2717 1677 2751 de
1701 2715 1829 2750 Renes.

298 2773 331 2816 5,
359 2775 414 2809 25.
437 2777 518 2811 coll.
546 2777 696 2812 Trilleri
719 2777 828 2813 obss.
854 2778 935 2811 crit.
958 2774 1001 2820 4,
1026 2778 1082 2812 21.
1103 2780 1141 2810 et
1169 2776 1302 2810 Wund.
1325 2777 1371 2810 ad
1398 2774 1565 2821 Sophocl.
1593 2771 1714 2822 Antig.
1743 2767 1831 2806 714.
1900 2803 1908 2817 ,

382 2827 444 2876 **)
476 2834 606 2867 Rarior
633 2834 670 2867 in
697 2833 828 2886 talibus
855 2833 1044 2878 singularis
1067 2843 1230 2867 numerus
1251 2838 1308 2867 est
1337 2840 1378 2866 ut
1403 2832 1480 2866 cic.
1508 2841 1563 2876 pr.
1583 2829 1662 2863 Mil.
1684 2827 1739 2868 18,
1764 2823 1828 2861 47.

298 2885 443 2973 Ιῑέἰίοηίε
461 2902 568 2924 manu
584 2891 725 2924 caedem
739 2895 981 2936 essefactam,
1004 2890 1146 2925 consilio
1164 2901 1246 2924 vero
1261 2890 1404 2934 major-12³
1419 2888 1576 2930 alu-ujus.
1597 2884 1700 2918 Conf.
1719 2883 1829 2918 Fabr.

299 2952 317 2973 a
364 2942 444 2980 Liv,
464 2947 519 2987 22,
543 2947 599 2989 12,
622 2948 676 2981 12.
