1910 3138
115 197 195 239 181
261 193 539 236 comN'r.
557 195 613 234 IN
632 194 757 234 ROB.
777 193 875 235 LlB.
898 194 926 232 l.
951 190 1114 232 Epis'r.
1134 189 1285 229 SEXT.
1307 187 1487 228 DEcm.
1544 184 1626 228 341

117 319 277 358 ratim.
330 318 434 358 Num
467 317 560 357 haec
594 318 757 357 clausula
782 317 818 368 ⁴¹)
853 319 902 357 ad
939 316 1131 369 Epistolae
1165 315 1307 354 initium
1342 315 1397 353 ita
1432 312 1629 352 referenda

117 385 190 434 tit,
220 389 262 424 ut
278 384 458 424 Horatius
482 391 722 438 praeceptum
742 386 896 433 Quintio
923 385 985 424 illa
1011 385 1100 423 boni
1128 383 1197 420 viri
1226 382 1476 434 descriptione
1499 381 1628 419 datum

117 452 350 504 nugatum·
379 455 487 504 quasi
519 455 637 492 dicat.
672 454 762 504 „uti
792 467 864 504 ego
902 454 939 491 in
970 451 1164 504 praediolo
1195 463 1279 490 meo
1308 449 1424 489 libere
1446 448 1628 500 jucunde

117 532 192 570 qne
218 521 327 570 vivo,
361 522 414 560 ita
442 525 481 560 et
507 524 548 560 tu
575 527 677 561 tuam
711 522 981 561 beatitudinem
1018 521 1056 559 in
1086 524 1124 557 te
1152 520 1262 557 sitam
1288 531 1335 557 ac
1359 532 1435 557 non
1468 531 1491 556 a
1526 517 1628 568 vulgi

117 588 328 627 rumoribus
352 593 479 640 aptam
506 594 599 641 puta
608 592 652 640 ,“
684 591 724 628 id
752 590 926 641 equidem
951 600 1074 639 neque
1098 587 1306 636 affirmare,
1338 598 1459 637 neque
1487 598 1628 636 negare

115 657 250 696 usim.
298 655 368 695 Est
390 656 487 695 enim
512 670 627 709 saepe
651 669 696 696 ea
720 658 974 710 Epistolarum
998 655 1289 694 Horatianarum
1311 654 1422 702 ratio,
1451 657 1492 691 ut
1510 652 1630 691 Poeta

117 736 142 761 a
179 725 291 762 certis
335 724 433 762 vitae
470 726 667 763 momentis
706 738 860 763 exorsus
899 724 948 762 ad
990 723 1124 760 altiora
1165 722 1346 765 ascendat
1388 722 1628 759 communiter

113 792 351 845 praecipiens
379 805 476 844 quae
505 794 646 831 faciunt
672 794 721 832 ad
747 806 848 842 rem,
878 794 901 830 i.
931 805 964 832 e.
994 791 1042 828 ad
1077 790 1173 829 bene
1210 789 1392 841 beateque
1416 788 1630 839 vivendum,

116 858 151 896 si
180 858 264 911 quis
294 858 391 900 bene
419 861 559 900 sentire
590 864 766 912 recteque
801 861 926 899 facere
958 859 1057 897 velit.
1113 857 1230 911 Multi,
1256 861 1379 895 autem
1406 857 1631 908 interpretes

117 925 209 965 nihil
244 927 434 976 antiquius
471 928 636 978 habent,
678 940 790 980 quam
828 932 870 967 ut
905 926 1022 966 libere
1060 929 1260 978 vagantem
1297 924 1442 964 Poetae
1470 924 1631 962 animum

117 992 295 1033 limitibus
322 995 543 1046 quibusdam
572 996 620 1034 ab
657 995 860 1035 aesthetice
894 995 1137 1049 praescriptis
1169 993 1382 1043 includant,
1420 1004 1632 1043 quanquam

113 1061 165 1100 iis
193 1075 278 1101 raro
305 1064 508 1114 contingit,
538 1068 579 1102 ut
605 1063 746 1104 Protea
768 1063 869 1102 illum
897 1064 1068 1117 capiant,
1098 1066 1248 1112 captum
1270 1059 1427 1098 vinculis
1455 1059 1633 1098 adaman—

118 1129 206 1170 tinis
232 1132 504 1182 constringant.
543 1132 868 1178 Quemadmodum
893 1135 1018 1169 autem
1042 1129 1223 1168 Horatius
1247 1126 1485 1179 philosophia
1503 1127 1633 1164 Stoica

119 1202 269 1248 utatur,
306 1200 332 1238 i.
361 1212 396 1237 e.
422 1199 645 1239 adminiculo
672 1199 834 1252 quodam
860 1199 912 1237 ad
943 1199 1117 1245 virtutem
1152 1210 1222 1234 suo
1260 1196 1399 1234 decore
1426 1194 1632 1232 ornandam

119 1277 322 1317 veramque
355 1265 708 1316 commendandam,
750 1268 799 1306 ad
837 1279 872 1304 v-
903 1266 956 1307 55
984 1279 1045 1317 sq.
1084 1264 1350 1313 indicavimus,
1389 1264 1442 1301 ita
1480 1267 1521 1301 ut
1555 1276 1631 1300 non

117 1332 269 1375 difficile
294 1333 368 1385 sit,
391 1335 441 1374 de
472 1335 773 1393 Walckenaerii
793 1334 1037 1374 annotatione
1064 1331 1128 1382 (ΙΙ.
1156 1345 1192 1384 p.
1224 1331 1305 1372 302
1332 1327 1414 1384 sq.)
1443 1334 1546 1369 recte
1569 1330 1632 1380 ju-

119 1391 262 1441 dicare:
306 1402 442 1452 „Voilii
481 1404 569 1443 bien
609 1405 646 1443 la
687 1402 923 1456 philosophie
962 1401 1168 1440 stoicienne
1210 1389 1304 1436 dans
1344 1401 1450 1437 toute
1486 1395 1632 1450 apret'e,

119 1472 220 1507 cette
245 1469 481 1523 philosophie
511 1473 577 1523 qui
610 1472 757 1510 mettait
782 1484 849 1508 sur
875 1469 910 1508 le
939 1469 1060 1507 meme
1086 1469 1220 1506 niveau
1248 1467 1304 1504 les
1332 1466 1523 1504 moindres
1549 1466 1634 1503 sau-

118 1541 177 1576 tn
201 1541 242 1575 et
268 1537 324 1577 les
353 1539 486 1577 crimes
513 1539 570 1577 les
593 1540 678 1591 plus
697 1542 863 1583 atroces;
892 1537 979 1587 qui,
1007 1549 1106 1589 pour
1134 1547 1332 1573 consacrer
1359 1534 1396 1572 la
1418 1533 1555 1572 liherte'
1581 1534 1632 1571 du

119 1617 227 1657 tage,
252 1605 377 1644 faisait
402 1605 455 1643 du
480 1606 624 1645 suicide
648 1619 722 1645 une
748 1604 935 1644 necessite
962 1608 1000 1642 et
1024 1617 1074 1642 un
1102 1604 1255 1649 demin-3
1282 1607 1322 1641 et
1345 1601 1443 1640 c'est
1465 1602 1515 1640 de
1534 1603 1632 1641 cette

117 1671 353 1725 philosophie
382 1686 456 1723 que
483 1673 657 1712 Wieland
682 1673 777 1712 dans
805 1685 877 1711 son
905 1671 1168 1710 commentaire
1196 1683 1261 1708 sur
1292 1673 1392 1710 cette
1423 1668 1544 1723 epitre
1574 1669 1631 1723 (p.

120 1739 203 1781 236
225 1752 276 1778 ou
303 1739 410 1790 238,
439 1740 489 1778 de
514 1739 636 1779 l'edit.
672 1741 722 1779 de
754 1739 898 1791 1837.)
930 1752 953 1777 a
979 1752 1032 1791 pu
1060 1739 1142 1776 dire
1169 1736 1261 1789 qu'il
1288 1736 1379 1778 n'en
1405 1737 1634 1776 connaissait

119 1820 189 1858 pas
217 1806 267 1845 de
303 1806 518 1858 meilleure‚
559 1811 599 1846 et
635 1807 726 1859 qu'il
762 1821 787 1846 a
823 1821 876 1860 pu
910 1805 1038 1860 preter
1074 1807 1095 1846 ἒι
1129 1805 1294 1845 Horace.
1351 1805 1452 1855 Oui,
1495 1807 1632 1852 certes,

120 1872 250 1912 c'etait
275 1873 312 1912 la
337 1873 571 1927 philosophie
600 1875 695 1914 dont
714 1875 864 1915 Horace
891 1887 934 1913 se
958 1874 1125 1926 targuait
1150 1874 1277 1926 quand
1306 1873 1331 1912 il
1358 1873 1512 1912 e'crivait
1534 1875 1633 1910 cette

119 1941 253 1994 epitre.
312 1941 431 1994 Mais,
459 1943 554 1981 dans
580 1943 616 1981 la
642 1943 840 1996 pratique,
868 1943 1036 1982 combien
1064 1942 1090 1980 il
1118 1955 1167 1981 en
1194 1942 1286 1980 etait
1311 1941 1408 1980 loin!
1435 1940 1543 1978 Tous
1571 1952 1633 1978 ses

120 2009 234 2048 ecrite
260 2009 495 2061 temoignent
521 2010 633 2062 qu'en
660 2011 747 2051 bien
773 2011 842 2050 des
869 2012 997 2063 points
1021 2024 1066 2049 sa
1089 2010 1215 2049 raison
1243 2009 1280 2048 la
1306 2009 1535 2061 repoussait.
1575 2004 1634 2043 La

106 2075 357 2131 ‘philosophie
392 2076 581 2118 d'florace
613 2080 728 2129 etait,
767 2093 859 2119 sous
886 2079 1071 2132 plusieurs
1106 2082 1304 2131 rapports,
1345 2076 1430 2128 plus
1463 2073 1634 2121 relachee

107 2140 194 2196 ‘qne
221 2144 314 2183 celle
339 2145 390 2184 du
416 2147 628 2196 stoicisme,
655 2152 715 2197 et,
744 2160 834 2185 sous
858 2160 920 2186 ces
944 2151 1143 2199 rapports,
1171 2145 1242 2184 elle
1267 2158 1314 2182 ne
1342 2144 1378 2181 la
1405 2141 1519 2179 valait
1545 2153 1634 2192 pas:

119 2210 146 2267 il
171 2210 206 2250 le
232 2213 390 2259 sentait;
422 2214 517 2252 mais
548 2227 638 2253 sous
666 2215 854 2263 d'autres,
892 2214 962 2254 elle
997 2213 1091 2252 etait
1123 2212 1206 2264 plus
1236 2212 1393 2257 sense'e,
1429 2208 1514 2259 plus
1542 2221 1634 2246 con-

120 2277 239 2317 forme
266 2279 290 2318 ὲ
318 2279 354 2318 la
382 2283 513 2318 nature
547 2280 742 2332 humaine,
780 2281 867 2333 plus
902 2279 1136 2333 rapproche'e
1168 2279 1237 2318 des
1266 2276 1455 2315 doctrines
1483 2275 1531 2313 de
1560 2275 1633 2313 So·

121 2349 245 2394 crate,
284 2347 334 2384 de
362 2346 493 2386 Platon
522 2352 561 2385 et
587 2347 636 2386 de
663 2348 700 2386 la
726 2349 804 2386 vrai
831 2347 1030 2398 sagesse.“
1087 2347 1174 2391 Qua
1207 2348 1332 2382 mente
1366 2342 1546 2380 Horatius
1584 2342 1634 2379 ad

119 2411 332 2450 Stoicorum
354 2427 395 2451 se
418 2414 755 2454 accommodaverit
777 2414 1029 2467 disciplinam,
1056 2413 1254 2461 sollerter,
1279 2415 1318 2449 ut
1340 2408 1459 2458 solet,
1485 2409 1634 2447 edocuit

127 2475 274 2514 PVeber
300 2492 339 2529 p.
364 2478 459 2521 857.

178 2622 268 2716 46‘)
298 2624 400 2659 Cous.
421 2635 510 2671 quae
530 2628 573 2662 de
592 2640 635 2663 ea
655 2629 847 2664 observant
866 2629 930 2663 Fr.
949 2627 1128 2662 Jacobsius
1148 2627 1169 2659 Ι.
1194 2626 1216 2659 l.
1243 2639 1275 2671 p.
1299 2626 1356 2661 57.
1378 2632 1415 2660 et
1435 2625 1632 2661 Da'inezerus

122 2694 159 2727 p.
226 2683 260 2716 2.
