1910 3138
98 168 181 210 111
217 163 495 207 cmm'r.
512 163 569 206 ΙΝ
585 165 710 206 HOR.
727 164 827 205 Lm.
846 165 877 204 Ι.
918 164 1085 209 EPls’r.
1102 162 1508 206 Duonssvmnsm.
1534 161 1621 204 459

99 279 171 331 10)
205 279 355 326 lubi,
377 282 529 327 jocoso.
558 278 676 318 Isocr.
711 280 761 317 ad
789 278 982 318 Demonic.
1015 292 1056 330 p.
1089 279 1156 319 16.
1180 277 1258 316 Wf.
1302 274 1550 329 Ὁμιλητικὸς
1576 275 1621 319 δὲ

99 344 193 403 ἔσῃ,
227 342 287 399 ἡ
307 338 468 400 δόσερις
494 343 576 396 ὄν,
612 344 713 398 μηδὲ
740 343 982 399 δυσάρεστος
1000 369 1058 376 -
1086 367 1145 374 -
1169 342 1270 397 μηδὲ
1291 345 1386 398 περὶ
1409 343 1460 386 vd
1484 349 1620 399 γελοῖα

96 409 354 464 meilen,
390 412 491 466 μηδὲ
516 413 609 464 περὶ
637 411 685 454 τὰ
725 415 924 455 σπουδαῖα
950 418 1034 462 τοῖς
1058 414 1230 468 γελοίοις
1257 413 1421 466 χαίρων.
1458 413 1555 452 lbid.
1581 427 1619 465 p.

97 480 140 520 9.
170 478 303 530 Ἔδιζε
328 479 476 523 σαυτὸν
506 478 607 522 εἶναι
636 479 693 535 μή
720 479 959 535 σκυθρωπόν
981 489 1053 523 etc.
1085 481 1204 520 plaut.
1226 481 1409 532 Amphitr.
1438 481 1481 529 3,
1510 482 1553 531 3,
1579 480 1620 522 4.

95 548 235 601 Atque
260 551 320 587 ita
345 563 497 588 ser-amm
520 564 602 600 par
630 549 786 588 videtur
807 552 934 602 Jrugi
959 563 1040 587 sese
1067 551 1267 587 instituere
1274 565 1291 597 ,-
1338 549 1512 586 Rviszde
1536 548 1622 586 heri

96 623 143 661 ut
165 619 272 663 εἰπέ,
309 619 394 668 ipse
421 618 514 654 item
536 619 610 654 sit.-
649 618 801 655 voltum
837 633 858 655 e
895 618 1004 655 voltu
1033 624 1255 668 comparet.-
1309 617 1450 654 Dixti-s
1479 618 1551 663 sit,
1585 617 1623 654 οἱ

98 683 186 722 hai
213 692 309 722 tunt
342 686 494 724 tristes:
535 685 690 723 hilarus
723 689 798 732 sit,
833 688 869 724 si
899 686 1118 738 gaudeant.
1173 685 1284 725 Conf.
1317 686 1474 723 Aristot.
1508 684 1621 725 Rheff.

94 754 146 791 ad
171 752 373 794 Alemdr.
403 755 444 801 2,
467 754 507 792 7.
535 752 655 791 Ethic.
675 755 717 803 8,
744 755 784 804 5,
812 756 848 795 2.
877 757 920 804 6,
947 757 984 795 1.
1011 754 1168 792 Lucian.
1189 754 1239 791 de
1261 752 1427 790 Mei-ced.
1446 752 1621 790 conduct.

97 820 166 860 80.
195 820 319 871 Ipsam
348 832 381 857 v.
408 821 531 857 tris-112⁹
554 821 862 871 significationem
886 822 1082 859 commode
1100 820 1240 858 enodat
1259 821 1472 868 Hieronym.
1500 818 1622 870 Epist.

95 888 147 925 ad
173 886 340 926 Marcell.
370 887 438 929 23.
467 887 495 925 Ι.
523 901 562 938 p.
593 888 685 928 100.
714 889 761 929 H.
800 891 896 940 quia
925 888 1024 925 ebrii
1050 901 1130 924 non
1158 900 1296 924 sumus
1330 900 1401 924 nec
1427 885 1622 924 cachinno

96 968 167 992 ora
193 954 473 1001 dissolvimus,
510 958 749 993 continentes
776 971 966 994 vocamur
1000 964 1037 993 et
1072 957 1210 995 tristes.
1240 954 1400 995 Terent.
1435 954 1555 994 Andr.
1579 955 1621 1004 5,

97 1025 140 1073 2,
170 1025 237 1064 16.
265 1023 336 1074 (ib.
359 1023 529 1074 Ruhnk.)
566 1024 706 1062 Tristis
727 1027 912 1062 severitas
934 1027 1036 1062 inest
1058 1026 1102 1060 in
1127 1022 1249 1062 voltu.
1280 1023 1361 1061 Cic.
1395 1022 1464 1060 Or.
1483 1022 1619 1072 fragm.

94 1103 136 1142 p.
166 1090 262 1132 ΗΧ).
295 1090 364 1135 (ib.
391 1090 520 1142 Beier)
564 1093 675 1142 Quid
698 1107 790 1130 cum
825 1092 1090 1137 hoelzomine
1122 1099 1206 1128 tam
1240 1092 1345 1127 tristi
1378 1104 1429 1127 ac
1461 1089 1622 1127 severo?

95 1159 231 1198 Senec.
248 1158 377 1209 Epist.
407 1158 500 1199 123.
531 1160 633 1197 Istos
661 1162 789 1198 tristes
813 1167 849 1197 et
870 1160 1143 1210 superciliosos
1163 1159 1319 1196 alienae
1342 1159 1500 1194 virtutis
1527 1171 1620 1195 een—

95 1237 227 1272 sores,
252 1238 350 1263 suae
374 1226 526 1273 hostes,
550 1228 732 1279 publicos
753 1228 1033 1279 paedagogos,
1061 1229 1161 1265 assis·
1185 1241 1234 1264 ne
1244 1228 1406 1278 ficet-is.
1453 1226 1510 1264 ita
1532 1229 1621 1277 jun·

95 1297 236 1344 gmitur
268 1294 362 1332 Tac.
389 1294 487 1333 Anu.
519 1297 593 1345 16,
622 1298 697 1345 22,
732 1298 771 1337 2.
805 1296 874 1349 (ib.
901 1295 1081 1347 Rupert.)
1116 1295 1242 1347 rigidi
1274 1302 1310 1331 et
1345 1296 1484 1334 tristes.
1522 1293 1620 1330 Plin.

94 1361 220 1414 Epist.
247 1364 287 1413 1,
317 1363 386 1412 10,
411 1365 453 1403 7.
481 1364 551 1414 (ib,
580 1362 740 1415 Gierig.)
770 1363 927 1401 Nullus
954 1364 1092 1400 horror
1116 1364 1159 1400 in
1187 1362 1320 1412 culm,
1349 1361 1465 1399 nulla
1497 1362 1621 1398 trista)-

95 1430 182 1476 u'a,
208 1429 382 1468 multum
407 1432 635 1472 severitatis.
676 1431 790 1471 Conf.
816 1432 954 1470 Heind.
982 1432 1034 1469 ad
1058 1432 1141 1474 Sat,
1168 1434 1207 1479 1,
1238 1433 1279 1479 5,
1310 1431 1404 1470 103.
1433 1431 1542 1469 Serv.
1570 1429 1622 1467 ad

94 1497 202 1547 virg.
229 1498 325 1538 Aen.
354 1499 396 1547 6,
426 1499 520 1546 275.
557 1498 716 1549 Rupert.
747 1501 797 1537 ad
825 1499 909 1538 Juv.
942 1501 981 1547 2,
1008 1500 1047 1540 8.
1085 1498 1204 1547 Seyff.
1229 1500 1277 1536 ad
1305 1498 1386 1537 Cic.
1413 1497 1520 1535 Lael.
1552 1498 1620 1546 18,

94 1565 166 1605 66.
194 1578 235 1616 p.
260 1565 357 1606 410.
391 1565 568 1603 Doederl.
597 1566 687 1615 Syn.
718 1567 811 1607 111.
841 1580 880 1617 p.
908 1568 1003 1608 230.
1028 1587 1085 1595 ——
1122 1566 1169 1604 V.
1198 1566 1266 1606 90.
1301 1565 1491 1603 Sedatum
1524 1565 1621 1602 cele-

97 1645 159 1670 res
168 1659 185 1678 ,
212 1633 239 1671 i.
263 1645 297 1670 e.
327 1633 452 1669 omnia
479 1632 619 1683 impetu
646 1634 808 1684 quodam
836 1638 1006 1685 agentes.
1050 1634 1105 1671 lta
1134 1632 1217 1673 Liv.
1244 1635 1313 1682 22,
1337 1634 1406 1682 38,
1430 1634 1498 1675 13.
1533 1641 1620 1671 tuta

97 1698 264 1737 consilia
289 1698 479 1737 celeribus
506 1706 763 1751 opponuntur;
801 1702 850 1740 cs.
874 1701 1001 1740 Liibk.
1030 1702 1081 1739 ad
1107 1701 1181 1739 Od.
1212 1701 1255 1751 3,
1280 1704 1321 1750 7,
1351 1704 1417 1743 27.
1454 1702 1619 1740 Dinenb.

95 1768 147 1805 ad
176 1767 253 1806 od.
286 1770 326 1817 1,
357 1769 425 1817 16,
454 1767 523 1811 24.
566 1767 745 1806 Doederl.
777 1769 872 1819 Syn.
900 1770 947 1807 Π.
976 1783 1015 1821 p.
1043 1768 1138 1811 124.
1166 1773 1206 1807 et
1237 1770 1285 1807 de
1308 1770 1452 1807 madiis
1474 1770 1622 1808 cedatis

95 1843 135 1872 et
161 1835 391 1887 trmzquillis
428 1835 507 1874 Cic.
541 1835 661 1874 Tusc.
695 1836 738 1886 4,
770 1837 838 1887 25,
872 1837 937 1878 55,
966 1860 1024 1866 -
1053 1851 1280 1888 nammque
1312 1840 1489 1885 remissi,
1520 1840 1545 1876 i.
1584 1852 1619 1878 e.

94 1903 244 1942 minime
261 1904 416 1953 agitati,
437 1903 550 1953 lenti,
570 1903 756 1954 languidi,
777 1917 871 1955 quos
889 1909 1080 1943 nostrates
1104 1905 1311 1955 „schlaffe‚
1331 1907 1619 1957 abgespannte“

94 1975 257 2022 vocant,
283 1970 503 2023 metaphora
529 1971 577 2009 ab
603 1984 692 2010 arcu
720 1973 834 2010 ducta
862 1972 944 2010 coll.
970 1973 1076 2011 Gerl.
1107 1977 1146 2010 et
1174 1973 1301 2011 Kritz.
1331 1974 1381 2011 ad
1409 1973 1502 2010 Sall.
1531 1974 1617 2023 Jug.

98 2039 169 2090 58,
194 2042 228 2080 1.
254 2039 371 2077 nach.
398 2039 449 2076 ad
476 2039 587 2078 Ovid.
611 2041 708 2078 Met.
734 2040 775 2089 3,
801 2039 896 2081 319.
922 2040 1039 2090 Seyff.
1068 2040 1117 2077 ad
1143 2040 1224 2078 Cic.
1250 2039 1359 2078 Lael.
1389 2042 1457 2090 18,
1481 2042 1549 2081 66.
1577 2055 1616 2093 p.

97 2104 196 2148 411.
227 2106 333 2144 Alias
367 2107 552 2145 remissus
589 2109 711 2158 rigido
749 2113 788 2145 et
820 2109 919 2146 tristi
956 2109 1158 2159 opponitur
1185 2108 1270 2146 coll.
1302 2108 1425 2146 Beier.
1454 2109 1502 2146 ad
1537 2109 1617 2148 Cic.

98 2174 212 2212 offic.
243 2177 283 2224 1,
312 2174 381 2226 29,
411 2174 506 2214 104.
548 2175 605 2213 De
634 2187 693 2214 vv.
727 2176 848 2228 agilis
878 2181 917 2213 et
946 2189 1075 2212 navus
1109 2175 1160 2213 cf.
1197 2174 1374 2215 Doederl.
1402 2176 1495 2225 Syn.
1523 2176 1551 2214 l.
1579 2190 1618 2228 p.

99 2242 179 2282 122
199 2253 284 2291 sqq·
310 2241 349 2282 J.
369 2241 544 2279 Merkel.-
572 2243 754 2292 „Heitere
778 2245 914 2282 hassen
942 2244 1015 2280 den
1034 2243 1217 2280 dfisteren
1235 2242 1372 2291 Manu,
1403 2243 1619 2282 Ernsthafte

98 2306 171 2346 den
197 2306 396 2357 Muntern,
432 2307 541 2358 Den,
579 2312 646 2348 der
671 2313 845 2362 gelassen
868 2310 1055 2359 versalia,
1097 2310 1239 2347 schnell
1268 2309 1453 2360 Thatige,
1489 2310 1618 2363 Trage

97 2374 175 2414 den
191 2373 413 2414 Raschen.“
446 2376 491 2414 ln
511 2377 665 2416 alteram
683 2383 827 2430 partem
848 2378 1003 2415 Aristot.
1029 2377 1151 2417 Ethic.
1169 2377 1327 2414 Eudem.
1348 2380 1389 2427 7,
1404 2378 1442 2418 5.
1469 2373 1619 2420 Ἐνίοιε

97 2437 304 2494 ἀνομοίοις
328 2443 535 2496 χαίρουσιν
549 2456 562 2467 ·
589 2442 677 2486 οἷον
698 2442 887 2499 αὐστηροὶ
909 2442 1159 2497 εὐτραπέλοις
1181 2444 1250 2484 καὶ
1273 2440 1375 2493 ὀξεῖς
1404 2444 1617 2498 ῥαθύμοις.

209 2509 258 2547 V.
286 2511 340 2550 91
369 2532 427 2540 ·—
453 2513 521 2554 93.
567 2514 727 2551 Potores
756 2512 884 2549 bibuli
907 2534 964 2542 —
992 2519 1150 2561 tepores.
1188 2512 1271 2549 Jam
1290 2514 1474 2551 ternarius
1492 2527 1616 2554 exem-

100 2575 247 2626 plorum
279 2589 454 2615 numerus
490 2579 556 2628 (de
587 2594 662 2630 quo
699 2581 747 2618 cf.
779 2581 850 2626 16,
888 2580 960 2631 50)
995 2579 1124 2617 addita
1157 2580 1370 2618 festivitatis
1399 2582 1618 2622 vernaculae

100 2643 261 2694 imagine
290 2632 476 2695 impletur.
518 2647 679 2684 Potores
708 2645 834 2683 bibuli
863 2668 910 2674 —
941 2646 1107 2684 Falerni
1115 2646 1156 2698 *)
1183 2660 1295 2698 quum
1322 2648 1479 2699 aeriter,
1506 2649 1615 2689 forti-

214 2791 251 2837 ⁸)
270 2793 343 2835 Qui
358 2803 394 2826 v.
408 2792 514 2826 bibuli
538 2803 601 2837 pro
620 2793 788 2838 Epitheto
803 2793 951 2826 Falerni
972 2794 1171 2829 habuerunt
1186 2796 1245 2840 (ut
1257 2795 1439 2841 thander
1449 2824 1460 2842 ,
1479 2799 1536 2834 eni
1547 2799 1614 2834 οὔ.

102 2848 184 2883 Fal.
199 2854 277 2894 est,
294 2849 412 2895 „qnod
431 2848 525 2883 sitim
542 2860 610 2882 non
625 2848 814 2893 exstinguit
825 2874 835 2892 ‚
855 2849 916 2883 sed
936 2850 1044 2895 magis
1058 2859 1167 2896 auget
1183 2857 1221 2886 et
1234 2852 1427 2898 invitav‘),
1447 2855 1616 2903 iinppo-
