1910 3138
287 244 373 286 450
401 246 678 285 COMMENT.
700 246 755 284 IN
778 245 902 284 HOR.
923 245 1023 283 LIB.
1044 245 1074 282 1.
1111 243 1278 284 EPIST.
1297 240 1708 284 DUODEVICESIM.
1740 242 1821 283 102

289 364 413 398 autem
441 358 601 396 Acronis
633 357 707 408 (cui
731 359 780 396 ad
806 358 958 396 verbum
987 358 1194 396 assentitur
1221 357 1348 414 Schol.
1373 357 1507 410 Cruq.)
1530 362 1569 397 et
1591 357 1824 410 Porphyrio-

288 429 346 465 nis
380 427 643 477 interpretatio
677 431 755 465 est:
804 432 1002 477 „utraque
1040 427 1201 465 mauu.“
1238 427 1385 464 Scenae
1419 438 1568 479 quoque
1599 426 1822 464 vocabulum

277 495 483 546 finctorem
513 507 599 532 esse
626 494 796 545 pluribus
826 496 978 533 edocuit
1012 494 1262 543 Schmidius,
1305 506 1465 545 quocum
1497 495 1596 533 conf.
1622 493 1747 531 Locro
1771 493 1821 530 ad

291 562 402 600 Ovid.
431 561 553 601 'rx-ist.
583 563 622 606 3,
655 564 707 603 13
736 562 850 614 (12),
881 563 947 604 23.
979 563 1126 600 Halm.
1156 564 1205 600 ad
1235 563 1312 600 Cic.
1335 576 1394 614 pr.
1418 556 1525 600 sest.
1551 560 1622 612 54,
1649 561 1743 603 115.

401 630 445 667 V.
481 632 536 670 67
561 653 616 659 —
646 633 714 671 71.
761 632 954 669 Protinus
975 653 1029 659 ——
1062 630 1239 668 verbum.
1298 630 1545 682 Adjungitm',
1580 644 1629 670 ne
1661 629 1723 670 alii
1750 633 1823 670 im-

286 699 416 750 primis
447 698 617 737 homines
646 713 779 751 parum
807 700 871 737 fidi
906 699 966 736 vel
995 700 1135 750 garruli
1161 699 1286 737 Lollio
1314 700 1416 750 apud
1450 703 1648 750 patronum
1681 699 1823 748 obsint,

288 769 358 805 hoc
387 769 491 818 quod
520 769 688 818 sequitur
717 774 972 819 praeceptum.
1025 767 1218 804 Protinus
1247 770 1329 817 est,
1366 781 1415 805 ne
1450 769 1489 806 in
1526 768 1682 808 aliorum
1714 768 1823 806 tricis

286 837 546 888 immoremur,
585 840 664 885 „ut
694 850 848 874 monere
860 837 900 886 *)
933 835 1135 886 pergam.“
1191 835 1333 873 Hand.
1373 835 1538 874 Turseli.
1568 836 1627 875 1V.
1658 848 1698 888 p.
1726 838 1822 878 621.

288 905 375 943 coll.
409 904 535 943 Liibk.
566 906 615 942 ad
647 904 723 942 Od.
750 905 789 951 3,
818 905 860 953 3,
889 904 958 944 30.
997 904 1057 941 Ad
1087 903 1303 942 formulam:
1334 905 1372 941 .ςὶ
1400 905 1503 956 quid
1527 917 1616 956 eges
1637 925 1694 934 -—·
1719 905 1823 945 conf.

288 973 484 1012 Drakeub.
514 973 563 1011 ad
591 971 677 1010 Liv.
707 973 757 1021 3,
789 972 867 1022 48,
897 971 937 1012 4.
975 973 1012 1009 εἰ
1045 971 1147 1023 quid
1178 972 1452 1010 inclementius
1486 973 1531 1010 in
1566 980 1603 1010 te
1633 985 1721 1010 sum
1757 973 1824 1010 in-

287 1049 422 1080 vectus
449 1047 488 1080 et
515 1042 566 1083 N.
596 1042 731 1080 Heius.
761 1054 834 1079 una
858 1054 939 1078 cum
968 1031 1121 1078 Ruhnk.
1149 1041 1198 1077 ad
1233 1041 1346 1079 Ovid.
1373 1040 1467 1079 Her.
1498 1043 1540 1091 6,
1573 1040 1664 1083 151.
1694 1063 1751 1070 —-
1777 1040 1826 1080 V.

288 1114 354 1153 68,
388 1110 498 1161 Quid
519 1110 568 1148 de
596 1123 751 1162 quoque
777 1110 862 1147 viro
887 1114 958 1147 etc.
984 1107 1189 1158 Porphyr.:
1218 1108 1347 1159 „Tria
1374 1109 1489 1160 dixit,
1519 1111 1608 1162 quid
1632 1111 1752 1158 dieas,
1777 1112 1828 1150 de

289 1194 364 1232 quo
385 1181 514 1230 dicas,
540 1180 598 1218 cui
619 1178 768 1216 dicas.“
811 1177 988 1215 Similiter
1007 1176 1195 1227 explicant
1214 1174 1463 1224 Lambinus,
1491 1178 1716 1231 Cruquiua,
1737 1179 1826 1217 Lu-

290 1248 407 1286 binus
417 1277 433 1295 ,
464 1247 672 1295 Bentlejus
687 1246 773 1298 **),
802 1246 862 1284 alii
891 1246 978 1284 coll.
1003 1246 1085 1284 Cic.
1113 1246 1151 1283 in
1179 1244 1310 1302 Pison.
1327 1245 1395 1286 31.
1426 1253 1470 1283 tn
1494 1248 1619 1298 quid,
1646 1255 1691 1285 tu
1714 1247 1832 1299 apud

290 1327 412 1370 quos,
443 1324 486 1354 ἰιι
515 1317 563 1354 de
587 1329 665 1368 qao
693 1315 806 1352 dicas
833 1314 1056 1366 intelligis?
1095 1313 1155 1352 De
1177 1313 1324 1351 ratione
1350 1314 1499 1352 dicendi
1517 1329 1674 1368 qnoque
1691 1327 1765 1367 pro
1789 1323 1828 1353 et
1903 1350 1910 1379 5

290 1400 367 1438 quo
394 1399 506 1423 nemo
537 1383 722 1422 dubitabit
750 1384 815 1434 qui
849 1383 1051 1421 contulerit
1083 1381 1252 1433 exempla
1275 1393 1297 1418 a
1335 1381 1466 1420 C'ortio
1477 1411 1494 1429 ,
1521 1384 1753 1437 Kn‘tzc'oque
1775 1385 1825 1423 ad

290 1454 380 1492 Sall.
410 1454 495 1494 Cat.
525 1455 593 1504 23,
624 1452 664 1494 4.
696 1457 734 1491 et
767 1465 790 1490 a
814 1451 1017 1489 Beneckio
1046 1451 1092 1489 ad
1117 1451 1252 1490 Justin.
1276 1451 1344 1500 28,
1373 1452 1414 1500 2,
1441 1451 1482 1492 3.
1511 1451 1682 1503 laudata,
1709 1457 1763 1505 at,
1791 1452 1826 1492 si

289 1523 410 1561 Poeta
436 1523 508 1561 tria
538 1522 752 1573 significare
778 1520 983 1569 voluisset,
1012 1533 1096 1558 eum
1125 1517 1330 1570 particulas
1357 1516 1506 1569 planius
1531 1525 1596 1559 aut
1622 1522 1827 1574 interposi-
1891 1508 1896 1521 ἲ

290 1577 413 1630 turum
432 1596 496 1629 aut
514 1591 641 1642 piures
665 1589 984 1640 interrogationes
1003 1588 1040 1626 in
1064 1600 1177 1624 unam
1196 1586 1346 1637 (quales
1369 1593 1667 1628 commemorant
1684 1589 1824 1628 Heind.
1890 1574 1898 1606 ‘⁴

291 1660 339 1696 ad
369 1661 451 1701 Sat.
481 1661 528 1710 2,
556 1659 604 1708 3,
636 1659 730 1699 201.
763 1657 934 1695 Schmidt
970 1657 1019 1694 ad
1054 1655 1138 1696 JuV.
1168 1657 1241 1703 12,
1271 1653 1340 1696 48.
1377 1654 1500 1696 Kritz.
1538 1659 1587 1697 ad
1622 1654 1712 1697 Sall.
1738 1657 1827 1697 Cat.
1882 1635 1890 1694 s

291 1726 361 1776 47,
395 1731 429 1768 1.
471 1728 597 1777 (Cort.
623 1726 715 1768 Exc.
743 1726 809 1763 VI.
848 1738 886 1776 p.
917 1723 1012 1765 402.
1048 1729 1086 1762 et
1110 1724 1159 1761 ad
1187 1722 1284 1763 Plin.
1320 1723 1443 1774 Epist.
1477 1725 1519 1774 6,
1547 1722 1617 1776 24,
1646 1725 1704 1776 1,)
1733 1736 1826 1765 con-

290 1798 497 1833 tracturum
522 1796 639 1832 fuisse
664 1794 832 1832 dixerim.
872 1793 1052 1831 Ceterum
1082 1793 1289 1841 sententia,
1323 1792 1356 1829 si
1377 1805 1457 1830 rem
1479 1793 1529 1831 ad
1556 1793 1717 1846 lapidem
1745 1793 1827 1846 Ly-
1890 1810 1892 1815 ·

293 1864 393 1901 dium
432 1865 580 1914 exigas,
616 1867 762 1900 tantum
797 1862 872 1899 duo
902 1861 1060 1911 flagitat.
1120 1860 1163 1898 In
1202 1859 1358 1898 alteram
1394 1864 1543 1910 partem
1572 1863 1699 1902 simile
1732 1862 1826 1904 ilud

292 1930 504 1982 Epicharmi
532 1931 633 1981 apud
662 1930 743 1970 Cic.
779 1930 827 1966 ad
864 1928 979 1965 Attio.
1010 1932 1055 1978 1,
1085 1927 1160 1978 19,
1190 1930 1228 1969 8.
1270 1932 1348 1967 est:
1398 1931 1522 1980 Νᾶφε
1555 1930 1622 1972 καὶ
1658 1930 1827 1984 μέμψαιτ’
1890 1934 1895 1966 Γ

293 1994 492 2039 ἆπιστεῖν·
521 1995 657 2049 ἄρθρα
683 2000 807 2036 ταῦτα
833 1997 914 2035 τῶν
943 1998 1115 2047 φρενῶν.
1154 1996 1291 2046 Neque
1312 2009 1470 2046 prorsus
1492 1999 1653 2039 alienum
1681 2004 1740 2039 est
1759 2000 1826 2039 Οἱ-
1884 2028 1885 2031 =

294 2068 442 2106 ceronis
471 2069 716 2117 praeceptum
747 2065 795 2102 de
823 2064 936 2102 offic.
962 2066 1000 2111 1,
1019 2063 1088 2111 41,
1123 2062 1237 2104 147.:
1267 2064 1483 2102 videndum
1502 2073 1583 2113 est,
1610 2081 1690 2105 non
1709 2069 1827 2106 modo

294 2135 396 2188 quid
411 2136 578 2187 quisque
600 2133 791 2185 loquatur
799 2161 814 2179 ,
844 2132 914 2170 sed
935 2132 1052 2168 etiam
1073 2131 1173 2182 quid
1189 2132 1354 2182 quisque
1373 2128 1539 2181 s‘entiat,
1567 2143 1687 2187 atque
1705 2137 1826 2173 etiam

295 2217 376 2254 qua
402 2202 450 2239 de
479 2215 613 2243 causa,
642 2224 697 2230 -
726 2200 773 2242 V.
802 2201 870 2242 69.
900 2200 967 2240 70.
999 2199 1194 2251 garrulus
1215 2200 1321 2237 idem
1350 2208 1416 2240 est.
1472 2201 1530 2240 De
1557 2202 1718 2253 garrulis
1753 2202 1828 2242 loci

293 2376 472 2410 Eichstad.
492 2375 535 2410 ad
551 2376 691 2410 Ruhnk.
713 2374 834 2420 Antiq.
853 2375 954 2409 Rom.
970 2374 1069 2409 lectt.
1090 2373 1188 2408 acad.
1210 2374 1293 2408 XX.
1317 2386 1353 2420 p.
1370 2376 1405 2409 7.
1426 2374 1517 2409 Zell.
1541 2373 1827 2419 „Ferienschrif-
1872 2383 1876 2409 ὲ

296 2433 383 2466 ten“
405 2433 453 2467 ΙΙ.
474 2444 511 2478 p.
526 2433 584 2468 83.
604 2433 861 2478 Echion-meyer.
879 2431 1044 2475 „Proben
1060 2430 1157 2465 einer
1171 2430 1403 2476 Abhandlung
1422 2431 1512 2465 fiber
1527 2432 1662 2467 Numen
1681 2442 1716 2467 u.
1735 2443 1827 2477 sym·
1875 2454 1879 2455 ν

294 2489 453 2523 bolische
466 2489 678 2534 Bedeutung
692 2489 756 2523 der
778 2489 939 2533 Pingea-‘⁴
957 2488 1054 2523 Hau.
1076 2485 1178 2523 1834.
1199 2500 1234 2533 p.
1251 2489 1273 2523 9
1291 2509 1339 2514 —
1361 2485 1415 2523 14.
1444 2488 1568 2523 Weber
1585 2488 1622 2523 in
1641 2487 1824 2535 Tt'ibingcr'
1894 2492 1910 2512 ·“

296 2547 590 2590 „Morgenblatffl
614 2543 718 2581 1845.
747 2545 794 2581 Ν.
815 2545 894 2580 199.
914 2557 949 2591 p.
965 2542 1048 2581 794.
1073 2545 1152 2580 coli.
1174 2545 1326 2579 Schmid.
1343 2545 1389 2580 ad
1404 2545 1439 2579 h.
1456 2546 1480 2582 l.
1501 2551 1538 2580 et
1552 2545 1596 2581 de
1610 2545 1823 2592 r‘rffoewpd-

295 2603 357 2636 lice
377 2603 424 2637 W
423 2605 541 2638 errand.
562 2603 608 2637 ad
627 2604 733 2637 Poet.
753 2603 836 2636 Lat.
857 2601 940 2637 min.
959 2603 1028 2637 III.
1050 2613 1085 2648 p.
1102 2602 1184 2638 230.
1205 2601 1414 2637 Buttmann.
1431 2603 1475 2637 ad
1493 2602 1643 2644 Quintil.
1663 2601 1752 2637 Inst.
1766 2600 1824 2646 n,
1880 2600 1894 2636 C:

296 2659 329 2702 3,
352 2660 433 2694 119.
454 2660 610 2695 Haaebr.
631 2660 675 2694 ad
696 2659 799 2704 Apul.
822 2659 912 2694 Met.
931 2661 964 2702 2,
985 2661 1042 2696 21.
1071 2671 1109 2705 p.
1130 2655 1209 2694 124.

407 2714 444 2760 *J
462 2716 635 2751 Moncndt'
651 2717 797 2750 verbum
812 2721 980 2769 ⁷tanquam
1000 2715 1186 2751 amicorum
1199 2715 1376 2761 proprium
1392 2715 1599 2750 observavit
1612 2715 1658 2751 Π.
1676 2714 1823 2760 Steph-

296 2781 361 2804 nus
379 2771 414 2806 in
431 2772 649 2808 Schediasm.
666 2774 702 2818 3,
720 2775 778 2809 20.
805 2773 867 2807 Sic
883 2773 960 2808 Cic.
977 2772 1077 2807 Lael.
1093 2772 1148 2817 25,
1168 2773 1224 2808 91.
1245 2778 1278 2807 et
1293 2784 1433 2807 monere
1447 2778 1482 2807 et
1495 2773 1628 2808 monera*
1641 2770 1822 2817 propn‘fltfl

297 2832 346 2860 est
366 2840 468 2863 verae
489 2830 672 2867 amicitiae.
701 2829 934 2864 Confi-Fam.
951 2830 994 2864 ad
1010 2829 1093 2864 Liv.
1110 2832 1166 2874 22,
1185 2830 1243 2874 60,
1264 2831 1320 2865 10.
1354 2829 1523 2864 Doederl.
1540 2829 1626 2872 Syn.
1642 2827 1672 2862 Ι.
1687 2838 1724 2872 p.
1741 2826 1821 2862 162.
1870 2842 1871 2845 ¹

384 2878 447 2927 **)
466 2885 521 2918 Ab
541 2885 596 2920 his
615 2886 777 2935 partibus
795 2898 867 2925 van
886 2887 1031 2922 Janiam
1057 2897 1196 2932 quoque
1215 2890 1311 2920 stare
1332 2885 1368 2919 in
1392 2885 1562 2930 ‚,Mfinch.
1582 2882 1732 2929 gelehrt.
1749 2882 1822 2917 Au·

300 2938 451 2982 zeigen“
473 2938 576 2977 1840.
596 2953 632 2987 p.
649 2943 730 2979 286.
750 2954 804 2977 me
819 2942 1035 2978 edocuerunt
1049 2942 1222 2979 Dantzeri
1236 2946 1417 2977 annotata.
