1910 3138
425 927 1264 1005 COMMENTARII

808 1101 873 1137 IN

84 1237 339 1285 Holu'm
358 1237 479 1284 LIB-
501 1237 541 1283 1.
599 1234 1272 1293 El’ls'mLAMQUARTAM
1295 1231 1604 1281 DECIMAM.

713 1421 986 1428 ——-..

87 1553 221 1612 Haec
244 1572 419 1624 Epistola
447 1571 496 1609 ad
522 1571 563 1608 id
590 1584 710 1621 genus
743 1572 1007 1624 epistolarum,
1043 1584 1141 1623 quae
1169 1576 1431 1622 argumentum
1457 1570 1611 1621 habent,

90 1643 286 1683 referenda
320 1642 480 1679 videtur.
532 1640 808 1692 Perstringitur
841 1645 938 1681 enim
971 1642 1035 1698 ilJa
1067 1643 1204 1681 mentis
1234 1643 1486 1680 inconstantia
1519 1641 1613 1680 levi-

90 1716 250 1762 tasque,
277 1722 350 1761 qua
372 1708 541 1746 homines
566 1722 635 1746 sua
663 1715 766 1748 sorte
792 1723 869 1748 non
891 1711 1056 1750 conteuti
1080 1722 1163 1748 eam
1183 1711 1264 1748 fere
1290 1714 1490 1762 exoptant,
1518 1722 1614 1762 quae

89 1779 244 1817 alterius
282 1780 353 1818 est.
418 1777 516 1816 Hinc
551 1777 684 1815 eadem
716 1777 779 1815 illa
815 1779 1005 1817 sentiendi
1037 1779 1267 1829 perversitas
1304 1779 1342 1816 in
1370 1778 1447 1816 vita
1473 1779 1615 1816 rustica

92 1844 307 1895 exoptanda
346 1848 388 1882 et
424 1843 663 1895 reprobanda
704 1846 892 1896 cernitur,
934 1847 988 1886 ita
1014 1849 1057 1883 ut
1087 1847 1149 1896 qui
1178 1848 1217 1884 in
1252 1845 1348 1883 urbe
1382 1846 1514 1883 vivunt
1550 1859 1613 1883 rus

93 1916 250 1964 optent,
287 1912 351 1962 qui
377 1913 453 1949 ruri
479 1915 597 1962 agunt
622 1911 726 1950 urbis
756 1913 907 1951 delicias
935 1914 1176 1964 desiderent,
1220 1927 1294 1964 qua
1326 1913 1478 1964 quidem
1508 1914 1548 1950 in
1574 1926 1616 1951 re

93 1979 199 2018 locus
224 1979 307 2031 ipse
334 1991 411 2016 non
434 1980 473 2017 in
503 1980 633 2031 culpa,
674 1982 743 2018 sed
771 1981 913 2018 animus
936 1982 1032 2020 male
1060 1981 1220 2020 affectus
1245 1985 1326 2028 est3
1366 1981 1476 2031 quid,
1515 1981 1617 2031 quod

95 2059 142 2085 eo
164 2047 364 2085 vecordiae
382 2049 677 2099 progrediuntur
694 2048 884 2099 homines,
909 2054 952 2087 ut
974 2051 1105 2089 eadem
1124 2062 1273 2100 semper
1290 2048 1454 2099 probare
1474 2060 1617 2096 neque-

83 2119 183 2163 ant,
211 2114 281 2152 sed
309 2128 395 2162 rus,
421 2117 525 2165 quod
551 2117 686 2168 cupide
711 2119 920 2167 petierunt,
949 2131 1036 2155 mox
1062 2117 1226 2167 pertaesi
1250 2116 1446 2153 fastidiant
1472 2114 1616 2151 urbano

96 2183 301 2231 flagrantes
334 2183 535 2222 desiderio.
592 2185 815 2233 Quanquam
839 2185 928 2221 nihil
951 2186 1140 2235 antiquius
1169 2188 1228 2221 est
1257 2188 1296 2221 et
1321 2181 1474 2229 melius,
1505 2193 1618 2230 quam

98 2248 171 2286 a‘bi
193 2254 366 2287 constare
394 2255 434 2288 et
462 2264 508 2289 ea
535 2255 639 2289 sorte
667 2263 753 2289 esse
782 2256 1019 2303 contentum,
1045 2265 1158 2302 quam
1184 2250 1294 2288 nobis
1320 2247 1455 2285 obtulit
1475 2248 1618 2298 optima

99 2318 224 2352 rerum
248 2320 393 2354 naun-a.

211 2381 320 2419 Haec
345 2382 426 2422 fere
454 2383 592 2437 sunt*)
619 2397 715 2437 quae
742 2385 1014 2423 urbanissimus
1033 2383 1154 2421 Poeta
1172 2382 1388 2433 generatim
1407 2381 1498 2420 alias
1520 2394 1617 2433 quo-

217 2524 255 2570 *)
272 2526 387 2562 Aliter
398 2528 557 2566 Danaa
566 2533 623 2578 (p.
638 2530 745 2577 433)=
769 2532 863 2576 „Die
878 2532 955 2566 dem
970 2533 1118 2566 Ganzeu
1135 2541 1179 2564 zu
1193 2530 1340 2564 Grande
1357 2529 1519 2575 liegende
1532 2530 1617 2566 ldae

104 2582 156 2617 ist
172 2583 278 2617 keine
297 2583 447 2628 andere,
475 2587 529 2620 tls
547 2589 629 2622 dass
647 2590 711 2623 dns
730 2589 831 2622 Laud
850 2588 956 2622 allein
974 2587 1032 2621 die
1051 2588 1128 2620 dem
1147 2586 1246 2620 Alter
1264 2586 1408 2632 nothige
1427 2587 1528 2621 nahe
1545 2589 1618 2623 und

108 2639 176 2673 den
195 2639 314 2674 stium
333 2640 488 2674 Frieden
506 2643 690 2687 gemilu-«23
715 2655 782 2678 nur
799 2645 836 2677 in
857 2644 921 2677 der
938 2655 1052 2688 engen
1070 2642 1271 2687 Beziehung
1295 2643 1359 2678 auf
1371 2643 1434 2678 das
1453 2644 1618 2681 Ver-hilt-

46 2698 55 2707 '
108 2694 184 2730 nias
202 2697 266 2730 des
285 2695 404 2729 Horaz
422 2697 536 2732 selbst
561 2698 674 2734 findet
689 2701 754 2734 das
773 2699 929 2734 Gedicht
950 2699 1048 2733 seine
1065 2698 1258 2733 Einheit.“
1305 2700 1538 2736 Mediastinus
1551 2701 1616 2736 ille

109 2762 188 2787 nea
206 2752 346 2799 quidem
363 2752 541 2787 sententia
558 2754 649 2788 alter
663 2756 811 2801 Alpinius
831 2759 887 2789 est
905 2755 1040 2800 (Epod.
1056 2755 1127 2799 2.)‚
1155 2755 1217 2801 qui
1232 2758 1271 2790 et
1288 2756 1367 2802 ipse
1385 2755 1493 2792 vitm
1509 2758 1618 2792 rusti-

112 2819 206 2854 αι,
233 2809 333 2853 cnjus
352 2808 622 2843 amoenitatibus
637 2811 987 2856 jucunditatibusque
1008 2810 1220 2857 aliquantum
1237 2811 1405 2859 tempori·
1421 2814 1618 2849 delectam

114 2869 213 2909 erat,
244 2865 291 2899 ad
311 2875 407 2900 suam
425 2870 582 2900 naturam
603 2877 765 2901 reversus
782 2866 941 2912 reliquit.
982 2868 1110 2902 Poena
1135 2867 1220 2903 illud
1247 2869 1399 2905 festivae
1424 2871 1621 2906 dissimula-

1105 2918 1197 2961 13*
1251 2923 1295 2974 (3
1310 2924 1352 2975 *)
