1910 3138
241 218 326 262 484

813 223 1204 264 HORATII

1700 228 1779 270 136

308 339 422 383 Dum
452 337 597 382 studet
623 339 818 383 urbanus
841 340 1061 399 tenditque
1093 340 1278 385 disertus
1303 341 1470 387 haberi.

311 418 481 477 Decipit
517 419 739 478 exemplar
773 421 887 463 vitiis
925 420 1150 463 imitabile:
1185 420 1337 479 quodsi

308 497 526 541 Pallerem
561 512 691 557 casu,
730 499 923 543 biberent
960 511 1187 558 exsangue
1222 499 1453 543 cuminum.

309 575 346 620 Ο
381 577 643 638 imitatores,
683 591 858 622 servum
893 592 1051 637 pecus,
1086 580 1134 621 ut
1178 579 1279 623 mihi
1314 592 1448 638 saepe

308 654 477 714 Bilem,
515 671 649 717 saepe
677 662 826 716 jocum
858 659 994 702 vestri
1029 670 1206 702 movere
1243 657 1471 702 tumultus!

1718 661 1781 702 ⁴20

308 733 469 780 Libera
498 750 576 796 per
606 752 790 782 vacuum
813 739 940 798 posui
967 737 1154 797 vestigia
1183 738 1398 797 princeps,

307 815 409 860 Non
435 817 577 862 aliena
602 831 699 863 meo
727 819 866 878 pressi
895 817 1031 878 pede3
1065 818 1135 875 qui
1161 816 1371 878 sibi'fidit,

245 995 462 1042 Tymagim’s,
483 997 693 1044 Timaginis,
713 999 781 1044 Ἰξι-
796 1002 834 1033 et
852 998 993 1033 Timar-

242 1054 354 1099 ginis,
390 1053 631 1100 Thimagenis.
649 1075 697 1081 —-
723 1058 864 1091 aemula
882 1067 993 1090 coena

245 1111 301 1145 vel
320 1122 420 1144 cena.
450 1111 538 1145 Mss.
554 1112 666 1159 Cruq.
684 1114 715 1156 1,
732 1113 801 1147 duo
815 1118 853 1147 et
867 1119 906 1146 ut
921 1112 992 1147 vid.

242 1167 380 1213 quidam
404 1178 462 1213 ap.
495 1168 606 1204 Torr.
643 1169 733 1204 Edd.
759 1170 892 1206 Sanad.
913 1169 994 1216 (qui

244 1225 333 1269 def.)
355 1224 471 1259 Merv.
487 1225 638 1271 Dorigh.
661 1227 820 1262 Eandem
839 1226 994 1273 scriptu-

243 1295 318 1317 ram
341 1282 462 1315 Schol.
492 1282 601 1328 Cruq.
630 1288 667 1317 et
693 1285 921 1330 Porphyrion
949 1284 993 1317 de

244 1338 422 1374 sententia
434 1341 678 1375 nonnullorum
693 1342 809 1375 secuti
822 1348 915 1384 sunt,
931 1340 993 1375 sed

245 1396 377 1442 optimo
389 1396 471 1440 jure
489 1398 774 1445 contradisputat
788 1399 879 1443 Fea,
902 1398 994 1433 conf.

244 1454 404 1489 Diintzer
422 1465 458 1499 p.
475 1452 557 1490 522.

302 1511 347 1544 V.
370 1511 425 1546 16.
446 1512 643 1555 tendetque.
673 1511 743 1546 Ms.
765 1512 820 1548 lk.
839 1511 875 1547 5.
895 1511 995 1546 Mon.

246 1571 279 1604 6.
298 1588 353 1593 —-
379 1567 424 1600 V.
445 1568 500 1605 17.
531 1569 726 1614 exemplum
749 1574 855 1615 atque
881 1580 996 1603 exem-

244 1626 327 1670 plar
346 1635 409 1657 ms.
434 1634 492 1658 un.
509 1625 769 1670 Porphyrionis
785 1634 844 1672 ap.
859 1626 925 1660 Fe.
938 1644 997 1651 --

249 1683 291 1714 V.
314 1683 370 1716 17.
390 1682 444 1715 18.
471 1682 562 1724 Quid
575 1682 606 1716 si
618 1701 673 1708 -—
689 1684 889 1718 cuminum?
907 1682 996 1716 Mss-

247 1739 315 1772 Fe.
336 1740 368 1780 2,
389 1738 423 1771 d.
444 1738 478 1781 3,
500 1751 530 1774 c.
561 1739 656 1774 Edd.
684 1741 766 1777 Asc.
786 1739 867 1775 519.
893 1739 995 1773 Glar.

248 1795 330 1830 536.
366 1794 478 1839 Cruq.
527 1796 628 1838 Quod
654 1797 684 1830 si
709 1815 766 1822 —-
796 1796 997 1832 cuminum?

249 1852 340 1886 Mss.
370 1851 436 1884 Fe.
459 1853 492 1894 2,
513 1863 545 1885 a.
575 1853 611 1895 (a
634 1855 668 1889 2.
694 1855 756 1897 m.)
780 1866 811 1887 c.
840 1865 874 1897 g.
903 1853 937 1895 3,
967 1853 995 1885 f.

250 1909 319 1942 Pro
333 1907 373 1944 si.
393 1907 481 1941 Mss.
492 1912 568 1942 tres
581 1920 636 1952 ap.
653 1909 762 1944 Torr.
782 1909 870 1943 Inde
886 1910 998 1943 Proh!

249 1965 287 2000 si.
308 1964 402 1999 Edd.
420 1964 504 1997 San.
522 1964 599 2009 (qui
616 1965 706 2010 def.)
726 1967 843 2000 Merv.
860 1966 995 1999 Sandb.

250 2023 382 2056 Franc.
411 2021 519 2055 Bask.
545 2021 641 2056 Sivr.
669 2022 839 2067 Dorigh.,
871 2027 996 2056 contra

251 2079 411 2124 disputat
435 2078 523 2112 Fea.
552 2097 600 2103 —
630 2079 807 2113 Fallerent
833 2098 881 2103 —
908 2079 996 2112 bibe-

251 2141 348 2170 rant.
358 2136 428 2169 Ms.
437 2135 569 2169 Mon.l.
585 2136 751 2169 Palleres.
763 2134 833 2170 Ed.
845 2135 938 2169 Sivr.
949 2154 991 2159 —

251 2193 398 2226 biberem
425 2192 493 2226 Ms.
520 2192 574 2226 lk.
592 2193 627 2227 6.
656 2192 877 2236 biberentque
905 2187 995 2227 Bad.

254 2252 286 2284 1.
308 2269 364 2276 --
385 2261 565 2295 exangue.
595 2249 659 2283 Sic
683 2261 727 2283 ex
753 2249 886 2283 nostris
912 2261 995 2283 mss.

254 2307 356 2341 Dess.
378 2307 411 2340 1.
432 2307 466 2341 2.
491 2306 527 2340 3.
548 2307 620 2341 Gn.
638 2308 672 2341 2.
692 2306 793 2351 Lips.
814 2308 846 2341 1.
863 2308 895 2342 2.
917 2306 997 2340 Μο-

251 2362 330 2397 rell.
347 2362 514 2397 Rudolst.
536 2363 589 2397 De
605 2364 672 2397 hac
685 2363 877 2409 scriptura,
896 2374 997 2408 quam

253 2420 382 2454 multae
401 2419 481 2453 edd.
496 2419 667 2465 imprimis
683 2425 827 2454 veteres
841 2425 999 2464 servant,

255 2478 280 2512 i.
304 2489 336 2511 e.
356 2476 400 2510 de
420 2476 524 2511 litera
542 2489 559 2510 e
576 2477 614 2511 in
632 2477 803 2512 similibus
827 2477 884 2511 vel
912 2476 1000 2512 reti-

256 2534 371 2568 nenda
401 2533 461 2568 vel
489 2533 645 2568 tollenda
674 2534 814 2569 erudite
841 2533 1001 2580 disputat

256 2591 423 2624 Osannus
437 2590 482 2624 V.
504 2591 560 2624 Cl.
579 2591 642 2634 „in
654 2593 823 2626 Adnotat.
838 2591 944 2626 critic.
964 2592 1002 2625 in

259 2647 403 2688 Quintil.
423 2648 512 2681 Inst.
538 2648 636 2682 Orat.
656 2649 715 2682 lib.
731 2647 783 2682 X.
803 2647 930 2693 partic.
952 2649 1000 2682 ΙΙ.

258 2703 387 2737 Gissae
407 2701 510 2740 1842.
531 2715 565 2748 p.
581 2703 640 2738 30.
660 2723 708 2730 —
731 2705 907 2739 ciminum.
930 2705 1013 2751 Ms„

258 2757 355 2792 Mon.
378 2770 409 2793 e.
435 2779 484 2785 —-
507 2760 597 2794 Post
617 2760 785 2804 cyminum
810 2761 867 2795 vel
894 2762 1000 2795 cumi-

257 2824 342 2847 num
358 2814 491 2858 signum
504 2816 769 2862 interrogandi,
790 2818 896 2862 idque
915 2829 1000 2851 con-

257 2874 314 2902 tra
323 2870 458 2905 Poetae
466 2873 687 2918 sententiam,
702 2874 829 2908 multas
843 2874 924 2908 edd.
936 2886 999 2920 po-

258 2936 343 2958 nere
376 2928 483 2962 semel
513 2928 642 2963 indico.
690 2929 856 2965 ceterum
890 2931 1001 2966 verba

1041 999 1143 1041 Quod
1159 997 1190 1032 si
1205 1017 1262 1023 ——
1281 1010 1448 1045 exangue
1465 1000 1642 1035 cuminum
1661 999 1786 1036 laudnt

1039 1054 1160 1089 Schol.
1188 1055 1234 1089 ad
1264 1055 1363 1090 Pers.
1387 1055 1429 1100 5,
1459 1054 1516 1091 55.
1548 1069 1584 1104 p.
1611 1057 1696 1094 327.
1725 1057 1783 1092 ed.

1035 1111 1141 1146 Jahn.

1094 1169 1140 1203 V.
1160 1169 1215 1204 19.
1235 1170 1292 1204 20.
1323 1174 1358 1204 et
1384 1169 1478 1204 mihi.
1511 1171 1604 1206 Cod.
1633 1170 1784 1206 Mentel.

1036 1230 1078 1259 ut
1096 1237 1142 1259 m.
1157 1226 1276 1267 bilem,
1299 1231 1339 1260 ut
1354 1226 1438 1260 mihi
1448 1238 1553 1274 saepe
1558 1229 1696 1272 jocum.-
1714 1227 1786 1265 Mn.

1036 1293 1098 1316 un.
1120 1293 1177 1327 ap.
1197 1282 1304 1316 Talb.
1333 1282 1412 1328 (qui
1430 1285 1580 1329 probat)
1608 1290 1646 1318 et.
1665 1284 1783 1320 Bentl-

1040 1337 1096 1381 15,
1118 1349 1177 1374 un.
1203 1339 1284 1385 (qui
1301 1340 1374 1374 def.
1394 1339 1492 1385 vulg.
1511 1342 1658 1386 script.)
1686 1341 1784 1376 Edd.

1039 1396 1131 1430 Cun.
1158 1396 1244 1432 San.
1267 1397 1384 1431 Merv.
1413 1396 1504 1432 Phil.
1530 1399 1661 1434 Franc.
1688 1399 1785 1433 Sivr.

1039 1452 1189 1498 Dorigh.
1208 1472 1265 1479 ——-
1283 1453 1388 1489 vestri
1415 1465 1575 1490 amovere
1594 1461 1682 1491 tum.
1712 1455 1784 1490 Ed.

1041 1510 1188 1554 Dorigb.
1205 1509 1475 1545 Observandum
1491 1518 1624 1556 autem,
1641 1513 1787 1558 elegan-

1041 1572 1099 1601 ter
1118 1567 1298 1612 repetitae
1323 1566 1645 1614 particulaeeaepe
1670 1580 1788 1604 exem-

1042 1624 1102 1670 pla
1134 1624 1191 1659 hic
1225 1624 1414 1669 collegisse
1447 1629 1485 1660 et
1516 1625 1717 1672 Bentlejum
1749 1631 1789 1661 et

1043 1682 1173 1724 Feam3
1195 1681 1240 1715 de
1254 1682 1359 1727 longa
1378 1680 1482 1717 litera
1501 1694 1522 1717 o
1541 1693 1578 1717 v·
1597 1683 1654 1718 19.
1673 1695 1790 1730 neque

1043 1744 1127 1773 ante
1147 1739 1305 1773 vocalem
1324 1739 1412 1774 elisa
1431 1744 1471 1773 ut
1497 1739 1568 1774 Od.
1586 1741 1618 1782 1,
1640 1742 1674 1784 1,
1696 1742 1731 1777 2.
1749 1737 1787 1786 4,

1043 1796 1076 1839 5,
1098 1795 1156 1834 37.
1176 1796 1279 1840 Virg.
1301 1798 1370 1831 Ge.
1390 1798 1423 1840 2,
1442 1794 1525 1832 486.
1546 1796 1634 1831 Aen.
1656 1799 1711 1840 10,
1732 1797 1789 1833 18.

1044 1852 1130 1887 Tib.
1155 1853 1188 1896 2,
1208 1849 1242 1895 4,
1267 1854 1302 1888 7.
1333 1853 1443 1887 ovid.
1471 1853 1562 1887 Her.
1589 1854 1624 1897 1,
1651 1852 1686 1888 5.
1711 1853 1788 1889 vid.

1044 1910 1086 1942 C.
1106 1908 1273 1943 Schneid.
1289 1909 1644 1954 „Elementarlehre“
1657 1921 1694 1956 p·
1707 1907 1787 1946 140.

1043 1964 1130 2000 Rsh.
1156 1966 1220 2002 Gr.
1245 1966 1308 2002 lat.
1336 1963 1353 2006 ἓ
1375 1968 1455 2002 221.
1478 1979 1516 2012 p.
1534 1967 1639 2002 1071.
1671 1966 1788 2002 Hand.

1044 2022 1201 2055 Tursell.
1223 2023 1285 2056 IV.
1306 2035 1341 2068 p.
1362 2020 1445 2061 354.
1467 2024 1547 2060 coll.
1565 2023 1717 2071 Forbig.
1742 2023 1788 2059 ad

1044 2078 1144 2122 Virg.
1165 2078 1243 2116 Ecl.
1265 2080 1300 2124 2,
1321 2080 1378 2115 65.
1858 2107 1860 2110 -

1042 2176 1045 2179 Ι
1099 2135 1144 2168 V.
1166 2137 1221 2171 22.
1245 2136 1340 2180 fidit.
1363 2136 1452 2171 Mss.
1477 2137 1602 2170 Lamb.
1622 2135 1789 2181 complur.
1857 2166 1860 2171 .

1043 2192 1153 2236 Cruq.
1176 2194 1207 2235 1,
1234 2192 1257 2226 b
1285 2213 1335 2218 —
1362 2193 1397 2228 d.
1427 2193 1539 2228 Pulm.
1561 2194 1594 2228 2.
1614 2193 1651 2227 3.
1671 2189 1708 2226 ’4.
1729 2194 1787 2229 10.
1850 2204 1851 2207 ’

1041 2250 1176 2283 Bersm.
1201 2254 1289 2288 tres,
1320 2250 1446 2285 Oberl.
1465 2249 1508 2284 C.
1527 2249 1568 2283 D.
1597 2248 1721 2285 Comb.
1742 2249 1787 2284 B·
1850 2277 1856 2283 .

1042 2305 1086 2343 C.
1110 2305 1154 2344 D,
1175 2306 1222 2340 G.
1245 2306 1309 2341 Fe.
1329 2307 1361 2351 1,
1381 2308 1417 2342 b.
1437 2318 1483 2341 m.
1503 2316 1536 2340 ο.
1557 2316 1586 2342 s.
1603 2310 1633 2340 t.
1653 2307 1688 2349 2,
1705 2307 1742 2340 b.
1760 2305 1789 2345 f.
1847 2329 1853 2334 -

1042 2374 1078 2407 g.
1106 2363 1144 2404 (a
1164 2363 1197 2397 1.
1218 2363 1279 2406 m.)
1306 2362 1340 2407 5,
1374 2375 1407 2398 a.
1435 2364 1461 2397 f.
1490 2363 1526 2405 6,
1556 2373 1588 2396 0.
1614 2361 1672 2399 Ik..
1691 2364 1727 2398 1.
1746 2358 1784 2397 4.

1044 2419 1158 2454 Orell.
1179 2419 1277 2453 bSE.
1306 2419 1441 2464 (Bentl.
1461 2423 1499 2453 et
1523 2419 1624 2453 Pott.
1645 2418 1690 2453 de
1711 2418 1786 2454 suis
1839 2407 1856 2417 ³

1041 2476 1192 2520 tacent.)
1220 2478 1304 2511 Aer.
1331 2482 1370 2511 et
1397 2475 1589 2521 Porphyr.,
1609 2487 1630 2510 e
1654 2474 1788 2510 nostris

1043 2532 1165 2571 Berol.
1188 2534 1219 2568 1.
1240 2534 1352 2568 Dorv.
1372 2536 1407 2569 2.
1439 2533 1542 2567 Dess.
1564 2533 1597 2568 2.
1627 2533 1731 2568 Getta
1752 2533 1787 2568 1.

1046 2593 1078 2626 2.
1099 2590 1170 2624 Gn.
1193 2591 1225 2625 1.
1256 2590 1358 2635 Lips.
1381 2591 1414 2626 1.
1444 2589 1541 2624 Mon.
1562 2589 1598 2624 d.
1613 2601 1650 2634 g.
1668 2588 1695 2624 i.
1714 2588 1787 2623 ltu-

1045 2646 1150 2682 dolat.
1166 2646 1243 2683 eod.
1260 2646 1408 2681 Mentel.
1428 2646 1522 2681 Edd.
1538 2645 1617 2680 Ald.
1632 2645 1712 2681 501.
1729 2644 1786 2680 19.

1045 2703 1145 2749 Lips.
1159 2702 1239 2739 502.
1258 2703 1356 2739 Junt.
1372 2700 1454 2738 514.
1471 2703 1526 2738 19.
1545 2702 1695 2747 Argent.
1708 2698 1787 2736 515.
1854 2738 1856 2743 f

1045 2760 1242 2795 Britannic.
1261 2761 1342 2797 520.
1370 2759 1480 2795 Basil.
1502 2759 1583 2795 527.
1604 2759 1663 2793 80.
1685 2757 1786 2792 (ἰὴν.

1045 2818 1179 2852 Mutet.
1194 2816 1324 2866 Irenic.
1340 2817 1451 2851 Pulm.
1470 2815 1578 2849 Fabr.
1593 2814 1726 2849 piscat.
1737 2811 1786 2847 H.
1852 2809 1863 2869 ’,-

1046 2874 1173 2920 steph.
1191 2873 1326 2908 Biedm.
1351 2874 1397 2908 D.
1419 2871 1542 2907 Heins.
1562 2870 1669 2914 Rutg.
1693 2869 1785 2904 Fab.
1859 2898 1862 2899 γ
1894 2882 1910 2932 ;’

1046 2930 1186 2966 Rodell.
1218 2931 1349 2976 Despr.
1387 2929 1514 2964 Zurck.
1548 2926 1664 2960 Burm-
1693 2926 1782 2960 Dae.
