1910 3138
295 218 378 262 396
437 207 793 262 coMMENT.1N
811 224 1057 264 HoR.L113.
1078 227 1110 265 1.
1148 227 1312 267 EP-ls'r.
1331 228 1475 269 sssp‘r.
1494 226 1671 270 neom.
1760 228 1815 274 48

295 337 359 374 nis
384 335 614 374 canentibus
649 338 843 388 ignorare.
890 338 956 376 Illa
984 342 1108 378 autem
1145 341 1294 378 vicinia
1327 349 1453 381 rauca
1477 343 1689 394 reclamat,
1724 345 1754 383 i.
1778 356 1815 383 e.

294 404 515 455 „incondito
548 406 608 441 vel
644 409 752 443 vasto
790 419 885 444 sono
921 407 1129 446 vociferans
1158 410 1406 460 respondet.“
1446 410 1573 451 ‘Recte
1609 411 1814 464 Porphyr.:

294 474 436 524 „vicini
470 473 777 522 vociferantes‚“
815 478 948 512 contra
983 475 1110 514 Schol.
1140 475 1279 527 Cruq.‚
1316 472 1474 528 quot-Ami
1499 479 1592 519 feeit
1620 479 1812 522 Grattius:

294 557 455 591 „rauca
481 543 691 581 vociferans
720 546 767 582 ad
797 544 959 582 ravim.“
1014 543 1055 580 In
1083 543 1179 581 hane
1206 546 1356 595 quidem
1385 547 1606 586 sententhm
1631 547 1816 585 Bondius

293 617 331 649 et
357 611 602 661 Doeringius
629 612 851 661 „clamore“
879 612 1037 662 intelligi
1060 611 1214 662 jubent,
1251 614 1426 665 displicet
1453 624 1602 666 quoque
1625 615 1814 667 prolepsis

291 679 339 717 ab
377 679 415 718 J.
453 679 509 715 A.
543 679 699 731 Voigtio
736 682 857 732 (Nug.
893 694 952 732 gr.
990 681 1122 732 partic.
1160 681 1190 718 Ι.
1227 695 1266 733 p.
1296 681 1366 730 49)
1394 683 1609 734 proposita:
1630 687 1718 732 2=‚‚-ut
1747 683 1815 722 fiat

291 747 444 787 rauca.“
498 746 550 784 At
579 749 709 786 confer
737 750 927 801 exempla,
965 752 1007 786 ut
1033 750 1116 786 Sat.
1149 752 1193 798 1,
1223 749 1265 797 4,
1306 750 1373 788 66.
1407 750 1524 786 rauci
1554 749 1682 798 male,
1723 751 1753 789 ἰ.
1777 763 1813 789 e.

289 817 459 855 homines
487 817 662 867 clamosi,
694 831 787 855 nos:
825 814 1208 869 „Schreihfilse“*).
1247 816 1330 857 JuV.
1360 817 1401 867 8,
1436 818 1504 858 59.
1538 817 1608 868 (ib.
1636 819 1815 871 hupert.)

291 885 463 924 exsultat
488 899 611 923 rauco
642 886 820 924 Victoria
849 887 964 924 circo.
1010 885 1122 924 Ovid.
1151 885 1242 926 Met,
1263 886 1303 934 5,
1332 887 1414 927 678
1441 886 1510 937 (ib.
1534 884 1669 938 Bach.)
1696 885 1815 925 Rau-

291 967 416 1005 caque
443 954 667 1005 garrulitas
703 954 956 1006 studiumque
989 955 1163 990 immane
1198 953 1396 1005 loquendi.
1442 953 1526 993 Val.
1554 953 1614 994 ΕΙ.
1650 955 1690 1003 2,
1719 953 1815 996 807.

289 1022 431 1059 Rauco
458 1022 630 1073 fremitu
663 1023 793 1060 sedere
822 1029 1037 1074 parentum
1065 1022 1346 1073 Natorumque
1373 1021 1481 1059 loeis.
1538 1022 1670 1060 Sidon.
1698 1020 1817 1073 Apol-

289 1090 352 1128 lin.
382 1090 507 1134 Carm.
535 1091 605 1141 23,
634 1091 730 1131 376.
762 1092 810 1129 de
833 1092 932 1129 ludis
959 1091 1219 1129 Circensibus:
1252 1091 1420 1127 Raucae
1442 1089 1563 1127 corda
1581 1089 1682 1141 ferit
1692 1089 1817 1141 smn-

285 1172 362 1211 gor
390 1159 617 1211 faventum.
675 1159 772 1197 Hinc
800 1159 920 1197 locum
950 1160 1158 1210 elegantem
1193 1161 1231 1196 in
1262 1158 1428 1197 deterius
1463 1159 1705 1198 convertisse
1725 1167 1816 1198 een‘-

289 1228 397 1265 sendi
426 1231 538 1276 sunt,
579 1228 643 1278 qui
671 1241 754 1265 cum
788 1226 1035 1265 Marklando
1072 1226 1154 1264 coll.
1184 1227 1265 1263 Sat.
1297 1228 1333 1271 2,
1360 1228 1402 1275 7,
1435 1228 1503 1268 68.
1540 1226 1625 1268 Juv.
1649 1229 1690 1278 6,
1717 1228 1816 1270 348.ἱ

288 1296 382 1336 661.
411 1296 560 1332 vicinia
586 1302 706 1333 cauta
745 1295 820 1344 legi
848 1295 1001 1334 malunt.
1044 1294 1177 1344 Agitur
1214 1294 1312 1331 enim
1341 1294 1390 1332 de
1420 1295 1615 1333 incondita
1649 1295 1816 1335 multitu-

289 1365 377 1402 dine
399 1376 445 1402 ex
471 1364 590 1402 triviis
617 1362 797 1412 collecta,
827 1364 851 1400 i.
877 1376 910 1400 e.
939 1363 1079 1413 agresti
1109 1363 1298 1400 hominum
1326 1375 1476 1412 genere.
1518 1362 1613 1402 Inde
1641 1364 1732 1402 illud
1753 1363 1814 1405 ἐνὶ

286 1428 502 1485 τριόδοισιν
532 1427 700 1473 ἀκούειν
727 1432 830 1484 apud
858 1431 1006 1468 Musae.
1043 1430 1134 1469 Her.
1164 1435 1204 1469 et
1228 1429 1391 1468 Leandr.
1429 1429 1522 1472 184,
1557 1430 1626 1481 (ib.
1659 1431 1812 1486 Heinr.)

286 1499 330 1541 ἐν
357 1498 503 1555 τριόδῳ
533 1502 746 1552 καθῆσθαι
779 1513 838 1551 ap.
870 1499 1113 1540 Themistocl.
1150 1499 1274 1549 Epist.
1315 1499 1377 1545 15,
1409 1499 1446 1539 1.
1484 1498 1552 1550 (ib.
1590 1488 1814 1554 Schoettg.)

287 1571 325 1606 et
349 1569 523 1618 arripere
551 1567 807 1605 maledictum
837 1581 882 1604 ex
904 1569 1026 1604 >trivio
1060 1567 1163 1618 apud
1202 1567 1282 1605 Cic.
1318 1580 1376 1618 pr.
1406 1567 1502 1605 Mur.
1527 1569 1569 1617 6,
1600 1569 1666 1610 13.
1701 1572 1813 1610 item-

287 1649 359 1686 que
388 1636 543 1675 Hieron.
570 1637 692 1688 Epist.
715 1637 764 1674 ad
789 1635 926 1676 Domn.
952 1636 1017 1676 57.
1046 1635 1092 1672 11.
1121 1649 1160 1688 p.
1184 1637 1250 1676 79.
1277 1635 1324 1673 F.
1364 1635 1510 1674 Contra
1536 1620 1748 1688 quemlibet
1767 1640 1812 1678 in

286 1704 413 1740 triviis
441 1711 607 1755 strepere
627 1712 662 1741 et
681 1717 883 1756 congerere
909 1703 1122 1740 maledicta
1134 1731 1148 1749 ,
1178 1717 1256 1740 non
1277 1704 1444 1741 crimina
1452 1731 1469 1750 ,
1497 1717 1728 1743 scurrarum
1755 1713 1814 1744 est

287 1779 322 1807 et
346 1774 629 1820 parasitorum.
678 1774 826 1812 Ennod.
859 1772 1063 1824 Apologet.
1098 1785 1155 1822 pr.
1185 1772 1328 1821 Synod.
1363 1785 1402 1822 p.
1429 1772 1526 1813 357.
1574 1774 1655 1811 Vos
1678 1775 1812 1825 potius

285 1838 400 1876 video
430 1842 632 1878 triviorum
655 1843 865 1893 germina,
905 1854 972 1877 vos
1002 1853 1174 1891 agnosco
1188 1868 1202 1885 ,
1236 1841 1280 1876 in
1308 1839 1453 1891 quibus
1480 1849 1648 1879 naturae
1674 1843 1811 1881 vilitas

286 1907 556 1944 convenientes
581 1908 659 1945 sibi
686 1923 810 1947 mores
832 1911 996 1960 peperit,
1048 1910 1291 1959 Quapropter
1313 1907 1471 1945 triviale
1492 1910 1540 1946 ad
1565 1910 1606 1948 id
1632 1912 1810 1963 refertur,

286 1974 387 2024 quod
412 1975 525 2023 rude,
553 1976 804 2026 inconditum,
833 1978 1020 2029 plebejum
1049 1981 1133 2025 est,
1163 1977 1321 2027 Rupert.
1345 1977 1395 2014 ad
1417 1977 1503 2014 Juv.
1531 1979 1572 2028 7,
1601 1979 1667 2019 55.
1703 1978 1809 2018 Doe-

286 2045 384 2095 ring.
420 2045 468 2082 ad
495 2045 541 2087 A.
571 2046 615 2086 Ρ.
643 2046 737 2086 245.
768 2050 806 2083 et
836 2046 885 2083 ad
910 2045 1044 2085 Catuli.
1075 2045 1144 2094 47,
1175 2044 1212 2085 7.
1242 2044 1398 2094 Forbig.
1433 2045 1482 2082 ad
1521 2045 1624 2096 Virg.
1664 2046 1742 2086 1301.
1767 2047 1807 2095 3,

287 2114 353 2154 26.
382 2113 508 2151 Burm.
538 2113 652 2152 Anth.
678 2114 744 2151 lat.
775 2113 820 2150 11.
859 2128 897 2165 p,
926 2114 1019 2154 595.
1065 2113 1203 2162 Neque
1233 2113 1419 2150 assentior
1446 2113 1591 2159 lanio,
1629 2125 1743 2163 quum
1768 2125 1806 2152 v.

285 2181 479 2219 reclamat
504 2195 573 2233 pro
603 2181 753 2218 clamat
782 2182 854 2219 dici
880 2182 1065 2233 opinatur.
1122 2181 1191 2218 Est
1214 2186 1254 2217 ut
1285 2181 1331 2218 de
1360 2193 1401 2218 re
1429 2180 1538 2219 simili
1564 2181 1704 2218 recinit
1730 2180 1807 2222 Od.

287 2253 327 2299 1,
357 2253 424 2300 12,
451 2251 490 2291 3.
520 2256 557 2289 et
586 2251 684 2288 Stat.
713 2250 803 2287 Silv.
834 2247 873 2296 4,
906 2250 945 2298 5,
975 2249 1042 2289 20.
1078 2250 1237 2285 canenti
1262 2248 1401 2287 Mutus
1435 2262 1533 2300 ager
1558 2247 1716 2286 domino
1744 2261 1807 2285 re-

286 2318 447 2355 clamat.
502 2319 721 2368 Hieronym.
751 2317 873 2370 Epist.
907 2317 956 2355 ad
984 2317 1124 2359 Ruffin,
1155 2315 1220 2357 41.
1259 2317 1286 2354 Ι.
1320 2330 1359 2368 p,
1389 2317 1483 2357 139.
1533 2317 1670 2354 Totam
1701 2317 1808 2354 cirea

396 2465 432 2511 *)
448 2468 501 2501 De
525 2466 622 2502 vario
644 2478 707 2501 usu
723 2478 757 2501 V.
773 2479 902 2502 raucus
921 2466 1004 2500 vide
1019 2465 1172 2501 Schmid.
1194 2473 1232 2501 et.
1246 2467 1310 2504 Fe.
1331 2466 1376 2501 ad
1391 2467 1428 2504 h.
1449 2465 1473 2500 l.
1495 2464 1609 2500 Orell.
1625 2465 1671 2500 ad
1686 2464 1756 2500 Od.
1767 2466 1807 2510 ’2,

286 2521 342 2566 14,
367 2523 422 2559 13.
448 2524 551 2558 Serv.
582 2524 625 2558 ad
647 2524 747 2569 Virg.
769 2526 857 2558 Aen.
879 2525 934 2567 11,
949 2522 1031 2558 458.
1054 2524 1177 2562 Barth,
1198 2523 1241 2557 ad
1264 2524 1358 2558 Stat.
1379 2523 1495 2557 Theb.
1518 2524 1551 2565 2,
1570 2519 1629 2557 40.
1650 2522 1742 2557 Rad.
1761 2523 1808 2558 ad

284 2580 394 2614 Mart.
415 2578 450 2625 4,
472 2581 494 2615 7
514 2578 590 2624 (8),
613 2583 646 2615 2.
667 2581 789 2616 Heins.
815 2581 860 2614 ad
880 2580 989 2616 Ovid.
1013 2581 1101 2615 Met.
1123 2582 1155 2625 2,
1180 2581 1260 2615 788.
1283 2580 1400 2614 Burm.
1422 2581 1467 2615 ad
1492 2580 1570 2613 Van.
1591 2578 1648 2613 Fl.
1674 2581 1706 2623 1,
1723 2578 1806 2613 330.

285 2637 385 2670 Cort.
408 2638 452 2671 ad
472 2636 604 2672 Lucan.
625 2637 660 2682 5,
681 2639 760 2673 217.
791 2637 956 2674 WVernsd.
978 2638 1024 2671 ad
1052 2638 1151 2683 Virg.
1177 2638 1267 2682 Cop.
1287 2633 1322 2671 4.
1344 2638 1389 2671 ad
1416 2638 1578 2682 Sympos.
1598 2635 1726 2681 Aenig.
1749 2634 1804 2677 19,

286 2694 316 2724 1.
339 2693 502 2728 Oudend.
522 2695 567 2728 ad
585 2694 688 2739 Apul.
710 2695 799 2728 Met.
816 2696 849 2738 8,
873 2696 928 2730 26.
950 2696 1060 2728 Gesn.
1080 2697 1125 2729 ad
1146 2694 1270 2728 Claud.
1292 2694 1336 2728 de
1356 2695 1464 2740 Rapt.
1486 2695 1653 2738 Proserp.
1667 2692 1705 2735 3,
1715 2687 1821 2729 422..

285 2752 322 2779 et
342 2749 465 2794 Epigr.
485 2750 541 2794 52,
565 2752 598 2786 8.
631 2751 800 2785 Schmidt.
832 2751 877 2785 ad
894 2752 975 2785 Juv.
998 2753 1030 2796 1,
1053 2753 1084 2787 2.
1106 2750 1188 2786 coll.
1208 2752 1358 2796 Rupert.
1379 2752 1424 2785 ad
1445 2752 1500 2795 11,
1529 2749 1607 2786 156.
1636 2747 1736 2782 Jahn.
1757 2746 1802 2780 ad

283 2803 384 2838 Pers.
406 2806 439 2848 5,
461 2809 514 2841 11.
544 2807 694 2852 Forbig.
717 2809 762 2842 ad
783 2807 882 2853 Virg.
904 2809 992 2842 Aen.
1013 2809 1047 2852 8,
1069 2810 1101 2843 2.
1122 2810 1157 2851 9,
1179 2805 1255 2843 125.
1278 2808 1340 2842 Fr.
1358 2808 1498 2843 Jacobs.
1517 2806 1562 2840 ad
1575 2806 1683 2848 Prop.
1699 2803 1735 2847 3,
1758 2803 1802 2837 17

285 2859 385 2901 (15),
406 2862 462 2897 36.
484 2862 519 2895 in
548 2865 714 2906 „Lateim
734 2865 980 2899 Blumenlese“
1007 2865 1054 2899 Π.
1078 2877 1113 2909 p.
1133 2866 1212 2900 219.
1243 2865 1374 2909 Unger.
1398 2863 1560 2899 Theban.
1582 2859 1799 2894 Panthu-1·

284 2925 319 2958 p.
338 2916 414 2950 210.
443 2919 544 2954 Cort.
566 2920 610 2953 ad
629 2920 707 2954 Cic.
718 2921 840 2966 Epist.
860 2921 906 2956 ad
927 2921 1005 2955 Div.
1026 2923 1061 2966 9,
1081 2923 1113 2965 2,
1136 2923 1190 2957 11.
1212 2921 1409 2956 Markland.
1428 2920 1451 2954 1.
1471 2919 1495 2952 l.
1516 2929 1552 2961 ρ.
1574 2915 1652 2951 136.
