1910 3138
226 226 310 271 544
375 226 657 268 COMMENT.
683 226 741 266 IN
768 227 894 267 HOR.
921 227 1020 270 LIB.
1042 230 1071 267 Ι.
1112 228 1280 269 EPIST.
1310 212 1613 269 VICESI'MAM.
1684 229 1770 271 1196.

224 346 383 393 „servat
409 341 690 392 metaphoram,
732 341 839 392 quasi
868 342 918 380 de
942 346 1072 380 scorto
1100 342 1307 393 loquens.“
1335 342 1394 372 '—
1419 342 1468 381 V.
1498 343 1564 384 12.
1595 342 1765 380 tacitur—

224 411 369 459 nas*),
399 421 475 447 non
499 409 731 460 „despectui
755 409 925 460 habitus,
954 411 1031 461 jam
1054 411 1266 450 tacentibus
1285 411 1334 449 de
1352 415 1392 450 te
1409 410 1667 460 hominibus,“
1695 410 1766 449 sed

224 483 409 529 quatenus
439 476 535 515 liber
571 478 683 526 „sive
720 490 797 515 non
827 478 946 518 lectus
977 480 1057 518 sive
1094 493 1171 517 non
1207 481 1388 518 recitatus
1418 483 1604 530 perpetuo
1635 483 1765 517 tacere

223 546 425 597 fingitur.“
448 568 498 574 —
540 546 666 583 tineas
687 559 830 596 pasc-ea
870 549 1008 586 inertis
1043 553 1086 586 ut
1118 547 1199 589 Sat.
1230 549 1270 597 2,
1296 548 1337 597 3,
1372 547 1466 588 119.
1503 546 1572 598 (ib.
1600 546 1763 595 Heind.)

222 614 459 651 Blattarum
487 627 538 651 ac
567 616 764 652 tinearum
792 614 960 666 epulae,
997 615 1065 653 sed
1094 615 1230 651 inertis
1257 620 1324 654 aut
1348 619 1508 666 propter
1537 628 1663 654 earum
1695 628 1764 652 na-

222 687 366 732 turam,
415 695 490 733 qua
526 684 634 733 quasi
666 683 878 722 immobiles
914 683 1021 720 libris
1060 683 1227 721 insidunt
1265 695 1408 734 eosque
1444 683 1544 722 lente
1580 684 1763 730 adedunt,

221 754 286 788 aut
309 750 395 802 quia
418 751 552 801 jocose
578 751 740 791 literatis
768 756 807 790 et
834 752 957 790 doctis
989 755 1234 803 opponuntur
1262 752 1311 789 ob
1340 764 1498 802 eamque
1523 765 1613 790 rem*
1630 753 1764 790 artium

221 822 260 856 et
289 818 507 868 cognitione
537 823 576 858 et
598 832 728 858 amore
757 820 964 858 destitutae
987 819 1183 869 nesciunt,
1212 820 1342 871 quales
1371 833 1434 858 res
1461 819 1499 857 in
1522 819 1628 858 hisce
1656 819 1764 858 char-

219 886 269 924 tis
297 886 481 924 arrodant
509 899 554 925 ac
581 888 778 927 devorent.
830 888 958 926 Simile
986 888 1217 927 contrarium
1238 888 1340 939 apud
1366 886 1510 929 Arnob.
1537 890 1578 937 2,
1597 889 1664 928 39.
1694 887 1764 940 (ib.

219 954 413 1004 Hildebr.)
455 956 685 996 simulacris
724 956 918 994 inertibus
954 956 1240 1005 sacrificarent.
1321 956 1362 995 [n
1403 956 1500 995 hanc
1541 956 1767 994 sententian

219 1024 397 1074 SympOS.
426 1023 598 1074 Aenigm.
630 1027 696 1066 16.
727 1026 827 1077 apud
858 1025 1036 1066 Wernsd.
1064 1024 1126 1062 VI.
1155 1038 1193 1077 p.
1220 1023 1341 1075 492„
1379 1025 1443 1062 ubi
1467 1025 1575 1061 tinea
1603 1023 1765 1075 loquens

219 1092 428 1130 inducitur:
469 1093 611 1131 Litera
640 1106 701 1129 me
723 1095 869 1144 pavit,
909 1107 981 1131 nec
1010 1093 1111 1144 quid
1145 1094 1197 1130 sit
1223 1092 1338 1130 litera
1349 1102 1371 1139 ‚'
1403 1093 1510 1131 novi.
1571 1092 1625 1130 In
1653 1091 1765 1129 libris

218 1161 324 1211 vixi,
355 1174 452 1206 nec,
482 1175 571 1198 sum
592 1161 805 1199 studiosior
831 1162 935 1200 inde.
985 1161 1059 1199 Alii
1088 1162 1197 1200 aliter
1212 1161 1292 1212 **).
1343 1161 1523 1200 Ceterum
1544 1161 1704 1203 Paetum
1723 1161 1762 1198 in

218 1228 288 1267 hac
318 1242 359 1266 re
384 1229 714 1268 commemoranda
746 1229 852 1267 multi
881 1231 1088 1282 scriptores
1125 1234 1335 1282 sequuntur
1363 1233 1406 1267 ut
1432 1229 1544 1270 Ovid.
1577 1242 1623 1268 ex
1649 1227 1764 1266 Pont-

221 1300 261 1347 1,
291 1300 330 1347 1,
357 1299 425 1340 72.
476 1298 669 1335 Conditus
697 1305 742 1336 ut
768 1300 896 1336 tineae
925 1299 1107 1349 carpitur
1133 1311 1198 1336 ore
1225 1297 1336 1339 liber.
1380 1297 1466 1337 Juv.
1491 1299 1534 1348 7,
1563 1298 1630 1338 26.
1671 1297 1762 1334 Aut
1807 1292 1818 1297 ³

218 1366 335 1404 clude
368 1373 406 1403 et
428 1367 577 1417 positos
605 1369 712 1405 tinea
741 1367 938 1419 pertunde
964 1366 1130 1407 libellos.
1172 1368 1272 1409 Stat,
1311 1366 1406 1405 Silv.
1437 1364 1477 1416 4,
1507 1367 1549 1415 9,
1585 1365 1647 1406 10.
1700 1366 1761 1402 Tu

219 1520 252 1552 l.
274 1518 364 1554 Tac.
386 1517 478 1552 Ann.
501 1515 559 1564 14,
589 1517 648 1553 35.
673 1518 766 1552 adde
791 1518 909 1552 Plaut.
940 1518 1051 1553 Poeu.
1076 1516 1110 1562 5,
1132 1517 1165 1560 5,
1190 1517 1248 1552 32.
1282 1516 1386 1551 Tune
1411 1515 1466 1549 Ῑιίσ
1484 1517 1624 1549 amator
1652 1514 1763 1549 audes

218 1586 290 1608 esse
304 1601 313 1618 ,
335 1576 408 1609 Aut
425 1581 661 1618 contrectare,
683 1576 776 1620 quod
795 1586 913 1610 mares
925 1575 1079 1611 homines
1098 1574 1249 1609 amant?
1281 1573 1336 1608 Id.
1352 1571 1451 1607 Asin.
1466 1571 1504 1617 3,
1521 1573 1555 1616 1,
1570 1572 1629 1607 20.
1650 1569 1760 1605 Ovid-

218 1631 306 1665 Her.
324 1633 381 1674 20,
400 1629 482 1667 141.
504 1633 774 1676 Contrectatque
789 1631 888 1667 sinus
905 1638 939 1667 et
948 1632 1108 1677 forsitan
1127 1632 1247 1666 oscula
1260 1630 1401 1676 jungit.
1431 1628 1636 1663 Maximian.
1654 1627 1761 1672 Eleg-

219 1686 255 1731 5,
277 1687 332 1722 57.
363 1689 590 1723 contrectare
609 1701 718 1723 manu
736 1689 848 1733 coepit
854 1689 1037 1735 frigentia
1055 1689 1210 1723 membra
1227 1687 1357 1731 Meque
1376 1686 1480 1722 etiam
1498 1685 1620 1732 digitis
1635 1684 1761 1721 collid-

217 1749 296 1778 tare
315 1744 396 1780 suis,
430 1745 567 1790 Apulei.
590 1746 680 1780 Met.
702 1747 737 1788 8,
754 1745 833 1780 157.
853 1746 984 1780 cunctis
1001 1752 1120 1780 tamen
1139 1744 1305 1779 mentitae
1317 1743 1455 1789 pietatis
1473 1742 1591 1788 officiis
1607 1735 1773 1776 παάἰιιηί

216 1803 490 1836 contrectandae
505 1803 658 1837 mulieris
674 1802 849 1837 adhibere.
865 1802 986 1837 Aurel.
1002 1802 1095 1836 Vict.
1113 1801 1215 1846 Epit.
1227 1799 1261 1844 5,
1275 1800 1308 1835 5.
1324 1799 1462 1844 utrique
1475 1798 1576 1833 sexui
1584 1797 1762 1844 genitalia

217 1857 315 1891 vultu
333 1860 586 1893 contrectabat.
629 1860 756 1893 Senec.
781 1858 953 1893 Controv.
975 1861 1006 1902 1,
1025 1862 1060 1895 2.
1084 1871 1119 1904 Ρ.
1135 1856 1298 1905 85.J3ip.
1319 1860 1539 1891 contrectata
1560 1866 1597 1889 es
1611 1854 1762 1899 alicujus

216 1914 352 1957 osculo,
375 1914 524 1957 alicujus
546 1917 723 1961 amplexu.
753 1915 846 1950 Ibid.
868 1928 904 1961 p.
920 1917 976 1951 87.
999 1915 1092 1950 Pata
1115 1915 1206 1949 enim
1230 1914 1403 1960 virginem
1422 1924 1494 1947 esse
1510 1917 1565 1955 te,
1593 1912 1655 1946 sed
1672 1921 1785 1958 con-j

216 1975 404 2004 trectatam
419 1971 527 2004 oculis
545 1971 711 2005 omnium.
743 1971 849 2006 conf.
870 1972 1010 2007 Ruhnk.
1033 1976 1071 2005 et
1091 1973 1207 2006 Brem.
1226 1970 1271 2005 ad
1287 1971 1390 2004 Suet.
1410 1969 1498 2004 Ner.
1516 1969 1574 2004 26.
1601 1967 1758 2003 Beneck-

218 2026 263 2060 ad
283 2026 412 2062 sustin.
433 2028 468 2071 7,
488 2027 522 2070 3,
544 2024 580 2061 4.
606 2027 770 2062 Hildebr.
791 2029 835 2062 ad
858 2028 962 2074 Apul.
984 2029 1075 2063 Met.
1099 2026 1133 2071 8,
1158 2029 1193 2065 7.
1218 2039 1255 2073 p.
1275 2028 1356 2062 662.
1381 2030 1419 2060 et
1437 2026 1483 2060 ad
1500 2025 1634 2061 Arnob.
1647 2023 1683 2071 5,
1699 2025 1757 2063 26.

329 2078 368 2129 *)
395 2084 463 2118 Illa
482 2084 692 2130 explicatio,
718 2095 807 2130 quae
828 2085 921 2131 apud
942 2084 1167 2131 Desprezium
1187 2083 1337 2129 legitur,
1367 2095 1411 2117 ex
1432 2081 1570 2118 Erasini
1590 2079 1756 2116 obser'va-

216 2139 315 2175 tione
330 2153 396 2186 per
410 2153 448 2175 se
463 2141 662 2176 rectissima
673 2168 685 2187 ,
705 2142 817 2176 tineas
835 2154 978 2188 pascere
994 2141 1062 2175 dici
1073 2167 1082 2185 ,
1104 2152 1195 2187 quae
1211 2140 1375 2185 neglecta
1395 2139 1466 2174 situ
1485 2143 1655 2185 pereant,
1677 2142 1757 2172 orta

219 2197 360 2232 videtur
375 2209 467 2234 esse.
1631 2189 1633 2191 ¹

308 2252 368 2298 **)
393 2255 491 2289 Illam
514 2253 784 2299 explicationem
804 2258 997 2300 praeeunte
1017 2254 1053 2287 J.
1069 2252 1255 2287 Merkelio:
1280 2252 1422 2296 „Wirst
1435 2252 1501 2296 du,
1520 2249 1660 2295 trauri'g
1672 2261 1756 2284 ver-

217 2316 379 2355 stummt,
403 2311 477 2346 still
495 2312 679 2356 nagenden
701 2311 841 2346 Motten
861 2324 925 2346 zur
945 2310 1111 2357 Speise,“
1133 2311 1342 2354 comprobat
1362 2309 1529 2351 Orelliue,
1553 2307 1660 2351 hanc,
1686 2317 1774 2354 qua·

217 2367 300 2402 nihil
312 2368 507 2403 Horatiano
522 2367 664 2413 ingenio
677 2368 807 2403 festive
827 2369 962 2403 ludenti
976 2366 1269 2402 accommodatius
1286 2372 1360 2410 est,
1382 2369 1584 2412 proponunt
1596 2363 1756 2399 Doeder-

216 2426 319 2459 Iim’us
341 2427 554 2470 (Synonym.
575 2426 637 2460 IV.
669 2437 706 2471 Ρ.
723 2428 803 2462 211.
825 2430 863 2460 et
888 2426 926 2460 in
947 2425 1095 2469 „Reden
1111 2435 1146 2458 u.
1167 2423 1387 2458 Αιιΐεξὶῐῑειι(ι
1411 2434 1448 2468 Ρ.
1465 2421 1547 2457 293.
1582 2419 1690 2464 „Bist
1707 2420 1755 2455 du

217 2482 343 2516 einmal
358 2494 426 2516 von
443 2483 507 2516 der
523 2483 627 2516 Hand
644 2483 707 2516 des
725 2483 854 2517 Piibels
870 2484 1042 2528 betastet,
1060 2481 1290 2525 Gemeingut,
1307 2479 1433 2514 Dienst
1447 2477 1505 2522 du,
1530 2478 1577 2512 im
1592 2476 1752 2512 Scin-ank

217 2545 339 2572 stumm
351 2538 511 2584 liegend,
532 2539 599 2573 den
612 2539 777 2574 rohesten
794 2540 934 2574 Motten
949 2550 1013 2574 zur
1028 2537 1241 2582 Nahrung“)
1253 2542 1291 2571 et
1304 2536 1568 2580 Dalenburger‚
1581 2544 1693 2580 neque
1707 2534 1753 2568 ab

217 2606 259 2628 ea
279 2596 472 2630 abhorrent
484 2597 659 2639 Scheller,
681 2596 741 2642 qui
760 2596 1039 2640 „unwissende“
1056 2595 1167 2629 vertit
1180 2597 1242 2628 aut
1255 2592 1436 2627 Hocheder
1447 2618 1458 2636 ,
1479 2592 1539 2636 qui
1554 2591 1754 2636 conjectam

217 2651 300 2693 „die
320 2652 558 2687 Kunstwerke
571 2652 669 2687 nicht
684 2664 727 2687 zu
742 2653 924 2699 wiirdigen
939 2652 1100 2688 wissen“
1118 2655 1179 2686 aut
1194 2650 1370 2691 Diintzer‚
1393 2649 1454 2694 qui
1467 2648 1601 2683 mavult
1617 2657 1752 2693 „unge-

217 2708 401 2742 schickte“
422 2710 500 2746 coll.
520 2710 600 2744 JuV.
622 2710 657 2754 3,
679 2711 757 2745 206.
792 2711 839 2745 Et
857 2710 975 2745 divina
994 2709 1084 2756 opici
1098 2708 1270 2743 rodebant
1289 2705 1449 2740 carmina
1466 2717 1594 2741 murce.
1623 2702 1752 2739 Notio-

217 2774 294 2798 nem
313 2765 461 2799 dilatant
478 2765 695 2812 Doeringius
720 2771 758 2801 et
784 2765 978 2802 Schmidius
1007 2777 1125 2811 meus,
1153 2774 1299 2810 quorum
1324 2762 1403 2797 ille:
1434 2761 1560 2809 „quia,
1589 2764 1751 2806 praeter-

217 2830 316 2863 quam
337 2823 429 2864 quod
451 2822 601 2865 rodunt,
622 2822 708 2857 nihil
727 2828 857 2869 agunt,
877 2823 947 2858 nisi
969 2823 1047 2868 quis
1067 2820 1182 2857 malit:
1205 2820 1342 2855 artibus
1362 2819 1551 2862 infestas,“
1572 2817 1629 2851 hic
1646 2814 1750 2860 „inu-

215 2876 322 2909 tiles“
338 2876 424 2910 dicit
440 2878 520 2913 coll.
537 2879 686 2914 Terent.
702 2880 832 2928 Heaut.
849 2879 885 2926 5,
897 2877 932 2926 4,
950 2882 1005 2916 10.
1027 2879 1138 2915 Andr.
1151 2879 1186 2923 3,
1202 2877 1235 2921 5,
1251 2879 1284 2913 2.
1308 2875 1369 2910 Sic
1384 2880 1421 2910 et
1430 2876 1599 2910 Passov.=
1620 2876 1748 2916 „num”

216 2933 290 2966 lose
306 2932 487 2967 Motten.“
