1910 3138
249 139 333 184 202
386 142 668 183 COMMENT.
688 144 745 183 IN
763 142 890 184 HOR.
909 142 1006 184 LlB.
1025 144 1054 184 Ι.
1091 143 1256 186 EPIST.
1277 145 1475 193 QUART.
1489 145 1669 189 DECIM.
1714 146 1769 200 ff
1875 0 1910 183 Ἰ

1900 211 1910 240 1,

248 269 413 309 Phaedr.
448 269 540 307 Exc.
571 266 673 306 XIII.
711 266 826 307 Tom.
859 268 911 308 11.
943 282 984 322 p.
1014 268 1135 322 4320,
1170 271 1307 323 quibus
1338 273 1439 312 adde
1467 272 1686 313 Domnico
1705 271 1772 317 ,(10

251 337 413 376 Sanctis
438 337 463 375 1.
489 336 514 375 l.
541 350 582 387 p.
600 336 807 377 30—33.

359 406 404 445 V.
432 403 474 444 4.
505 404 545 445 5.
582 405 918 443 Certemus—an
945 419 1019 445 res.
1056 408 1274 460 Sententia,
1312 421 1422 460 quam
1459 409 1524 447 alii
1551 409 1661 448 aliter
1688 412 1772 451 sta-

245 478 378 524 tuunt,
407 474 501 512 haec
530 475 609 512 est:
638 472 872 523 „Videamus
880 500 895 524 ,
922 479 1007 513 uter
1037 479 1207 515 nostrum
1236 477 1372 514 fortior
1402 477 1527 516 animo
1556 488 1638 515 rem
1663 488 1772 517 sunm

243 546 354 593 agat,
377 554 470 592 eg0,
500 542 564 591 qui
582 545 721 580 memet
737 543 883 594 ipsum,
907 555 957 582 an
974 547 1037 592 tu,
1059 544 1122 595 qui
1143 543 1305 594 agellum
1323 557 1449 584 meum
1469 545 1582 592 colis3
1606 545 1772 586 animus-

242 624 290 650 ne
319 610 434 660 igitur
461 622 510 648 an
539 622 631 659 ager
653 623 760 648 meus
790 611 841 649 sit
860 609 1063 649 cultior?“
1107 612 1193 657 Qua
1212 612 1364 662 quidem
1382 613 1570 652 sententia
1586 612 1770 653 Horatius
1832 663 1838 669 α

241 691 318 717 non
346 682 426 717 tam
455 691 498 716 se
527 678 617 717 dicit
644 678 918 718 sollicitudines
946 683 987 718 et
1009 692 1118 718 curas
1148 680 1366 719 rusticando
1392 681 1586 732 deponere
1612 677 1686 731 (uti
1704 691 1770 718 ex-

239 745 380 798 plicant
408 744 594 784 Dic'ntzer
629 750 668 786 et
705 746 1022 799 Dillenburger,
1051 747 1131 786 ille:
1170 749 1264 798 „So
1299 747 1394 798 liegt
1430 747 1512 788 also
1544 747 1583 787 in
1623 747 1770 786 diesem

239 813 416 865 Ansange
445 816 514 852 der
544 815 731 854 Gedanke
766 815 1008 866 ausgeffihrt,
1046 816 1134 853 dass
1163 816 1232 854 der
1263 814 1422 854 Dichter
1458 815 1541 855 sich
1566 815 1649 854 hier
1676 815 1769 854 aller

239 882 576 932 beunruhigenden
615 884 765 934 Sorgen
797 883 876 921 und
912 882 1205 934 Bestrebungen
1245 897 1294 923 zu
1334 883 1551 935 entledigen
1570 882 1768 936 >suc.he“)‚

239 964 351 1003 quam
378 948 535 1003 animi*)
566 951 751 990 culturam
777 952 848 990 sibi
874 956 1027 1003 praeter
1062 956 1190 991 cetera
1225 965 1336 992 curae
1371 952 1552 1003 cordique
1577 965 1688 1002 esse,
1725 955 1769 991 ut

237 1021 301 1071 „si
329 1033 404 1071 qua
439 1020 511 1058 sibi
546 1020 722 1058 vitiorum
758 1020 940 1058 inseverit
977 1020 1064 1058 olim
1098 1020 1248 1059 Natura
1284 1024 1350 1059 aut
1384 1021 1497 1060 etiam
1532 1020 1767 1060 consuetudo

235 1090 381 1139 mala,“
409 1102 454 1127 ea
482 1087 629 1128 evellat.
661 1088 743 1126 Sat.
775 1090 823 1138 1,
850 1089 899 1137 3,
929 1089 997 1129 36.
1038 1089 1163 1140 Epist.
1196 1090 1242 1139 2,
1274 1090 1321 1140 2,
1353 1090 1449 1132 212.
1488 1088 1548 1128 lta
1583 1089 1767 1128 Socrates

234 1169 296 1209 ap.
322 1157 489 1208 Epictet.
517 1155 621 1194 Diss.
641 1157 683 1207 3,
715 1156 755 1206 5,
787 1153 851 1196 14.
877 1152 1031 1209 ’Ὠσπερ
1059 1153 1178 1204 ἄλλος
1205 1172 1264 1204 τις
1291 1157 1418 1211 χαίρει
1445 1153 1518 1198 τόν
1546 1151 1674 1211 ἆγρδν
1698 1153 1766 1198 τὸν

237 1224 367 1266 αὖτοῦ
395 1227 526 1266 ποιῶν
556 1225 792 1278 κρείσσονα,
821 1222 940 1272 ἄλλος
961 1221 1032 1264 τόν
1054 1223 1201 1264 ἵππον·
1233 1220 1362 1272 οὕτως
1385 1221 1460 1279 3703
1484 1221 1580 1266 καθ’
1608 1223 1766 1279 ἡμέραν

233 1294 358 1348 χαίρω
384 1296 708 1347 παρακολουθῶν
734 1292 892 1348 ἐμαυτῷ
915 1293 1086 1344 βελτίονι
1111 1290 1324 1348 γενομένῳ.
1361 1293 1448 1336 Jam
1465 1293 1539 1333 illis
1557 1293 1650 1345 ipsis
1668 1293 1764 1332 Hor.

231 1363 396 1401 animum
424 1374 534 1400 suum
555 1362 724 1400 locorum
755 1361 1093 1412 permutationibus
1128 1373 1207 1398 non
1234 1373 1392 1411 aegrum
1426 1364 1530 1400 tecte
1557 1360 1700 1399 indicat
1725 1364 1764 1399 et

230 1431 277 1469 iis
307 1444 403 1482 quae
434 1431 615 1482 deinceps
646 1433 854 1480 sequuntur
883 1429 992 1479 quasi
1019 1428 1223 1480 praeludit.
1273 1429 1342 1467 Illa
1369 1433 1494 1468 autem
1521 1428 1764 1467 similitudine

229 1499 321 1537 nihil
348 1499 596 1550 frequentius.
640 1497 721 1539 Cic.
746 1496 938 1536 ad-Attic.
968 1497 1034 1547 10,
1063 1497 1129 1538 11.
1160 1510 1255 1536 ειιαε
1283 1497 1438 1537 radices
1463 1496 1612 1536 habent
1634 1498 1762 1547 vitt'a5

234 1582 336 1620 quas
366 1574 501 1604 tamen
532 1565 736 1604 evellerem
757 1565 960 1617 profecto,
1000 1565 1038 1602 si
1064 1564 1208 1603 liceret.
1253 1555 1377 1606 Tuscq
1399 1568 1450 1616 2,
1479 1565 1527 1617 5,
1557 1565 1625 1608 13.
1661 1564 1762 1607 haec

228 1635 507 1688 (philosophia)
535 1635 706 1673 extrahit
732 1636 837 1680 vitia*
858 1633 1064 1675 radicitus.
1106 1634 1199 1672 lbid.
1226 1633 1268 1684 3,
1291 1632 1361 1685 34,
1385 1635 1452 1678 83.
1490 1634 1599 1675 Pers.
1624 1632 1666 1684 5,
1691 1635 1758 1678 92.

230 1705 346 1742 Dum
384 1712 530 1743 veteres
568 1703 682 1740 avias
718 1701 791 1739 tibi
830 1702 879 1740 de
909 1701 1102 1753 pulmone
1135 1702 1293 1744 revello.
1353 1703 1510 1743 Ariston,
1545 1703 1664 1743 Chius
1696 1715 1759 1755 ap.

232 1773 353 1812 Orell.
385 1771 577 1822 (Sentent.
608 1773 746 1810 Graec.
773 1770 887 1823 vett.)
916 1773 945 1810 Ι.
970 1772 1038 1812 95.
1066 1785 1105 1823 p.
1130 1771 1198 1813 30.
1230 1770 1357 1820 εἴκαζε
1380 1768 1476 1820 τούς
1499 1769 1674 1821 πολλοὺς
1699 1773 1759 1828 τῷ

228 1840 413 1897 Λαέρτῃ,
435 1837 563 1889 ὅστις,
590 1841 670 1880 τῶν
693 1835 792 1878 nocto?
813 1836 886 1880 τὸν
905 1835 1037 1893 ,ἀγρὸν
1061 1836 1394 1892 ἐπιμελούμενος,
1423 1835 1627 1894 ὀλιγώρως
1653 1836 1760 1893 εὒχεν

229 1908 394 1950 ἑαυτοῦ·
423 1907 491 1948 καὶ
510 1905 585 1961 γὰρ
605 1903 793 1956 τούτους,
823 1909 904 1946 τῶν
930 1902 1143 1959 κτημάτων
1165 1908 1353 1960 πλείστην
1373 1907 1597 1961 ἐπιμέλειαν·
1618 1924 1758 1950 ποιου-

227 1976 395 2031 μένους,
424 1978 618 2030 περιορᾷν
642 1972 718 2028 τήν
746 1972 884 2028 ψυχήν
907 1973 1077 2026 ἑαυτῶν,
1106 1972 1240 2029 πλήρη
1267 1978 1416 2018 παθῶν
1440 1971 1592 2032 ἆγρίων
1614 1972 1756 2021 mimive.

338 2113 380 2160 *)
399 2115 592 2161 Pei-peram
614 2113 787 2158 Cruquius
804 2113 925 2159 spinas
943 2125 1010 2160 pro
1029 2113 1151 2148 verbis
1172 2113 1343 2148 aculeatis
1362 2114 1486 2149 habet:
1517 2114 1755 2160 „contenda-

226 2184 320 2218 mus,
340 2184 386 2208 an
406 2184 474 2218 ego
494 2172 672 2218 spinosior
699 2170 933 2216 acerbiorque
953 2171 1017 2205 sim
1035 2171 1071 2204 in
1093 2170 1301 2214 castiganda
1320 2174 1383 2205 tua
1399 2170 1551 2216 pigritia
1570 2181 1672 2216 quam
1690 2170 1754 2209 de-

227 2235 285 2265 cet
303 2230 431 2264 bonum
450 2234 589 2276 patrem
606 2227 757 2264 familias
768 2253 778 2272 ‚
807 2228 946 2273 quando
966 2227 1069 2268 videt
1088 2239 1186 2262 mera
1199 2225 1311 2261 villici
1325 2227 1464 2261 incuria
1480 2238 1579 2262 suum
1599 2227 1752 2273 agellum

225 2288 319 2331 situ,
341 2287 538 2333 squallore,
559 2286 745 2322 inutilibus
761 2284 901 2329 herbis,
920 2283 1019 2318 rubis
1028 2289 1072 2318 et
1086 2284 1245 2319 sentibus
1261 2283 1493 2319 silvescere.“
1518 2283 1752 2331 Deeringiam

224 2350 367 2390 „utrum
387 2344 465 2390 plus
485 2344 603 2380 valeat
623 2343 737 2378 virtus
753 2341 900 2377 Horatii
916 2340 952 2375 in
971 2340 1187 2387 repellendis
1206 2339 1460 2387 vincendisque
1478 2340 1544 2385 iis,
1565 2351 1656 2387 qnae
1674 2340 1751 2376 aui-

224 2413 315 2437 mum
332 2403 498 2446 turbant,
521 2413 565 2436 an
582 2400 639 2436 vis
658 2400 721 2435 illa
734 2426 745 2445 ,
766 2409 868 2445 quam
886 2409 1002 2433 rerum
1021 2398 1258 2433 habendarum
1277 2397 1495 2443 cupiditates
1515 2407 1694 2444 curaeque
1709 2398 1751 2436 in

224 2459 374 2494 animum
394 2459 588 2493 habent2“
618 2459 648 2494 A
668 2461 793 2492 nostra
807 2455 1107 2501 interpretatione
1125 2467 1242 2501 prope
1260 2455 1364 2489 abest
1381 2455 1546 2490 oremus.-
1564 2454 1751 2502 „Agedum

222 2515 424 2560 videamus,
460 2520 577 2550 utrum
594 2534 652 2542 ——-
668 2534 727 2540 ——
745 2519 853 2560 atque
881 2518 964 2547 utra
989 2512 1084 2548 ratio
1108 2512 1232 2547 melior
1261 2512 1330 2556 sit,
1363 2524 1474 2556 eane,
1503 2523 1572 2558 qus
1590 2523 1644 2547 me
1668 2513 1750 2558 ipse

154 2554 166 2568 ⁶
224 2583 307 2607 curo
319 2599 328 2616 ‚
352 2573 446 2618 quod
462 2573 507 2607 ad
530 2573 696 2607 virtutem
714 2572 864 2614 attinet,
886 2569 923 2604 in
938 2581 980 2604 eo
996 2569 1182 2604 elaborans
1194 2595 1204 2613 ,
1224 2573 1265 2604 ut
1280 2569 1440 2615 quotidie
1454 2569 1580 2604 melior
1593 2580 1636 2604 ac
1649 2572 1748 2604 trau-

224 2628 367 2673 quillior
387 2629 489 2672 fiam3
512 2641 557 2664 an
577 2641 638 2674 ea,
660 2639 728 2675 qua
746 2633 808 2673 tu,
829 2629 931 2662 homo
951 2638 1074 2661 socors
1094 2627 1256 2672 (pigrum
1274 2631 1382 2661 vocat
1399 2638 1434 2661 v.
1454 2626 1544 2670 29.),
1564 2625 1653 2661 colis
1669 2636 1747 2661 rem

222 2696 350 2728 meam,
380 2685 415 2719 id
437 2692 494 2721 est.
520 2686 663 2721 fundum
683 2685 871 2729 Sabinum,
902 2683 1129 2730 praecipuam
1152 2683 1359 2718 facultatum
1384 2693 1537 2718 mearum
1565 2681 1745 2727 partem.“

222 2740 390 2775 Ceterum
410 2743 501 2777 hunc
527 2743 639 2777 locum
662 2742 819 2778 imitatus
840 2746 896 2776 est
911 2739 1119 2780 Boileavius
1146 2740 1183 2775 in
1214 2740 1335 2786 Epist.
1354 2740 1422 2776 XI.
1450 2738 1507 2784 „A
1525 2748 1606 2773 mon
1629 2735 1745 2781 jardi-

222 2797 325 2830 nier“
354 2798 541 2844 inscripta:
569 2801 674 2844 ‚‚Oh!
697 2811 764 2846 que
783 2800 829 2834 de
846 2809 925 2833 mon
944 2797 1058 2845 esprit
1077 2796 1185 2833 triste
1205 2802 1243 2831 et
1260 2798 1328 2832 mal
1347 2796 1525 2838 ordume,
1552 2793 1655 2829 Ainsi
1674 2804 1743 2840 qun

219 2854 265 2888 de
285 2865 326 2887 ce
346 2854 466 2901 champ
486 2868 552 2901 par
570 2857 624 2891 toi
643 2857 674 2891 si
691 2858 777 2891 bien
802 2858 889 2892 orne
901 2881 910 2899 ,
933 2855 989 2890 Ne
1011 2854 1143 2902 puis-je
1163 2854 1252 2890 faire
1275 2856 1354 2890 dter
1371 2854 1424 2888 les
1442 2851 1595 2886 ποιιοιῑιιι
1609 2855 1679 2885 etc.
