1910 3138
690 1021 1440 1096 COMMENTARII

1032 1183 1089 1220 IN

295 1309 527 1383 Hossa'r.
557 1308 666 1355 LlB.
697 1309 732 1353 1.
787 1307 1143 1354 EPIS'POLAM
1171 1306 1493 1354 SEP'HMAM
1522 1305 1822 1354 DECIMAM.

1516 1576 1539 1586 a

293 1614 378 1672 Uti
407 1634 495 1672 olim
525 1636 685 1673 florente
707 1634 899 1686 republica
925 1634 1190 1672 adolescentes
1215 1634 1398 1683 Romani,
1433 1634 1495 1684 qui
1523 1633 1607 1671 soro
1637 1637 1676 1670 et
1701 1631 1826 1670 curiae

292 1701 546 1752 parabantur,
579 1701 628 1738 ad
657 1714 766 1739 unum
793 1701 952 1752 aliquem
980 1702 1098 1739 virum
1118 1703 1154 1739 in
1174 1703 1324 1740 civitate
1345 1702 1578 1753 principem,
1608 1700 1710 1750 cujus
1735 1712 1828 1750 pru-

293 1770 423 1807 dentia
448 1770 638 1807 doctiores
668 1770 750 1807 fieri
778 1770 1002 1820 studebant,
1030 1771 1339 1820 deducebantur,
1362 1772 1415 1808 ita
1442 1774 1544 1818 tum,
1574 1781 1688 1819 quum
1710 1758 1826 1819 pe⁶nes

294 1848 409 1872 unum
438 1837 557 1873 omnis
589 1837 668 1875 fere
695 1841 775 1875 erat
799 1842 991 1890 potestas,
1031 1841 1062 1878 si
1092 1841 1188 1878 viam
1217 1839 1267 1877 ad
1296 1851 1411 1890 opes,
1446 1837 1637 1886 honores,
1673 1848 1828 1874 munera

293 1902 366 1940 sibi
394 1894 539 1941 munire
567 1904 723 1953 vellent,
755 1906 803 1942 ad
837 1907 954 1944 virum
983 1908 1083 1945 illum
1117 1909 1240 1959 ipsum
1265 1907 1324 1945 ivel
1359 1908 1407 1944 ad
1434 1907 1536 1944 viros
1559 1906 1612 1943 illi
1636 1906 1715 1944 sive
1743 1905 1831 1955 dig-

292 1971 431 2019 nitate,
458 1972 537 2009 sive
560 1971 692 2022 opibus
719 1974 933 2024 proximos,
965 1977 1011 2012 ad
1031 1978 1170 2014 amicos
1190 1980 1391 2027 potentes,
1417 1975 1603 2025 majores,
1633 1986 1720 2012 sese
1739 1986 1830 2011 con-

293 2039 434 2078 ferrent
465 2052 620 2077 necesse
649 2045 740 2079 erat.
801 2042 901 2079 Fieri
928 2046 1049 2080 autem
1079 2057 1153 2081 non
1191 2045 1339 2096 potuit,
1369 2044 1458 2094 quin
1488 2056 1603 2094 saepe
1633 2042 1829 2080 erectioris

293 2107 431 2145 indolis
460 2108 722 2145 adolescentes
751 2109 846 2147 hanc
874 2111 971 2147 viam
1008 2114 1137 2160 utpote
1166 2112 1283 2149 libero
1323 2116 1361 2149 et
1392 2113 1554 2161 ingenuo
1583 2110 1664 2147 viro
1695 2122 1828 2160 parurn

295 2176 448 2225 dignam
478 2176 574 2213 inire
602 2176 817 2214 dubitarent
857 2182 895 2214 et
928 2180 1043 2216 vitam
1073 2180 1231 2217 otiosam
1265 2180 1363 2217 civili
1400 2183 1515 2229 atque
1554 2181 1732 2215 actuosae
1768 2174 1829 2214 vel

295 2257 428 2294 reapse
457 2244 693 2295 praeferrent
722 2245 779 2282 vel
809 2245 1001 2296 praeferre
1031 2247 1068 2284 in
1097 2248 1259 2285 animum
1287 2248 1517 2285 inducerent.
1575 2244 1617 2282 In
1644 2258 1719 2295 quo
1745 2245 1830 2294 qui-

293 2313 376 2350 dem
405 2325 560 2350 numero
579 2327 666 2351 num
686 2315 830 2351 Scaeva
859 2315 991 2363 fuerit,
1027 2315 1138 2364 plane
1159 2316 1358 2361 nescimus,
1395 2322 1605 2363 quanquam
1627 2316 1737 2362 sunt,
1767 2314 1831 2363 qui

294 2381 385 2418 illud
413 2381 625 2432 praefracte
653 2382 853 2420 affirment.
909 2382 1087 2420 Horatius
1117 2382 1229 2432 igitur
1249 2382 1463 2432 sapienter,
1492 2394 1569 2418 non
1596 2380 1829 2418 adulatorum

292 2450 406 2487 modo
444 2451 678 2502 temporibus
709 2451 898 2499 serviens,
932 2450 969 2487 in
1004 2449 1074 2487 hac
1110 2449 1283 2500 Epistola
1321 2450 1357 2486 id
1388 2463 1500 2487 unum
1535 2450 1633 2499 egit,
1672 2437 1712 2487 ut
1751 2449 1830 2487 sive

294 2519 460 2556 Scaevae
488 2519 582 2569 ipsi,
613 2518 717 2567 cujus
749 2518 932 2556 sentiendi
957 2518 1139 2556 rationem
1159 2517 1317 2555 haberet
1343 2519 1554 2568 cognitam,
1583 2518 1663 2555 sive
1692 2529 1832 2567 aequa-

294 2585 390 2624 libus
421 2586 662 2624 saluberrima
701 2587 904 2636 majoribus
938 2587 1068 2625 utendi
1104 2588 1214 2624 daret
1249 2591 1465 2637 praecepta.
1532 2587 1664 2636 Itaque
1703 2585 1831 2633 docet,

294 2655 356 2702 qui
384 2654 593 2705 principum
622 2655 897 2692 familiaritates
931 2660 1108 2707 appetat,
1151 2667 1233 2694 eum
1271 2668 1350 2692 rem
1381 2655 1574 2706 suscipere
1612 2666 1689 2691 non
1717 2652 1830 2690 modo

295 2735 370 2758 non
408 2722 626 2772 ingloriam,
671 2736 799 2760 verum
838 2723 950 2760 etiam
988 2723 1123 2760 decore
1164 2735 1207 2760 ac
1247 2722 1356 2761 laude
1391 2724 1563 2773 dignam,
1610 2719 1831 2772 praesertim

296 2802 407 2837 quum
443 2791 603 2828 amicitia
639 2790 803 2828 virorum
840 2790 1050 2842 principum
1091 2793 1130 2828 et
1158 2790 1359 2829 difficulter
1390 2794 1544 2842 paretur
1575 2793 1614 2826 et
1641 2787 1711 2826 nisi
1739 2799 1832 2838 pru-

296 2855 427 2893 denter
451 2872 527 2895 non
556 2863 736 2897 servetur.
781 2859 833 2896 Ιιι4
851 2864 1048 2909 utramque
1071 2861 1195 2896 autem
1224 2872 1303 2896 rem
1332 2859 1356 2895 i.
1378 2872 1410 2896 e.
1441 2858 1553 2895 vitam
1575 2859 1614 2893 et
1639 2853 1831 2891 hominum

296 2923 506 2962 otiosorum
534 2927 680 2976 sibique
711 2928 912 2974 viventium
938 2932 977 2965 et
1004 2930 1042 2966 in
1066 2942 1135 2966 usu
1164 2940 1286 2966 rerum
1316 2924 1652 2972 communitateque
1676 2933 1832 2959 versan-
