1910 3138
252 144 334 188 170
391 146 671 186 ΟΟΜΜΕΝΤ.
694 145 752 184 ΙΝ
769 145 892 187 HOR.
915 144 1016 185 LIB.
1042 147 1070 184 Ι.
1118 146 1283 185 EPIST.
1305 146 1462 186 TER-T.
1485 146 1662 186 Dncm.
1722 149 1776 191 10

247 271 517 324 scriptionibus
544 285 582 322 p.
609 270 702 311 189.
730 270 783 309 N.
811 271 852 312 3.
881 269 921 311 4.
952 274 991 309 et
1017 271 1112 310 Tac.
1143 271 1242 310 Hist.
1275 273 1315 322 1,
1347 274 1384 313 1.
1417 272 1487 312 37.
1517 270 1586 312 48.
1617 285 1776 312 nomen·-

247 354 321 392 que
345 340 395 378 ad
423 342 573 388 gentem
605 339 833 389 praetoriam
865 339 1028 377 Vinium
1041 367 1054 385 ‚
1083 352 1130 378 ex
1155 351 1229 389 qua
1251 338 1355 378 illum
1373 339 1522 378 Horatii
1542 339 1776 379 tabellarium

242 412 322 462 jam
363 406 589 445 Torrentius
623 410 838 456 exemerat,
876 406 1052 446 retulisse
1089 407 1239 446 videtur
1266 408 1486 459 addiditque
1517 408 1774 458 Sanadonm,

244 489 319 516 non
346 475 498 513 dubium
526 474 668 524 videri,
705 474 883 525 quin-hic
909 473 1039 514 Vinius
1068 476 1119 514 ad
1152 479 1305 526 gentem
1333 475 1480 522 Viniam
1507 476 1577 516 sub
1605 477 1776 529 impera-

244 544 389 583 toribus
436 541 673 581 nobilitatam
710 541 945 594 pertinuerit.
1021 544 1246 595 Quanquam
1289 544 1419 596 lapsus
1461 548 1522 584 est
1558 545 1774 596 Damius,

245 625 360 663 quum
388 613 541 661 gentem
568 610 732 648 Vinium
742 608 783 662 *)
809 610 931 650 adhuc
956 609 1121 662 Augusti
1148 615 1274 650 aetate
1293 613 1412 651 fuisse
1438 617 1618 663 negaret,
1647 617 1774 653 tamen

243 685 347 718 recte
377 679 531 730 scripsit
564 678 758 729 Vinnius,
788 683 994 731 propterea
1025 681 1128 731 quod
1154 680 1192 718 in
1219 680 1291 718 hac
1313 680 1501 731 scriptura
1527 680 1659 732 optimi
1687 680 1773 719 libri

245 762 338 786 mss.
366 747 608 786 consentiunt
631 760 753 799 neque
775 747 973 799 probabile
999 751 1078 797 est,
1104 747 1302 787 Horatium
1322 752 1476 800 gentem
1494 749 1693 799 rusticam,
1723 749 1773 787 de

242 829 317 866 qua
346 815 500 867 quidem
527 828 576 854 ne
606 817 754 856 mireris
782 820 1026 855 monumenta
1047 817 1078 855 i.
1109 829 1144 854 e.
1174 816 1438 867 inscriptiones
1461 815 1575 858 hodie
1600 829 1679 857 non
1706 830 1772 856 ex-

239 888 343 923 stare
356 910 370 934 ‚
402 896 486 923 cum
514 883 646 923 inclita
672 884 736 924 illa
765 891 879 937 gente
907 886 1097 937 praetoria
1123 885 1283 923 miscere
1311 884 1351 922 in
1374 884 1540 925 animum
1564 885 1770 925 induxisse.

239 953 381 998 Quidni
404 952 544 991 fuerint
568 953 664 991 duae
693 954 866 992 diversae
891 958 1025 1004 gentes
1051 966 1126 993 una
1151 951 1235 991 sola
1261 952 1372 993 litera
1395 952 1642 993 distinctam!
1684 953 1771 993 No·

239 1034 326 1061 men
353 1021 451 1060 enim
485 1019 614 1060 fictum
649 1033 758 1069 esse,
794 1022 850 1059 uti
884 1021 1036 1072 quidem
1065 1021 1269 1071 opinantur
1299 1019 1384 1070 alii,
1415 1020 1504 1060 mihi
1538 1021 1770 1072 persuadere

237 1101 429 1139 nunquam
457 1093 606 1140 potero.
676 1088 854 1127 Ceterum
892 1090 931 1127 in
958 1089 1054 1129 hanc
1087 1087 1300 1139 Epistolam
1332 1087 1618 1139 Programmate
1652 1089 1768 1129 schol.

235 1157 387 1208 adjecta
413 1156 663 1196 translatione
688 1157 902 1207 germanica
935 1160 974 1195 et
1005 1168 1142 1206 graeca
1171 1159 1444 1197 commentatus
1473 1161 1532 1196 est
1558 1157 1772 1196 Hoelaeder

235 1224 439 1275 (Miinchen
468 1225 632 1276 1827.)‚
663 1237 747 1264 eam
775 1226 814 1263 in
839 1225 1001 1277 patrium
1028 1237 1240 1263 sermonem
1267 1223 1483 1275 singulatim
1504 1238 1656 1276 quoque
1681 1239 1768 1264 ver-

234 1296 318 1331 tere
366 1292 625 1331 Gatmannus
655 1292 695 1331 in
730 1291 866 1343 Progr.
907 1291 1023 1332 schol.
1061 1292 1332 1341 (Schweidnitz
1371 1291 1515 1344 1836.)
1553 1306 1593 1344 p.
1626 1294 1692 1334 11.
1729 1298 1770 1332 et

233 1360 418 1398 Dic'ntzer
444 1361 482 1399 in
521 1359 699 1411 „Archiv
726 1360 755 1398 f.
793 1360 931 1400 Philol.
960 1375 997 1400 u.
1027 1359 1238 1411 Paedag.“
1270 1359 1391 1402 1841.
1420 1360 1504 1399 Vll.
1531 1361 1572 1400 3.
1601 1374 1642 1412 p.
1671 1359 1766 1402 478.

343 1429 393 1468 V.
426 1431 464 1470 1.
532 1429 588 1466 Ut
607 1429 924 1479 proficiscentem
954 1451 1004 1459 -—
1031 1428 1191 1480 diuque.
1253 1430 1470 1469 Sententia:
1509 1428 1601 1479 „Ut
1625 1433 1667 1468 te
1694 1429 1768 1468 iter

230 1501 430 1550 parantem
458 1497 749 1548 diligentissime
785 1498 953 1548 institui,
990 1498 1045 1536 ita
1072 1498 1191 1537 facies
1226 1510 1350 1538 coram
1387 1498 1574 1549 Augusto.
1585 1497 1614 1521 ‘⁶
1678 1497 1767 1549 Alii,

229 1570 274 1604 ut
307 1566 554 1617 Doeringius
582 1578 626 1603 ac
656 1564 858 1604 Diintzer:
889 1566 975 1617 „Ut
999 1579 1116 1618 saepe
1144 1568 1183 1604 te
1209 1566 1302 1604 alias
1330 1567 1380 1605 ad
1402 1566 1499 1605 alios
1527 1565 1640 1604 certis
1661 1577 1767 1603 man-

230 1635 330 1672 datis
356 1634 512 1672 missum
536 1639 678 1672 rectam
706 1634 843 1683 agendi
868 1635 1050 1674 rationem
1081 1635 1238 1684 edocui,
1269 1635 1322 1673 ita
1352 1646 1400 1672 ea
1422 1647 1521 1672 nunc
1549 1637 1655 1673 utere
1682 1646 1766 1672 cum

227 1701 332 1740 libris
357 1703 450 1740 meis
475 1702 524 1740 ad
557 1700 655 1752 Aug.
682 1699 1004 1755 mittendus.“**)
1062 1702 1139 1747 Qui
1167 1702 1370 1754 particulas
1397 1715 1515 1752 saepe
1542 1702 1691 1754 diuque
1714 1702 1764 1740 nd

341 1874 383 1920 *)
404 1876 460 1910 De
480 1877 588 1919 gente
614 1873 718 1908 Vinia
750 1878 834 1920 post
854 1877 964 1911 Torr.
989 1875 1130 1910 erudite
1158 1874 1318 1921 disputat
1340 1874 1554 1910 Weichertus
1576 1886 1613 1920 p.
1633 1874 1680 1912 80
1694 1886 1763 1923 sq..

227 1931 297 1967 nisi
318 1931 412 1979 quod
431 1932 467 1966 in
489 1944 530 1966 eo
552 1930 708 1974 erravit,
743 1932 837 1976 quod
858 1933 1091 1967 Torrentium
1119 1932 1211 1966 hune
1239 1931 1386 1966 Horatii
1405 1931 1577 1966 hominem
1601 1930 1764 1966 Vinnium

230 1989 342 2025 scribi
360 1989 527 2024 maluisse
547 1987 654 2030 dicit,
686 1988 788 2022 immo
816 1988 953 2024 Vinium
966 2015 975 2031 ,
1006 1989 1294 2035 quemadmodum
1315 2001 1359 2023 ex
1383 1989 1516 2023 erratis
1542 1988 1580 2024 in
1602 1990 1761 2022 extremo

226 2048 318 2082 libro
337 2046 506 2083 indicatis
526 2049 691 2091 apparet.
715 2045 820 2079 Cous.
844 2046 1043 2092 Glandorp.
1067 2047 1254 2080 Onomast.
1275 2058 1310 2090 p.
1327 2044 1408 2080 905.
1431 2045 1532 2080 Hebe
1552 2043 1664 2079 Goth.
1683 2039 1762 2079 Nu-

226 2104 340 2140 mism.
359 2115 397 2151 p.
417 2100 500 2140 418.
533 2103 589 2137 De
608 2102 724 2136 Asello
737 2127 746 2144 ‚
769 2102 975 2146 cognomine
997 2103 1228 2136 Claudiorum
1246 2103 1331 2136 vide
1345 2103 1459 2137 Drak.
1479 2102 1526 2136 ad
1543 2100 1627 2135 Liv.
1648 2097 1706 2144 24,
1724 2102 1759 2145 8,

225 2163 260 2197 3.
284 2163 342 2206 28,
364 2162 420 2207 10,
437 2160 472 2195 3.
495 2160 552 2203 29,
575 2159 632 2201 11,
658 2158 715 2192 13.
743 2158 824 2193 coll.
847 2158 890 2194 A.
914 2159 1010 2193 Gell.
1029 2155 1065 2203 4,
1092 2160 1149 2193 17.
1173 2160 1285 2193 Torr.
1307 2159 1352 2193 ad
1372 2159 1407 2194 h.
1428 2159 1452 2194 l.
1476 2156 1591 2193 Orell.
1609 2157 1655 2191 ad
1668 2169 1705 2192 v.
1723 2158 1758 2192 8.

225 2218 426 2254 Weichert.
450 2217 476 2252 l.
497 2216 522 2252 l.
542 2228 579 2262 p.
596 2215 641 2251 79
657 2227 732 2261 sq„
760 2215 804 2249 de
825 2217 947 2260 Asina,
970 2219 1205 2261 cognomento
1226 2215 1472 2250 Corneliorum
1493 2214 1658 2249 Macrob.
1680 2214 1760 2251 Sat.

225 2278 259 2322 1,
281 2278 316 2312 6.
337 2288 375 2322 Ρ.
397 2275 465 2311 232
486 2273 529 2308 Ζ.
551 2277 588 2307 et
607 2277 690 2306 ante
709 2271 885 2307 laudatos.

317 2340 374 2387 **)
394 2342 529 2377 Multos
547 2341 767 2386 interpretes
782 2340 914 2375 fefellit
927 2339 1161 2384 Participium
1175 2338 1347 2384 temporis
1362 2339 1564 2384 praesentis
1578 2338 1637 2374 hic
1652 2350 1759 2374 cona-

223 2404 297 2434 tum
308 2427 318 2445 ,
338 2400 560 2434 voluntatem
578 2398 740 2432 indicans
759 2401 801 2432 ut
817 2399 852 2440 9,
878 2400 937 2433 10.
964 2397 1108 2441 majoris
1116 2397 1268 2442 sug-iens
1285 2396 1476 2442 opprobria
1488 2415 1546 2423 -—-
1559 2397 1686 2448 eulpae
1703 2414 1753 2423 --

224 2458 386 2492 descendi
403 2462 440 2492 et
459 2457 552 2501 Nep.
574 2457 693 2491 Hann.
711 2457 744 2500 2,
757 2455 793 2490 3.
821 2455 928 2491 Pater
940 2466 1036 2490 meus
1053 2473 1101 2479 —
1117 2454 1156 2488 in
1170 2454 1378 2498 Hispaniam
1396 2453 1615 2498 proficiscens
1628 2471 1683 2479 ·—
1694 2453 1759 2491 iw-

221 2514 377 2548 molavit.
408 2513 492 2548 Vid.
514 2513 568 2547 ibi
593 2514 711 2548 Brem.
733 2515 770 2548 et
788 2512 900 2550 Bach.
921 2511 965 2547 ad
982 2510 1070 2546 Tib.
1092 2511 1110 2545 1
1124 2537 1134 2555 ,
1154 2511 1194 2553 3,
1219 2510 1275 2544 29.
1304 2510 1454 2554 Forbig.
1475 2510 1521 2545 ad
1539 2509 1643 2554 Virg.
1662 2508 1754 2546 Aen,

225 2571 243 2604 2
258 2596 267 2613 ,
294 2571 375 2604 111.
398 2567 477 2605 114.
499 2571 630 2614 WVagn.
653 2570 724 2611 Qu.
745 2569 848 2615 Virg.
868 2568 1000 2605 XXIV.
1025 2570 1058 2603 2.
1077 2580 1099 2602 a
1113 2586 1169 2594 ———·
1185 2579 1215 2600 c.
1241 2566 1402 2612 Herzog.
1423 2567 1468 2601 ad
1487 2566 1576 2600 Sall.
1596 2566 1677 2611 Jug.
1699 2566 1755 2608 12,

224 2624 258 2659 5.
279 2626 473 2661 Dederich.
494 2627 539 2661 ad
559 2626 658 2662 Dict.
684 2627 785 2660 Cret.
812 2627 852 2670 6,
872 2627 906 2661 7.
932 2638 970 2671 p.
990 2621 1073 2660 374.
1100 2625 1219 2659 Haase
1243 2623 1288 2658 ad
1302 2623 1440 2670 Reisig.
1462 2621 1755 2668 „vorlemnggf‘

222 2692 260 2725 p.
277 2679 358 2717 498.
383 2683 526 2718 Ramsh.
550 2685 618 2718 Gr.
638 2683 704 2717 lat.
725 2695 761 2729 p.
783 2681 864 2718 583.
895 2682 1011 2723 Quum
1039 2681 1101 2716 ille
1128 2685 1274 2716 conatus
1298 2686 1437 2727 tempus
1465 2678 1552 2714 artis
1581 2677 1756 2712 limitibus

222 2749 294 2771 non
314 2739 602 2784 circumscribat,
626 2740 826 2786 particulae
845 2752 949 2786 saepe
971 2739 1097 2783 diuque
1119 2739 1204 2773 nihil
1224 2738 1357 2773 habent
1375 2734 1519 2778 absoni,
1539 2738 1581 2768 ut
1605 2733 1667 2768 alii
1685 2746 1755 2771 non

222 2794 439 2830 incommode
461 2796 699 2842 explicarint:
721 2801 838 2842 „ante
857 2802 952 2833 tuam
970 2796 1239 2843 profectionem.
1253 2796 1277 2815 “
1306 2793 1464 2831 Pessime
1482 2794 1598 2827 autem
1618 2791 1664 2835 ii,
1692 2789 1754 2837 qui

221 2851 336 2897 ipsum
355 2850 563 2888 discedendi
582 2858 722 2900 tempus
747 2857 784 2890 et
804 2855 905 2902 quasi
928 2856 1135 2892 momentum
1164 2852 1316 2890 indicari
1336 2849 1407 2888 sibi
1431 2848 1662 2896 persuadent.
1696 2847 1752 2885 Ab
