1910 3138
293 227 376 270 528
428 227 708 270 COMMENT.
727 228 786 269 IN
804 227 930 272 HOR.
948 228 1046 271 LIB.
1066 229 1098 270 1.
1126 229 1290 271 EPIST.
1308 230 1676 272 UNDEVICESIM.
1726 228 1809 274 180

294 342 476 382 ducant.“
524 342 703 380 Similiter
734 344 922 382 contraria
957 343 1076 382 ludus
1111 348 1149 383 et
1188 346 1291 382 seria
1320 345 1401 384 Sat.
1438 348 1478 395 1,
1511 347 1551 396 1,
1577 347 1646 388 27.
1675 343 1734 384 Δ.
1762 344 1807 385 Ρ.

298 412 391 452 226.
420 414 533 460 atque
563 424 696 462 nugae
724 415 763 450 et
790 413 892 450 seria
920 410 1016 454 451.
1042 416 1241 464 ponuntur.
1302 412 1470 465 Apparet
1495 417 1642 463 autem,
1670 416 1809 464 quanta

296 481 432 516 tractet
456 478 607 517 levitate
632 479 798 518 homines
823 480 906 518 illos
931 481 1117 519 deteriore
1135 480 1215 520 luto
1243 481 1375 520 factos.
1420 481 1497 519 Sed
1516 481 1638 520 locum
1660 482 1810 533 planum

295 545 385 583 fecit
411 545 643 585 salebrosum
666 552 705 586 et
723 561 895 599 asperum
924 548 1110 586 dissensio
1138 549 1399 600 interpretum.
1449 549 1522 587 Alii
1545 549 1642 588 enim
1668 549 1811 587 ludum

295 617 450 651 auctore
476 614 688 653 Scholiasta
715 615 855 666 Cruq.‚
895 617 953 654 cui
979 616 1040 654 ille
1069 617 1259 667 „concio“
1296 621 1378 666 est,
1410 629 1481 668 pro
1508 617 1593 655 loco
1620 617 1812 657 recitatio-

294 694 381 719 num
411 681 573 733 habent,
600 683 699 720 unde
726 681 846 721 Poeta
874 683 943 721 sibi
966 686 1081 722 rixam
1109 687 1149 723 et
1175 683 1310 723 bellum
1338 688 1500 735 metuat,
1533 684 1618 733 alii,
1654 688 1696 723 ut
1723 683 1810 722 Bo-

295 749 425 795 thius,
452 751 576 800 jocum
604 751 716 788 istum
745 749 956 801 intelligunt
981 752 1108 790 Eridis
1136 752 1252 800 deae,
1279 766 1353 804 quo
1381 752 1512 791 malum
1538 751 1630 790 illud
1655 752 1694 790 in
1721 765 1812 790 con-

296 816 439 854 cionem
468 817 625 856 deorum
654 818 878 869 conjecerit,
907 819 968 857 alii
994 820 1256 859 altercationes
1279 819 1338 858 vel
1363 819 1466 857 leves
1491 823 1532 858 et
1555 819 1715 859 ludicras
1741 820 1812 858 im-

294 883 498 936 politorum
524 884 714 924 hominum
740 899 908 938 pugnaS,
937 888 1019 938 alii,
1042 891 1084 926 ut
1111 886 1296 926 Lubinus
1306 915 1322 934 ,
1349 886 1626 926 similitudinem
1649 887 1814 926 inferunt

295 951 411 991 hacce
437 955 643 992 sententia:
679 955 765 1005 „uti
787 956 826 993 in
852 956 1022 1007 pugilum
1045 955 1310 1006 congressibus
1344 954 1512 1008 ludus*)
1540 956 1813 995 contentionem

296 1021 439 1072 gignit,
469 1024 660 1061 contentio
686 1044 742 1051 —
771 1046 826 1052 -
854 1046 934 1071 —,
959 1024 1014 1062 ita
1040 1027 1235 1076 poetarum
1262 1023 1451 1061 contentio
1479 1023 1602 1074 gignit
1625 1025 1814 1076 trepidum

295 1090 515 1128 certamen“
543 1093 615 1130 etc.
665 1090 725 1130 De
753 1093 1021 1130 sententiarum
1058 1092 1279 1142 gradatione
1316 1103 1452 1130 novum
1488 1091 1672 1131 somnium
1700 1091 1815 1131 habet

297 1157 521 1195 Daeerius:
561 1158 764 1210 „Horace,
801 1173 870 1210 par
893 1163 992 1199 cette
1020 1160 1240 1209 gradation,
1276 1163 1364 1197 veut
1395 1172 1484 1198 sans
1518 1160 1635 1198 doute
1661 1173 1704 1199 se
1730 1172 1815 1199 mo·

297 1239 392 1276 quer
423 1226 471 1264 de
500 1239 563 1264 ces
589 1227 765 1266 me'chans
793 1227 955 1278 Poetes,
990 1229 1054 1278 qui
1081 1227 1333 1279 employoient
1356 1226 1614 1267 ridiculement
1637 1227 1692 1267 les
1717 1229 1814 1279 fign-

297 1306 359 1332 res
386 1296 482 1333 dont
510 1295 555 1333 ils
581 1309 624 1335 se
651 1295 881 1336 servoient.“
925 1295 1003 1333 Sed
1027 1308 1103 1333 non
1120 1294 1356 1333 incommode
1374 1295 1502 1343 addit,
1531 1294 1674 1334 Poetae
1689 1296 1814 1334 animo

295 1363 420 1401 locum
448 1364 634 1413 quendam
662 1364 873 1416 Epicharmi
910 1363 1145 1402 obversatum
1174 1375 1259 1401 esse
1285 1361 1418 1400 videri.
1481 1361 1517 1400 Is
1550 1362 1687 1413 legitur
1711 1362 1814 1414 apud

297 1431 482 1470 Athenae.
510 1433 551 1482 2,
581 1433 617 1473 1.
644 1446 683 1484 p.
710 1433 777 1473 36.
803 1431 853 1474 D.
889 1430 964 1484 (=
991 1433 1032 1478 2,
1060 1431 1100 1472 3.
1129 1444 1166 1482 p.
1197 1430 1290 1470 137.
1315 1429 1510 1483 Schwgh.)
1544 1429 1590 1471 ἐκ
1624 1427 1696 1483 μὲν
1734 1433 1813 1470 θυ-

299 1499 387 1547 σίας
417 1499 542 1551 θοίνη
575 1521 622 1528 —-
652 1521 707 1527 —
733 1494 803 1539 Ἐκ
825 1497 867 1541 δὲ
889 1499 1036 1552 θοίνης
1060 1494 1179 1548 πόσις
1205 1495 1372 1550 ἐγένετοι
1408 1497 1454 1536 Β.
1486 1495 1657 1552 Χάριεν,
1687 1493 1740 1546 ὥς
1769 1495 1813 1551 γέ

300 1583 368 1620 μοι
402 1569 521 1609 δοκεῖ.
561 1571 613 1608 Α.
650 1562 718 1607 Ἐκ
753 1566 797 1608 δὲ
828 1565 967 1617 πόσιος
998 1570 1150 1619 κῶμος,
1188 1565 1231 1608 ἐκ
1267 1562 1406 1618 κώμου
1435 1561 1470 1606 δ’
1472 1563 1622 1619 ἐγένετο
1659 1565 1813 1606 θυανία

301 1636 489 1687 [συανία].
529 1631 594 1682 Ἐκ
624 1633 667 1676 δὲ
693 1636 869 1684 θυανίας
894 1637 984 1688 δίκη
1013 1630 1168 1690 [γένετ’,
1208 1633 1250 1676 ἐκ
1277 1634 1392 1686 δίκης
1415 1631 1460 1674 δὲ
1486 1632 1709 1687 mutilam]
1743 1628 1813 1674 Ἐκ

301 1702 344 1744 δὲ
371 1705 585 1757 καταδίκης
609 1703 726 1745 πέδαι
753 1719 794 1745 τε
822 1703 891 1745 καὶ
925 1700 1124 1756 σφάκελος
1150 1702 1219 1744 καὶ
1257 1703 1386 1756 ζημία.
1431 1701 1574 1741 Similia
1600 1702 1686 1740 vide
1712 1701 1814 1753 apud

298 1771 485 1822 Hoched.‚
513 1773 731 1823 quibuscum
759 1774 967 1825 comparari
993 1776 1153 1824 possunt
1180 1771 1262 1810 Cic.
1292 1771 1341 1809 de
1368 1770 1453 1816 Fin.
1474 1771 1512 1820 1,
1531 1770 1601 1820 18,
1619 1767 1687 1813 44-
1709 1768 1814 1820 Virg-

300 1839 396 1878 Aen·
427 1842 468 1889 8,
497 1841 582 1881 700
608 1854 692 1891 sqq.
719 1841 806 1879 Juv.
836 1843 874 1891 1,
903 1841 984 1882 165
1012 1862 1068 1869 —-
1097 1840 1189 1881 170.
1230 1817 1387 1891 Singuli
1413 1838 1626 1891 explanavit
1657 1836 1815 1875 schmi-

301 1908 394 1945 dius
403 1906 489 1959 **),
518 1922 628 1959 quem
658 1909 796 1947 confer.

412 2056 453 2103 ³0¹)
471 2056 511 2091 In
527 2061 679 2091 nostram
699 2055 906 2091 sententiam
924 2055 1202 2101 elegantissimus
1218 2054 1339 2090 Duru.-
1355 2053 1453 2098 „Car
1471 2064 1516 2089 on
1535 2064 1731 2090 comente
1746 2064 1814 2100 par

302 2115 366 2149 des
384 2115 487 2159 jeux3
506 2113 648 2148 Bientot
667 2125 709 2147 on
731 2125 769 2147 se
786 2118 856 2147 met
870 2124 912 2148 en
931 2113 1070 2155 colere,
1089 2111 1276 2146 L'inimitie
1290 2111 1388 2145 vient
1400 2111 1536 2146 d'entre
1549 2111 1657 2156 deux,
1677 2110 1728 2145 Et
1741 2105 1812 2145 l'on

303 2184 342 2206 se
354 2175 481 2205 trouve
495 2182 538 2205 en
555 2170 670 2216 pleine
685 2170 850 2215 guerre.“
883 2170 918 2203 J.
937 2169 1087 2204 Merkel:
1105 2169 1219 2217 „Was
1234 2169 1286 2203 als
1298 2168 1397 2213 Spiel
1411 2168 1567 2213 anffingt,
1581 2172 1662 2213 regt
1673 2167 1813 2212 hastige

302 2228 451 2273 Kfimpfe
470 2228 539 2262 und
555 2228 649 2262 Zorn
669 2227 765 2264 auf.“
807 2227 1001 2261 Gutmann:
1019 2225 1144 2270 „Denn
1160 2236 1197 2259 es
1216 2229 1385 2271 erzeuget
1399 2222 1463 2259 dei·
1476 2224 1610 2259 Schera
1625 2223 1692 2259 den
1710 2222 1814 2258 hitzi-

303 2297 371 2330 gen
391 2284 529 2319 Streit“
545 2290 613 2319 etc.
656 2285 767 2328 Signa
785 2282 1028 2329 praetulerunt
1050 2281 1186 2316 Vossius
1208 2288 1244 2316 et
1265 2283 1303 2316 G.
1330 2282 1521 2319 Passom'uc.
1557 2280 1680 2316 Aliena
1706 2278 1815 2315 immi-

304 2342 395 2376 scuit
415 2343 584 2377 scheller.-
617 2341 847 2384 „Zitternden
868 2339 968 2374 Eifer
986 2341 1054 2373 und
1074 2339 1165 2373 Zorn
1184 2344 1265 2383 regt
1285 2339 1347 2372 auf
1370 2338 1426 2372 ein
1449 2337 1678 2375 dichtrisches
1696 2337 1814 2371 wett-

306 2399 433 2444 spiel.“
475 2398 654 2434 Diintzero
679 2399 782 2433 ludus
808 2396 948 2431 videtur
980 2397 1068 2441 „das
1098 2395 1281 2429 Einlassen
1308 2395 1370 2428 auf
1393 2394 1452 2428 die
1476 2394 1630 2430 Sache.“
1677 2392 1814 2440 Dignus

304 2455 515 2501 Doeringius
531 2466 668 2500 quoque
688 2460 761 2498 est,
785 2454 843 2499 qui
867 2465 887 2488 a
907 2454 1007 2487 nobis
1027 2464 1093 2487 non
1113 2452 1197 2486 nihil
1217 2451 1399 2486 discedens
1419 2437 1459 2485 οἶ
1475 2450 1656 2495 eleganter
1672 2450 1717 2485 de
1735 2454 1814 2485 toto

307 2513 382 2547 loco
408 2513 453 2546 ad
473 2523 507 2547 v,
530 2510 586 2549 45.
606 2511 786 2556 disputans
801 2510 858 2545 hic
877 2510 1088 2546 conseratur.

390 2568 450 2612 **)
466 2569 500 2602 Is
516 2569 640 2614 genuit
654 2567 818 2602 aoristice
832 2568 856 2602 i.
871 2579 903 2604 e.
918 2567 1088 2612 „gignere
1103 2564 1218 2599 solet“
1231 2563 1496 2610 interpretatur.
1524 2562 1682 2599 Diximus
1697 2563 1741 2598 de
1754 2561 1815 2598 illa
1873 2602 1878 2608 ,

306 2637 346 2659 re
372 2626 417 2659 ad
432 2628 466 2669 2,
487 2624 544 2660 48.
565 2637 602 2670 p.
619 2626 696 2660 121.
718 2625 797 2659 coll.
818 2623 968 2662 Schmid,
990 2630 1027 2657 et
1048 2621 1158 2657 Orell.
1177 2621 1221 2655 ad
1242 2624 1275 2664 2,
1296 2623 1328 2665 2,
1351 2622 1429 2656 171.
1450 2620 1574 2655 Heinr.
1600 2619 1645 2655 ad
1661 2619 1741 2655 Juv.
1758 2620 1814 2663 10,

307 2684 341 2716 7.
361 2682 484 2716 Loers.
502 2681 545 2716 ad
565 2681 672 2717 Ovid.
690 2681 805 2718 Trist.
831 2681 864 2724 3,
890 2677 925 2723 4,
947 2679 1003 2716 25.
1030 2680 1131 2714 Jahn.
1151 2677 1193 2712 ad
1214 2677 1311 2723 Virg.
1329 2679 1396 2714 Ge.
1420 2680 1451 2722 1,
1473 2678 1555 2715 287.
1591 2676 1644 2711 De
1662 2676 1719 2710 ira
1734 2675 1760 2709 i.
1779 2685 1814 2710 e.

309 2739 428 2772 surore
443 2749 580 2780 eorum,
599 2738 658 2782 qui
672 2738 728 2772 vel
747 2743 903 2783 pugnant
922 2737 976 2770 vel
991 2733 1178 2782 pugnaturi
1194 2739 1291 2779 sunt,
1315 2733 1458 2770 Mitsch.
1479 2734 1524 2769 ad
1545 2733 1614 2768 Od.
1629 2728 1663 2777 4,
1682 2730 1736 2776 15,
1756 2730 1811 2766 19.

308 2794 459 2828 Broukh.
480 2801 518 2829 et
535 2794 691 2829 Huschk.
712 2793 755 2828 ad
776 2794 861 2840 Tib.
883 2796 916 2836 1,
933 2792 968 2837 3,
987 2790 1046 2828 47.

936 2942 1166 2949 ————-—-—

1899 2584 1910 2702 iifl—.-.n
1902 2527 1910 2562 ..ΔΔ
1903 2451 1910 2508 .,..-
1907 2403 1910 2421 -

1907 2976 1910 2981 ,
1904 2920 1910 2966 ...ι-
1899 2840 1910 2911 422·-
