2034 3224
366 246 423 287 60
508 243 887 284 COMMENTARH
915 242 971 281 1N
1000 241 1226 284 HORATH
1250 243 1353 285 LIB.
1386 245 1416 286 1.
1454 245 1623 293 EPIST.
1651 245 1773 288 ΒΕΘ.
1860 249 1918 292 6⁰

363 371 536 423 plausus
569 376 609 407 et
634 372 758 408 amici
782 369 887 406 dona
917 367 1084 418 Quini-itm
1114 369 1156 417 6,
1186 371 1226 410 7.
1265 371 1477 422 significata
1513 373 1604 421 sint.
1661 372 1726 416 Sic
1760 373 1917 424 quidem

368 440 465 479 Plin.
491 439 617 492 Epist.
643 440 686 487 7,
717 438 758 487 3,
789 438 828 478 2.
897 435 1006 486 Quin
1035 449 1128 488 ergo
1165 436 1387 490 aliquando
1419 441 1462 478 in
1497 438 1636 478 urbem
1670 440 1807 489 redis„
1835 439 1919 480 vubi

368 512 566 563 dignitas,
588 507 732 554 honor,
758 504 964 542 amicitiae
978 511 1065 555 tam
1091 506 1310 557 superiores
1338 522 1463 560 quam
1488 522 1670 548 mmom.
1708 509 1766 541 —-‘
1792 507 1846 552 V.
1875 511 1916 552 9.

373 581 486 631 Quae
513 591 582 616 vos
612 575 670 613 ad
694 573 847 611 coelum
867 573 1008 624 firtis.
1050 572 1232 613 Similiter
1258 575 1319 625 ad
1344 576 1618 627 astrajollere
1633 605 1647 622 ,
1683 577 1847 626 eduam
1872 579 1918 617 in

364 655 478 687 astra
506 647 588 684 Sat.
619 646 659 692 2,
688 643 733 691 7,
763 642 830 683 28.
863 641 942 679 Od.
969 638 1012 688 4,
1043 643 1084 692 2,
1115 642 1184 686 23.
1232 641 1328 682 Stll.
1365 644 1452 695 Cat.
1489 645 1568 696 53,
1618 647 1656 687 1.
1718 645 1851 699 (Cort-
1870 651 1918 689 ,ot

364 715 531 767 Herzg.)
558 714 743 751 virtutem
767 710 896 747 animi
923 709 983 748 ad
1008 709 1162 758 coelum
1177 711 1339 763 sonant.
1369 711 1458 766 Jug.
1487 711 1558 764 53,
1585 715 1626 756 8.
1655 728 1731 754 sua
1750 715 1918 767 quisque

357 785 492 838 sortia
509 782 634 834 saeta
661 778 721 816 ad
736 777 891 816 eoelum
906 777 1011 830 sert.
1057 777 1161 818 Dict.
1191 779 1298 819 Cret.
1313 779 1356 830 4,
1378 781 1421 829 8.
1459 780 1704 830 AJ'acem—
1723 780 1917 822 laudibus

363 851 562 892 celebrant
588 854 710 900 atque
736 846 797 884 ad
827 846 981 885 coelum
999 846 1156 898 firunt.
1188 848 1301 888 Cons.
1338 847 1487 888 Deder.
1513 849 1604 900 ibid.
1632 853 1676 902 2,
1705 849 1787 897 49.·
1806 850 1914 890 Cort.

363 923 412 960 ad
435 919 531 957 Plin.
556 916 683 968 Epist.
713 912 756 965 4,
783 916 854 966 27,
884 917 923 958 2.
966 914 1086 954 Drak.
1116 915 1167 953 ad
1194 914 1281 954 Liv.
1318 915 1360 967 9,
1392 917 1461 968 10,
1487 917 1552 962 5..
1569 917 1759 967 Silnffissssl’.
1774 918 1916 958 Graeci

362 986 466 1043 πρὸς
488 982 602 1037 ὕψος
630 983 774 1037 αἴρειν.
827 984 957 1023 Herm.
999 984 1048 1021 ad
1088 982 1246 1026 Lucian.
1305 985 1507 1030 Quomodo
1550 986 1662 1035 hist.
1656 990 1753 1034 etc..
1772 1000 1830 1038 Ρς.
1838 986 1912 1033 ,48-

357 1079 417 1087 --
441 1050 814 1104 rumoressecundo,
839 1065 940 1103 non,
971 1055 1014 1090 ut
1045 1050 1275 1103 Lambinus
1305 1053 1599 1105 interpretatur,
1642 1054 1915 1108 „8me

358 1123 547 1177 populo“‚
577 1122 647 1171 eqd
666 1120 769 1158 laeto
787 1119 920 1172 populi
937 1131 1099 1168 assensu
1113 1120 1180 1159 (vel
1201 1119 1380 1171 clamore,
1407 1122 1501 1160 alias
1521 1122 1636 1174 paulo
1657 1122 1769 1174 alites
1788 1122 1912 1166 alim.

358 1191 566 1233 Fenestell.
591 1203 654 1242 ap.
682 1190 787 1229 Non.
818 1186 860 1237 4,
890 1186 987 1228 403.
1029 1189 1132 1226 Mox
1157 1188 1313 1240 auferte
1338 1188 1475 1227 domos
1493 1189 1641 1241 populi
1665 1204 1913 1237 rumoresq-

359 1261 503 1301 czmdo.
533 1260 650 1298 Suev.
682 1270 746 1309 ap.
785 1255 957 1295 Macrob.
984 1257 1068 1296 Sat.
1107 1256 1181 1308 6,
1196 1258 1236 1298 1.
1286 1256 1478 1295 Redeunt
1504 1257 1760 1311 νςῖεηιῃιφιο
1783 1261 1912 1310 ρσιὶμ

358 1340 515 1368 rumore
540 1325 726 1372 secundo,
765 1323 803 1363 Γ
804 1337 863 1363 ac
902 1324 1003 1363 Ann.
1033 1325 1076 1376 3,
1104 1326 1194 1371 29.
1237 1325 1369 1377 thue
1404 1325 1506 1366 haec
1524 1324 1713 1373 secundo
1738 1339 1912 1378 rumore,

357 1400 418 1436 ita
448 1396 628 1435 adversis
655 1393 804 1431 animis
829 1399 1078 1444 acceptum.
1107 1391 1193 1432 Alia
1234 1394 1483 1445 suppeditant
1526 1394 1667 1446 Wagn.
1692 1395 1764 1438 ad
1804 1393 1910 1447 virg.

357 1465 455 1505 Aen.
484 1467 526 1515 8,
556 1464 624 1504 90.
653 1462 811 1512 Forbig.
838 1461 887 1499 ad
914 1455 958 1510 4,
986 1459 1054 1502 45.
1084 1459 1126 1510 5,
1156 1459 1252 1502 491.
1311 1461 1490 1501 Wernsd.
1520 1462 1570 1500 ad
1607 1462 1654 1504 P.
1671 1461 1728 1506 L.
1756 1461 1813 1503 Μ.
1841 1462 1912 1514 IV,

357 1551 396 1588 p.
427 1533 526 1575 313.
555 1531 700 1572 Ochsn.
734 1530 784 1568 ad
816 1529 928 1567 Ovid.
956 1528 1053 1567 Met.
1095 1529 1137 1579 8,
1179 1527 1280 1571 420.
1322 1544 1363 1582 Ρ.
1395 1528 1491 1574 544.
1528 1531 1589 1573 ed.
1629 1531 1678 1579 B.
1708 1532 1915 1579 &aad

359 1605 440 1646 Cic.
470 1605 519 1641 de
543 1599 671 1638 Divin.
701 1600 741 1648 1,
771 1597 840 1648 16,
871 1597 939 1639 29.
978 1595 1148 1639 Hildebr.
1172 1598 1224 1635 ad
1245 1597 1358 1649 Apul.
1388 1597 1485 1639 Met.
1511 1598 1578 1651 IX,
1608 1612 1649 1651 p,
1678 1601 1776 1643 812.
1823 1640 1825 1642 ,

468 1670 515 1712 V,
545 1668 611 1711 10.
643 1668 710 1710 11,
747 1666 878 1717 thue
899 1665 1116 1702 sacerdotis
1130 1665 1342 1717 fugitivus
1361 1688 1411 1694 —
1429 1666 1644 1718 plac-enak.
1681 1667 1907 1720 Porphyrii),

356 1752 519 1793 quocum
544 1735 791 1776 consentiunt
818 1732 918 1771 Acro
949 1738 988 1772 et
1017 1733 1145 1772 Schol.
1182 1734 1327 1785 Cruq.:·
1374 1737 1486 1787 „sic‚
1526 1737 1671 1788 inquit,
1714 1736 1909 1789 fastidium

355 1823 416 1850 me
442 1807 618 1847 assiduae
640 1803 744 1843 urbis
771 1805 880 1841 tenet
906 1805 946 1840 et
974 1815 1039 1839 rus
1068 1814 1180 1852 amo,
1218 1805 1557 1855 quemadmodum
1568 1804 1758 1857 fugitivus
1775 1815 1906 1855 W

355 1879 479 1926 dotis,
506 1875 570 1926 qui
595 1873 671 1911 liba
699 1873 748 1912 sit
781 1871 895 1908 edere
922 1873 1150 1921 consuetus,
1184 1884 1300 1921 quum
1335 1872 1435 1924 fugit
1471 1874 1626 1914 fastidio
1651 1873 1769 1925 longo
1809 1871 1906 1921 liba-

354 1947 497 1986 minum
509 1971 521 1994 ‚
551 1945 701 1981 tantum
725 1951 865 1992 panem
896 1937 1091 1977 desiderat
1119 1943 1159 1977 et
1187 1940 1337 1978 laudat:
1373 1941 1428 1978 ita
1464 1945 1505 1980 et
1533 1953 1607 1992 ego
1641 1955 1730 1992 rus,
1773 1940 1906 1980 civita-

354 2020 433 2054 tem
463 2011 675 2062 negligens.
677 2009 707 2033 “
763 2007 885 2047 Recte
913 2006 1170 2057 „fugitivum“
1195 2020 1273 2045 non
1301 2008 1522 2061 simpliciter
1548 2022 1698 2052 servum
1726 2009 1785 2050 vel
1819 2021 1905 2052 set-

354 2095 442 2120 vum
469 2092 633 2130 nequam
658 2076 725 2129 (cf.
751 2075 892 2116 Heind·
920 2075 970 2112 ad
997 2074 1081 2113 Sat·
1113 2077 1153 2124 2,
1183 2077 1225 2124 7,
1257 2075 1357 2127 113)
1385 2077 1621 2128 intelligunt,
1648 2089 1724 2129 qua
1749 2077 1905 2129 quidem

354 2150 605 2201 explicatione
626 2145 767 2198 (meam
791 2145 891 2182 enim
915 2147 1073 2181 auctore
1090 2136 1285 2195 Rappolto
1311 2145 1401 2183 olim
1421 2149 1608 2186 tentatam
1625 2158 1726 2184 nunc
1743 2155 1904 2196 prorsus

354 2216 532 2269 repudio)
561 2213 783 2254 luculentior
807 2212 886 2264 joci
911 2211 956 2249 fit
978 2211 1178 2250 festivitas.
1236 2213 1468 2251 Sacerdotes
1506 2218 1632 2252 autem
1677 2215 1755 2252 suis
1782 2212 1903 2258 ser-vis

354 2282 623 2334 nonnunquam
649 2281 727 2320 liba
751 2293 776 2319 a
802 2279 1101 2318 sacrificantibus
1131 2280 1259 2318 oblata
1291 2295 1361 2332 pro
1393 2294 1494 2332 pane
1530 2282 1685 2321 dedisse
1716 2280 1902 2319 videntur.

354 2354 488 2391 Utrum
513 2351 698 2391 Horatius
726 2349 926 2387 historiam
949 2349 1139 2399 quandam
1163 2349 1221 2386 sui
1245 2350 1450 2401 temporis,
1488 2350 1544 2388 uti
1572 2349 1750 2400 opinatur
1786 2346 1903 2385 Wie-

355 2420 535 2465 landius,
560 2433 609 2457 an
635 2418 790 2456 mimum
816 2417 1004 2468 quendam
1029 2415 1134 2468 (coll.
1166 2416 1236 2467 13,
1257 2415 1324 2457 14.
1352 2421 1391 2455 et
1414 2418 1551 2456 Senec.
1576 2416 1700 2468 Epist.
1720 2414 1821 2466 114,
1842 2414 1903 2469 67)

355 2487 598 2537 significan‘t,
626 2487 683 2525 uti
708 2485 780 2524 sibi
806 2487 1014 2537 persuadet
1036 2483 1280 2534 Dis‘ntzerus,
1309 2486 1394 2535 quis
1423 2489 1499 2534 est,
1529 2485 1594 2535 qui
1610 2497 1683 2536 pro
1704 2484 1901 2538 explorato

355 2554 511 2592 habeat!
546 2553 699 2603 „Liba“
733 2556 884 2603 autem,
924 2557 966 2593 ut
993 2553 1046 2593 ait
1067 2553 1221 2591 Servius
1250 2555 1300 2592 ad
1323 2553 1431 2605 Virg.
1462 2552 1558 2591 Aen.
1585 2553 1628 2602 7,
1653 2553 1747 2594 109.
1769 2551 1901 2604 (quor

357 2634 441 2659 cum
466 2622 566 2661 conf.
595 2620 680 2659 Cat.
711 2622 759 2662 R.
789 2621 840 2660 R.
871 2620 958 2673 75),
984 2626 1105 2673 „sunt
1128 2621 1328 2673 placentae
1355 2622 1404 2660 de
1434 2622 1560 2672 farre,
1597 2620 1707 2659 melle
1740 2625 1786 2659 -et
1808 2619 1899 2658 oleo

355 2689 474 2727 sacris
502 2691 613 2737 aptae
626 2688 665 2733 3⁶⁶
695 2689 781 2726 hinc
809 2689 986 2727 mellitae
1007 2690 1232 2740 placentae.
1261 2688 1322 2728 De
1349 2690 1452 2727 vario
1482 2690 1641 2728 liborum
1666 2703 1740 2737 usu
1763 2686 1899 2745 dispu—

352 2759 437 2796 tant
464 2754 603 2792 Heind.
635 2754 683 2790 ad
711 2755 791 2793 Sat.
821 2760 861 2807 2,
891 2760 933 2807 7,
965 2759 1059 2802 102.
1086 2758 1255 2798 Broukh.
1282 2759 1332 2797 ad
1361 2758 1451 2800 Tib.
1475 2760 1515 2808 1,
1545 2759 1587 2808 8,
1615 2755 1688 2810 54.
1713 2758 1755 2806 2,
1784 2757 1826 2804 2,
1857 2754 1897 2796 8-

354 2825 456 2874 Rup.
483 2826 523 2860 et
546 2821 679 2861 Heinr·
706 2823 755 2859 ad
782 2824 866 2865 Juv.
895 2827 936 2877 3,
966 2829 1061 2869 186.
1091 2826 1250 2876 Forbig.
1279 2828 1329 2865 ad
1357 2827 1466 2878 Virg.
1490 2825 1575 2867 Ecl.
1599 2825 1640 2874 7,
1669 2821 1898 2874 33.,3ἱυο1ῑ.

355 2891 487 2941 Antiq-
516 2890 674 2927 Conviv·
706 2892 746 2939 2,
774 2892 843 2931 37.
869 2906 908 2943 p.
930 2893 1027 2936 433.
1059 2895 1178 2934 Beck.
1204 2893 1302 2934 Gau.
1327 2892 1374 2935 11.
1402 2908 1443 2947 ρ.
1463 2894 1530 2937 σο.
1555 2891 1734 2930 ceterum
1759 2889 1894 2929 verba:

359 2959 476 2996 Pane
518 2971 610 3010 egeo
639 2961 712 2996 etc.
743 2959 860 2997 verba
898 2967 983 3001 es'se
1015 2962 1192 3014 Horatii,
1232 2975 1309 3002 non
1347 2963 1520 3015 fugitivi,
1556 2972 1718 3012 quocum
1746 2958 1809 2998 ille
1837 2971 1896 3007 se,
