1910 3138
298 221 381 264 350

370 338 542 384 Coecus
569 337 650 379 iter
672 334 914 377 monstrare
943 334 1072 392 velit3

367 418 426 462 Et
456 430 559 475 nos,
592 412 705 471 quod
732 425 856 457 cures
886 414 1104 472 proprium
1133 411 1314 472 fecisse,
1341 413 1584 470 loquamur.
1646 412 1648 414 ’

872 216 1256 257 HORATII
1809 218 1833 258 2

1100 335 1246 378 tamen
1273 333 1444 392 aspice,
1474 335 1511 377 si
1542 333 1640 391 quid

1796 410 1834 458 ci

366 497 416 542 Si
448 498 490 538 te
521 495 653 554 grata
685 494 804 550 quies
835 494 879 536 et
905 494 1084 552 primam
1114 506 1288 537 somnus
1316 493 1359 536 in
1385 491 1536 538 horam

365 575 592 632 Delectat,
623 575 660 616 si
687 574 732 616 te
754 572 894 632 pulvis
925 574 1215 631 strepitusque
1243 574 1451 632 rotarum,

366 654 416 701 Si
444 653 579 698 laedit
605 666 827 712 caupona,
858 651 1136 696 Ferentinum
1165 653 1229 696 ire
1251 651 1434 710 jubeb03

364 735 480 779 Nam
506 746 645 791 neque
676 732 872 776 divitibus
904 732 1157 792 contingunt
1180 732 1343 793 gaudia
1372 732 1492 791 solis,

365 815 460 858 Nec
489 813 596 856 vixit
624 813 761 872 male,
794 815 864 871 qui
893 814 1019 855 natus
1054 812 1324 870 moriensque
1352 809 1532 855 fefellit!

1781 811 1839 853 10

350 893 417 941 -Si
446 892 656 953 prodesse
684 892 769 935 tuis
799 892 1016 951 pauloque
1045 891 1284 951 benignius,
1302 893 1445 952 ipsum

367 974 437 1017 're
466 976 656 1017 tractare
680 971 828 1030 voles,
861 971 1044 1016 accedes
1074 972 1234 1016 siccum
1262 970 1319 1015 ad
1348 972 1539 1016 unctum.

297 1110 323 1142 s.
363 1108 545 1143 amiculus.
592 1104 640 1142 Ut
665 1107 696 1141 si
718 1127 774 1132 --
798 1107 896 1141 velit.-
925 1113 1045 1142 tamen

298 1166 323 1200 i.
346 1177 378 1198 e.
394 1165 433 1208 si,
456 1164 614 1210 quamvis
632 1164 720 1197 velit
739 1169 886 1198 moustr.
903 1163 985 1207 iter,
1006 1170 1046 1198 ut

297 1234 431 1256 coccus,
457 1222 528 1255 Ed.
548 1220 728 1255 Gottschl.
746 1220 906 1255 Praeivit
921 1221 1045 1266 Cruq.,

298 1279 358 1324 qui
391 1283 431 1312 ut
461 1278 491 1312 si
516 1278 673 1324 explicat
710 1278 779 1311 etsi
809 1277 867 1311 vel
894 1276 1043 1312 etiamsi.

300 1335 490 1369 amiculus!
525 1338 571 1370 At
584 1336 646 1376 sit3
669 1333 720 1368 sic
736 1334 792 1369 ed.
806 1333 972 1369 Praedic.
989 1353 1046 1359 ——

299 1393 344 1426 V.
361 1389 398 1426 4.
418 1393 511 1436 quod
527 1393 568 1427 si.
590 1392 660 1426 Ms.
682 1392 747 1425 Fe.
768 1391 803 1435 3,
825 1403 856 1427 a.
873 1410 930 1417 --
946 1392 991 1425 V.
1008 1390 1042 1425 5.

300 1461 384 1494 quos
412 1460 525 1483 cures.
559 1450 696 1483 Bersm.
727 1459 787 1492 un.
815 1461 915 1484 cures
938 1449 1043 1493 quod.

301 1505 426 1540 Oberl.
442 1505 486 1539 D.
506 1505 537 1539 si
549 1518 658 1540 cures.
699 1505 753 1539 lk.
770 1503 806 1539 4.

356 1563 400 1595 V.
429 1563 462 1597 6.
491 1563 607 1608 prima
630 1573 742 1596 somn.
771 1562 808 1595 in
831 1563 933 1596 hora.
973 1561 1044 1596 Ms.

300 1618 401 1664 Lips.
421 1621 454 1653 1.
474 1619 510 1653 in
523 1620 678 1654 herbam.
703 1618 804 1656 Mon.
819 1631 855 1664 g.
871 1639 927 1644 —
949 1619 994 1655 V.
1011 1619 1047 1654 7.

300 1675 467 1710 Delectet.
496 1676 584 1710 Mss.
605 1676 671 1711 Fe.
691 1674 732 1719 5,
755 1688 789 1713 a.
809 1676 835 1709 f.
871 1675 990 1710 Guelf.
1013 1677 1047 1710 2.

300 1732 393 1766 Edd.
410 1733 493 1766 Bas.
514 1732 594 1768 527.
615 1732 779 1778 Gymnic.
800 1731 883 1767 541.
910 1732 1049 1767 Biedm.

299 1789 379 1823 599.
419 1788 465 1822 Τ.
482 1790 572 1823 Fab.
599 1790 688 1823 Dae.
715 1790 885 1824 Juncker.
906 1810 956 1815 —-
982 1802 1047 1835 po-

297 1846 403 1891 pulus
417 1846 614 1889 strepitum.
654 1846 724 1880 Ms.
740 1847 837 1882 Mon.
853 1847 877 1881 l.

358 1902 401 1936 V.
413 1902 446 1935 8.
467 1902 508 1934 Si
521 1903 639 1936 laedit.
661 1902 752 1936 mss.
772 1907 812 1937 ut
825 1903 901 1940 vid.
919 1902 1047 1949 pleriq.

300 1970 357 2003 ap.
374 1958 497 1992 Lamb.
513 1969 557 1991 un
575 1969 632 2003 ap.
649 1959 786 1993 Bersm.
801 1959 927 1994 Comb.
946 1961 985 1994 Β.
1003 1961 1045 1994 C.

301 2016 346 2049 F.
385 2014 451 2048 Fe.
476 2016 507 2057 1,
532 2014 567 2048 5.
604 2014 659 2049 lk.
677 2017 710 2049 1.
740 2015 773 2050 5.
800 2017 836 2050 6.
873 2017 969 2050 poa.
991 2018 1046 2051 18.

303 2072 358 2106 19.
394 2083 414 2105 e
433 2071 565 2106 nostris
594 2072 664 2105 Gu.
685 2071 721 2106 3.
747 2073 859 2108 Dorv.
881 2075 914 2107 1.
947 2072 1046 2107 Mon.

302 2131 339 2163 b.
364 2128 423 2172 [de
437 2139 500 2162 ms.
515 2128 529 2161 ἰ
545 2140 613 2162 ιιοιι
629 2128 755 2173 liquet]
775 2129 834 2162 Ed
853 2129 965 2173 princ.
987 2141 1046 2174 ap.

301 2187 369 2220 Fe.
390 2184 471 2219 Ald.
493 2184 573 2220 501.
596 2186 652 2219 19.
677 2185 775 2219 Junt.
794 2183 876 2219 514.
898 2186 953 2220 19.
982 2186 1050 2219 Ar-

302 2248 400 2288 geut.
429 2241 509 2277 515.
548 2242 630 2276 Bas.
662 2241 743 2278 527.
777 2242 941 2277 Britann.
969 2241 1049 2278 520.

302 2298 465 2343 Gymnic.
498 2295 580 2334 541.
618 2299 719 2334 Glar.
757 2299 880 2334 Lamb.
917 2299 1050 2333 Muret.

304 2356 387 2401 xyl.
408 2356 520 2390 Pulm.
549 2357 596 2390 H.
622 2356 750 2401 steph.
772 2357 884 2393 Fabr.
914 2356 1047 2390 Piscat.

305 2413 436 2451 Biedm,
473 2413 609 2448 Bersm.
651 2413 758 2447 Torr.
795 2413 964 2458 Rutgers.
1003 2413 1046 2447 D.

301 2469 428 2504 Heius.
450 2468 568 2504 Burm.
591 2469 718 2504 Oberl.
741 2471 865 2505 Comb.
895 2469 960 2504 Fe.
993 2471 1050 2513 (et

302 2538 390 2571 quos
412 2526 551 2570 laudat)
578 2526 682 2561 Jahn.
711 2526 868 2562 Schmid.
885 2527 1047 2562 Hoched.

304 2583 416 2617 Orell.
438 2587 477 2617 et
498 2583 541 2618 al.
562 2584 731 2629 complur.
763 2591 836 2618 turn
864 2589 956 2618 vett.
976 2588 1049 2618 tum

302 2640 495 2674 recentior.
522 2640 563 2673 Si
574 2641 700 2675 laedet.
719 2640 808 2676 Mss.
825 2640 909 2686 aliq.
926 2641 1050 2676 Lamb.

303 2697 416 2731 Pulm.
429 2708 520 2732 omn.
537 2697 648 2743 Cruq.
663 2699 697 2741 1,
711 2697 794 2741 duo,
808 2697 943 2732 Bersm.
958 2703 1048 2743 tres,

305 2753 414 2787 Torr.
441 2765 530 2787 omn.
555 2753 680 2787 Oberl.
707 2755 750 2788 C.
778 2754 822 2789 D.
851 2755 975 2790 Comb.
1002 2755 1048 2789 D.

306 2809 351 2840 G.
372 2810 442 2843 Alt.
472 2821 530 2855 ap.
563 2809 711 2846 Haberf.
741 2809 830 2846 Bad.
858 2813 890 2846 1.
924 2812 989 2846 Fe.
1012 2816 1050 2846 et

305 2864 402 2897 Pott.
436 2865 577 2909 plurim.
624 2867 678 2901 lk.
712 2864 747 2901 4.
787 2868 890 2903 Orell
925 2867 1046 2903 bSEc.

304 2919 423 2952 Guels.
451 2924 482 2955 1.
505 2925 538 2958 2.
554 2919 590 2957 4.
614 2923 733 2958 Berol.
756 2926 791 2960 1.
814 2926 848 2960 2.
883 2925 988 2963 Dess,
1012 2927 1044 2960 1.

1092 1108 1126 1142 2.
1147 1107 1182 1141 3.
1220 1107 1330 1142 Goth.
1359 1109 1465 1143 Gott.
1487 1110 1521 1143 1.
1546 1109 1580 1144 2.
1613 1107 1712 1155 Lips.
1734 1110 1767 1143 1.
1796 1110 1831 1145 2.

1092 1164 1126 1198 3.
1159 1163 1258 1198 Mon.
1289 1175 1321 1198 a.
1349 1178 1379 1199 c.
1409 1165 1445 1200 d.
1469 1165 1497 1199 f.
1530 1177 1566 1210 g.
1592 1177 1638 1204 m.
1671 1165 1836 1200 Rudolst.

1092 1220 1203 1254 DorV.
1227 1222 1260 1255 2.
1282 1226 1319 1255 et
1339 1220 1418 1258 cod.
1451 1221 1599 1259 Mentel.
1630 1222 1700 1257 Ed.
1720 1222 1835 1270 princ.

1092 1289 1150 1322 ap.
1173 1277 1295 1312 Comb.
1321 1275 1510 1313 Ven.479.
1539 1276 1663 1328 [7722]
1691 1281 1749 1315 81.
1775 1279 1836 1316 83.

1091 1334 1149 1369 92.
1178 1332 1289 1368 Loch.
1313 1332 1396 1370 498.
1428 1335 1531 1381 Lips.
1557 1335 1640 1372 492.
1668 1336 1727 1372 98.
1753 1335 1836 1372 502.

1090 1390 1196 1436 reliq.
1225 1393 1308 1427 Asc.
1337 1391 1418 1427 519.
1451 1392 1562 1439 Cruq.
1584 1392 1691 1428 Talb.
1717 1393 1835 1428 Bentl.

1093 1448 1184 1482 Cun.
1214 1449 1350 1483 Sandb.
1378 1448 1478 1483 Pott.
1512 1450 1555 1485 Sa·
1577 1450 1712 1485 laedat.
1746 1449 1837 1484 Mes.

1093 1505 1204 1550 Cruq.
1222 1517 1312 1541 omn.
1328 1509 1474 1552 praeter
1486 1506 1587 1542 duos.
1604 1506 1740 1544 Bersm.
1754 1507 1836 1553 duo.

1093 1561 1159 1596 Fe.
1177 1563 1210 1607 1,
1230 1562 1267 1597 k.
1284 1574 1316 1598 z.
1336 1563 1434 1598 Pott.
1456 1563 1514 1604 13.
1536 1562 1636 1601 Mon.
1651 1575 1685 1599 e.
1703 1563 1752 1599 At
1765 1563 1839 1598 Fu-

1092 1625 1209 1654 turum
1226 1632 1324 1654 mera
1337 1619 1564 1657 librariorum
1584 1621 1762 1657 correctio
1787 1620 1839 1656 vi-
1904 1625 1907 1629 ’

1094 1677 1200 1711 detur
1218 1681 1257 1711 ut
1278 1679 1333 1722 10,
1355 1674 1420 1718 4ος
1440 1678 1485 1713 de
1505 1677 1608 1714 simili
1630 1678 1840 1716 Praesentis

1094 1733 1205 1767 indic.
1236 1745 1313 1768 cum
1345 1734 1430 1767 Fut.
1463 1734 1720 1781 compositione
1752 1735 1839 1770 vide

1093 1791 1254 1837 exempla
1281 1803 1303 1825 a
1331 1790 1510 1826 Schmidio
1539 1792 1667 1836 allata,
1710 1792 1838 1839 quibus

1094 1847 1186 1882 adde
1216 1848 1287 1882 od.
1308 1850 1350 1889 1,
1372 1849 1412 1891 1,
1432 1847 1491 1883 35.
1520 1850 1559 1893 2,
1586 1850 1628 1893 6,
1651 1849 1687 1884 9.
1714 1846 1759 1892 4,
1781 1851 1838 1892 12,

1094 1903 1150 1940 15.
1178 1904 1222 1940 A.
1243 1905 1287 1940 P.
1307 1903 1352 1939 48
1373 1923 1420 1932 «-
1437 1905 1497 1941 51.
1526 1906 1608 1940 coll.
1630 1906 1787 1950 „Archiv
1808 1905 1837 1940 f.

1092 1961 1222 1996 Philol.
1233 1973 1267 1995 u.
1276 1961 1462 2006 Paedng.“
1476 1962 1580 1999 1832.
1591 1973 1628 2008 p.
1637 1960 1720 1998 465.
1730 1963 1837 1998 Hess.

1093 2018 1137 2052 ad
1150 2018 1271 2053 Tacit.
1291 2018 1384 2054 Dial.
1398 2030 1435 2063 p.
1451 2018 1532 2055 185.
1553 2038 1599 2045 -—
1629 2019 1836 2055 Tarentum.

1093 2075 1237 2110 Ms.1k.
1249 2074 1284 2110 5.
1306 2075 1427 2109 Guelf.
1445 2078 1479 2111 1.
1491 2087 1513 2110 a
1528 2078 1562 2111 1.
1576 2087 1622 2111 m·
1640 2094 1688 2102 --
1705 2075 1837 2110 vualo.

1093 2131 1165 2165 Ms.
1192 2131 1336 2165 Corbei.
1356 2132 1454 2166 Mon.
1474 2145 1508 2167 e.

1151 2187 1195 2220 V.
1214 2189 1270 2222 10.
1291 2188 1364 2222 Nec
1381 2189 1474 2223 male
1491 2188 1587 2223 vixit.
1624 2188 1696 2223 Mn.
1715 2186 1782 2222 Fe.
1802 2188 1836 2232 2,

1094 2244 1129 2277 h.
1168 2243 1243 2278 Nee
1258 2245 1363 2278 vexit.
1387 2244 1486 2280 -Mss.
1509 2256 1567 2291 up.
1589 2244 1692 2279 Cort.
1707 2245 1752 2278 ad
1767 2242 1837 2278 Lu-

1094 2311 1170 2334 can.
1185 2301 1219 2342 8,
1238 2297 1320 2335 479.
1349 2299 1449 2346 Lips.
1464 2301 1500 2336 3.
1515 2313 1536 2335 ιι
1552 2303 1586 2336 1.
1605 2313 1652 2336 ιι.
1682 2300 1839 2345 ΝοοῙαο-

1093 2356 1135 2391 sit
1155 2356 1225 2392 Ms.
1245 2357 1312 2392 Fe.
1333 2357 1367 2399 7,
1389 2357 1424 2391 b.
1444 2377 1494 2384 -
1514 2369 1615 2402 quom
1632 2363 1750 2392 nnus.
1769 2356 1837 2391 ne-

1094 2412 1160 2447 rol.
1178 2414 1211 2448 2.
1237 2432 1294 2440 —
1327 2413 1371 2450 V.
1397 2415 1453 2448 11.
1479 2410 1733 2460 prodem‘ffii.
1766 2414 1838 2450 Ma.

1095 2469 1245 2505 Dorvill.
1261 2472 1295 2507 2.
1314 2488 1368 2496 —-
1387 2472 1585 2516 populoque
1596 2471 1742 2518 benign.
1764 2471 1837 2506 Mn.

1096 2526 1162 2561 Fe.
1175 2529 1207 2570 1,
1223 2533 1250 2566 t,
1265 2527 1454 2572 pannoque
1467 2528 1666 2575 benignior.
1681 2527 1751 2563 Ed.
1766 2528 1838 2562 Cn·

1095 2584 1191 2628 ning.
1218 2603 1267 2610 —
1293 2584 1337 2618 V.
1355 2586 1412 2619 12.
1433 2585 1528 2620 velis.
1558 2585 1626 2620 Ms.
1657 2585 1770 2619 Dorv.
1799 2585 1834 2618 1.

1094 2641 1196 2675 volet.
1219 2641 1324 2675 Gott.
1343 2642 1376 2676 2.
1398 2642 1505 2676 vales.
1526 2641 1625 2677 Mon.
1647 2642 1670 2676 l.
1698 2659 1747 2668 -
1774 2651 1837 2674 ασ-

1094 2697 1196 2732 cedis.
1223 2697 1290 2731 Fe.
1309 2696 1351 2741 5,
1377 2710 1408 2731 a.
1429 2710 1450 2732 a
1470 2700 1503 2734 2.
1522 2710 1566 2733 ιιι.
1590 2698 1745 2732 accedun.
1769 2695 1836 2729 Fe·

1094 2757 1128 2797 6,
1149 2766 1182 2788 c.
1201 2759 1239 2788 et
1259 2759 1416 2789 notatum
1433 2755 1470 2789 in
1488 2766 1550 2790 ora
1574 2754 1632 2789 ed.
1653 2752 1735 2788 Ald.
1752 2750 1834 2786 509.

1093 2812 1129 2846 ἰιι
1158 2810 1245 2847 bibl.
1266 2810 1454 2846 Barberin.
1476 2813 1580 2847 Gott.
1606 2810 1640 2844 1.
1663 2827 1712 2835 -
1732 2807 1836 2843 intun-

1093 2874 1197 2902 ctum.
1219 2867 1287 2903 Ms.
1308 2868 1417 2914 Cruq.
1437 2869 1470 2910 1,
1486 2878 1518 2901 a.
1539 2865 1646 2901 Τοιτ.
1666 2863 1759 2898 liber
1773 2875 1836 2899 ve-

1091 2924 1277 2959 tustissim.
1299 2923 1372 2962 Ed.
1384 2923 1532 2967 Cuning.
1549 2922 1597 2955 ad
1610 2921 1743 2956 undam
1757 2931 1834 2955 curn
