1910 3138
302 198 387 243 444
435 199 714 241 COMMENT.
737 199 794 239 IN
813 200 939 239 HOR.
964 198 1063 238 LlB.
1083 201 1113 242 1.
1142 201 1307 240 EPIST.
1324 200 1733 241 DUODEVICESIM.
1781 204 1836 245 96

297 317 384 366 (12,
413 312 499 366 26.)
531 313 791 364 expeditiones
819 326 911 351 usus
939 325 1026 350 esse
1063 314 1224 352 videtur.
1272 313 1477 366 Perperam
1505 314 1724 367 Ascensius·
1751 314 1836 353 alii-

298 397 371 435 que
403 383 542 420 dac-em
572 380 789 431 Tiberium,
829 381 891 431 qui
922 381 996 419 fixa
1021 382 1132 432 signa
1164 381 1356 420 resolvere
1384 382 1537 432 fecerit,
1577 382 1738 432 intelligi
1765 395 1836 420 vo-

297 452 391 489 lunt.
428 472 482 478 —
511 448 668 499 templis
707 448 952 485 Parthorum
982 451 1101 500 signa
1135 450 1268 502 refigit
1303 450 1440 487 qune.
1477 449 1587 491 Aen:
1624 451 1836 500 „Romana

298 520 429 568 signa,
469 530 565 567 quae
603 517 766 554 Crassus
799 517 1001 568 amiserat,
1039 517 1170 557 Parthi
1207 520 1256 556 ad
1294 519 1504 569 Augustum
1537 531 1608 570 per
1640 518 1833 557 Tiberium

296 587 477 623 miserunt
502 586 579 635 jam
605 585 744 622 victi.“
798 584 856 621 Ad
884 585 1038 623 verbnm
1067 586 1147 624 fere
1183 586 1314 624 Schol.
1351 586 1490 636 Cruq.,
1518 586 1588 624 nisi
1615 586 1718 637 quod
1740 585 1835 624 Par-

295 654 382 692 thos
413 655 558 691 Persas
588 657 710 691 vocat.
752 653 811 690 Ita
839 653 914 694 Od.
945 652 986 701 4,
1015 654 1081 702 15,
1113 656 1178 695 16.
1218 655 1274 692 Et
1295 656 1415 706 signa
1441 655 1613 692 restituit
1639 654 1733 691 Iovi
1748 655 1833 691 De-

294 730 408 774 repta
435 721 681 760 Parthorum
707 720 886 771 superbis,-
916 720 1126 766 Ροειίόιιε,
1166 723 1229 760 ubi
1259 736 1294 762 v.
1330 723 1492 774 interpp.
1531 726 1570 759 et
1597 726 1718 760 nostr.
1745 734 1832 760 ann.

293 792 343 830 ad
374 793 441 840 12,
466 791 533 831 27.
563 789 648 830 coll.
677 789 828 831 bank,
859 789 965 828 Fast.
994 789 1128 828 Horat.
1158 804 1197 841 p.
1221 793 1316 833 216.
1353 789 1590 840 Hertzberg.
1619 790 1693 835 Qu.
1718 789 1832 841 Prop.

293 873 333 910 p.
364 859 457 899 226.
486 857 544 897 A.
579 857 650 895 W
681 858 843 908 Zumpt.
879 858 929 895 ad
953 857 1121 896 Menum.
1151 858 1290 908 Ancyr.
1319 860 1359 908 5,
1384 857 1451 900 40.
1478 858 1545 900 54.
1585 858 1742 910 R‘figit
1766 871 1834 896 an-

295 931 369 964 tem
397 932 439 964 ut
467 926 543 964 Od.
571 927 609 974 1,
641 927 710 975 28,
744 927 808 966 11.
841 925 909 974 (ib.
940 925 1094 978 Lamb.)
1125 930 1163 965 et
1192 927 1259 966 Sil.
1288 927 1372 966 Ital.
1395 927 1463 976 10,
1484 926 1581 968 599.
1613 940 1731 965 arma
1749 927 1833 964 De-

294 996 411 1046 ripite
423 1022 439 1040 ,
477 1008 499 1030 o
521 993 675 1044 pubes,
713 993 871 1044 templis
888 1022 898 1038 ‚
938 1008 1007 1032 vos
1031 996 1139 1032 atria
1167 996 1318 1046 raptim
1348 995 1515 1032 Nudate
1541 1001 1582 1031 et
1612 993 1757 1046 clipeos
1789 996 1833 1031 in

296 1063 403 1101 bella
443 1062 598 1113 refigite
635 1069 784 1112 captos.
845 1060 939 1100 Plin.
976 1062 1024 1102 Η.
1060 1063 1112 1103 Ν.
1141 1064 1218 1113 35,
1258 1065 1295 1106 2.
1360 1063 1486 1101 Aliae
1514 1062 1620 1114 foris
1655 1069 1692 1100 et
1725 1063 1833 1100 cirea

294 1133 437 1170 limina
465 1131 707 1168 domitarum
728 1130 913 1180 gentium
936 1131 1135 1182 imagines
1158 1137 1271 1169 erant
1286 1128 1326 1181 *)
1339 1160 1349 1179 ,
1380 1130 1521 1182 affixis
1545 1130 1718 1169 hostium.
1739 1145 1833 1182 apo-

293 1200 360 1238 liis
369 1229 384 1246 ,
414 1213 517 1251 quae
545 1212 616 1235 nec
641 1199 807 1249 emptori
832 1197 995 1249 refigere
1022 1198 1165 1238 liceret.
1209 1199 1322 1238 Conf.
1350 1198 1504 1250 Forbig.
1531 1199 1580 1236 ad
1606 1199 1709 1251 Virg.
1733 1201 1827 1239 Aen.

293 1269 334 1319 5,
361 1268 461 1309 360.
489 1288 544 1296 ·—-
573 1266 620 1304 V.
650 1268 718 1307 57.
748 1266 870 1303 Nunc
899 1289 953 1295 -
981 1269 1106 1304 armis
1132 1268 1157 1308 i.
1188 1281 1220 1310 e.
1248 1267 1312 1317 „si
1339 1278 1412 1317 qua
1437 1279 1598 1318 usquam
1625 1266 1719 1306 latet
1750 1279 1831 1316 ora,

293 1348 374 1374 eam
406 1348 474 1372 sua
503 1334 619 1373 solius
649 1335 839 1373 sententia
875 1334 1034 1386 imperio
1070 1336 1243 1373 Romano
1278 1334 1495 1374 attribuit.“
1551 1335 1608 1374 lta
1637 1336 1686 1374 de
1713 1335 1830 1385 maje-

291 1407 390 1442 state
418 1404 562 1454 imperii
591 1402 748 1453 [Halm.
778 1403 827 1440 ad
857 1404 939 1442 Cic.
970 1417 1028 1455 pr.
1059 1405 1163 1442 Sest.
1190 1404 1261 1454 31,
1291 1404 1374 1454 67.]
1416 1402 1492 1445 Od.
1518 1403 1560 1454 3,
1586 1402 1629 1452 8,
1656 1402 1712 1444 45
1743 1415 1830 1453 sqq.

291 1471 501 1511 Horrenda
541 1471 621 1508 late
657 1485 798 1508 nomen
840 1473 882 1509 in
922 1472 1088 1510 ultimas
1124 1470 1328 1510 Extendat
1359 1485 1450 1509 oras
1484 1493 1541 1500 —
1583 1471 1831 1522 Quicumque

291 1644 361 1678 lich
378 1644 446 1677 den
465 1652 533 1678 von
551 1644 620 1679 729
640 1655 707 1678 von
721 1635 899 1690 Augustus
915 1646 982 1680 und
998 1647 1120 1692 spater
1134 1643 1241 1679 durch
1258 1644 1356 1679 seine
1372 1645 1481 1690 legati
1494 1645 1684 1691 gefiihrten
1697 1644 1830 1690 Krieg3

289 1702 376 1735 aber
395 1712 473 1734 man
493 1701 610 1735 diirfte
637 1702 725 1737 auch
745 1714 789 1736 an
810 1701 867 1736 die
886 1704 1050 1748 spateren
1069 1704 1221 1749 Kampsa
1245 1714 1311 1736 von
1330 1702 1401 1738 730
1422 1702 1505 1747 (Dio
1521 1701 1579 1748 53,
1594 1703 1655 1747 29)
1674 1701 1748 1737 und·
1758 1700 1828 1738 732

290 1757 377 1801 (Dio
398 1754 456 1801 54,
477 1757 518 1802 5)
541 1760 706 1794 denken“
727 1767 796 1793 etc.
859 1760 963 1801 Quod
991 1761 1185 1805 negandum
1214 1765 1292 1802 est,
1324 1759 1394 1794 nisi
1423 1760 1534 1794 verba
1561 1760 1624 1794 aab
1643 1761 1732 1794 duce
1751 1758 1828 1794 sine

289 1814 446 1859 emphasi
465 1816 583 1860 posita
604 1828 683 1850 esse
705 1815 872 1862 opineris.
928 1818 1106 1862 Augustus
1134 1817 1245 1860 enim,
1274 1826 1378 1862 quun}
1397 1816 1643 1862 expeditiones
1660 1815 1742 1850 illae
1763 1815 1827 1850 sub

289 1870 437 1905 Aemilio
459 1878 495 1904 et
511 1878 636 1916 postea
651 1873 715 1906 sub
734 1873 864 1906 Furnio
881 1874 1028 1918 fierent,
1050 1874 1192 1908 Romam
1205 1875 1277 1918 jam
1290 1878 1506 1907 reverterat.
1546 1872 1727 1908 Rodellius
1741 1873 1826 1907 Lol-

290 1928 336 1962 lio
362 1932 468 1973 patre
499 1929 637 1973 quidem
663 1929 843 1962 intellecto
874 1929 993 1964 miram
1016 1930 1237 1974 excogitavit
1263 1931 1517 1974 conjecturam:
1551 1929 1736 1974 „Constet
1754 1939 1823 1975 quo

289 1995 379 2019 anno
398 1984 510 2019 Julius
531 1985 666 2018 Caesar
691 1986 863 2019 adversus
883 1986 1039 2032 Pompeji
1069 1986 1200 2020 liberos
1227 1992 1447 2031 pugnaturus
1469 1986 1675 2032 Hispaniam
1705 1985 1823 2031 petiit,

291 2042 481 2076 Octavium
508 2041 641 2076 Romae
670 2042 829 2076 relictum
856 2048 984 2088 utpote
1011 2045 1177 2088 juvenem
1207 2043 1250 2075 ad
1277 2043 1332 2081 17,
1356 2054 1544 2086 annorum,
1575 2054 1613 2076 se
1632 2041 1761 2087 raptim
1780 2041 1824 2076 ad

289 2099 497 2133 avunculum
516 2098 724 2142 contulisse,
755 2098 814 2143 qui
845 2098 909 2133 hac
939 2099 1081 2145 nepotis
1110 2099 1298 2134 alacritate
1326 2099 1513 2145 plurimum·
1533 2099 1728 2133 delectatus
1755 2104 1823 2132 est.

289 2156 381 2198 Quis
401 2162 515 2190 autem
536 2161 638 2202 putet
658 2155 768 2190 solum
790 2155 918 2198 ivisse,
948 2168 1013 2190 nee
1039 2155 1091 2190 illi
1119 2168 1158 2190 se
1185 2155 1261 2201 pari
1291 2155 1424 2200 gloriae
1445 2156 1562 2190 studio
1589 2155 1824 2190 nobilissimos

288 2225 447 2260 quosque
461 2213 636 2247 Romanos
656 2212 900 2247 adolescentes
918 2218 1082 2258 tanquam
1099 2211 1251 2257 principi
1269 2213 1289 2246 J
1294 2212 1471 2247 uventutis
1490 2211 1719 2257 adjunxisse?
1740 2211 1824 2257 qnid

286 2282 397 2317 porro
417 2275 518 2304 vetet
537 2281 640 2304 unum
660 2269 704 2304 de
726 2269 780 2304 his
811 2269 919 2304 fuisse
947 2269 999 2304 M.
1030 2269 1181 2304 Lollium
1211 2269 1346 2303 duobus
1375 2274 1508 2303 tantum
1539 2263 1639 2303 annis
1658 2269 1824 2314 majorem

288 2327 472 2362 Octavio?
502 2327 533 2360 si
556 2326 696 2372 quidem
716 2327 906 2361 observata
924 2327 961 2360 in
985 2325 1099 2361 Lollio
1122 2327 1179 2361 lex
1210 2331 1266 2360 est
1285 2326 1331 2360 de
1351 2325 1546 2360 Consulatu
1575 2336 1650 2367 non*
1665 2325 1822 2370 gerendo

287 2390 370 2419 ante
391 2383 521 2419 aetatis
543 2394 665 2418 aunum
686 2380 745 2422 42.
768 2385 910 2430 neque“
924 2388 994 2418 etc.
1041 2383 1271 2430 Quapropter
1289 2393 1349 2421 w.
1377 2383 1408 2417 si
1425 2383 1507 2428 quid
1527 2380 1623 2416 abest
1644 2389 1692 2407 —·
1717 2381 1824 2416 armis

286 2453 321 2478 v.
344 2439 403 2476 57.
426 2441 561 2476 cladem
580 2440 750 2485 intelligit
769 2453 834 2486 per
854 2441 1001 2475 Drusum
1022 2441 1066 2475 ab
1082 2441 1240 2486 Augusto
1259 2439 1400 2473 missum
1419 2437 1614 2474 Sicambris
1632 2450 1664 2475 a.
1681 2449 1714 2472 u.
1740 2436 1825 2474 742.

285 2498 429 2533 illatam.
478 2499 530 2532 De
551 2498 790 2532 concinnitate
810 2508 972 2532 versuum
994 2498 1039 2532 ad
1061 2497 1196 2532 laudem
1215 2495 1367 2541 Augusti
1385 2495 1546 2531 adhibita
1570 2495 1660 2531 haud
1684 2494 1761 2530 scio
1779 2505 1822 2530 an

287 2555 365 2600 plus
385 2566 496 2600 aequo
518 2554 651 2589 viderit
673 2556 710 2589 C.
734 2555 915 2590 Passovius
935 2555 980 2589 N.
1000 2556 1078 2591 261.

399 2617 435 2667 *)
455 2623 510 2656 De
530 2622 784 2657 consuetudine
806 2623 880 2656 fere
901 2621 1047 2656 omnium
1067 2620 1272 2666 populorum
1294 2619 1484 2663 communi,
1514 2618 1656 2665 publica
1675 2617 1820 2663 templo·

287 2689 359 2711 rum
381 2684 417 2712 et
436 2679 655 2724 privatarum
676 2680 814 2714 aedium
844 2679 961 2713 limina
992 2690 1034 2712 ac
1063 2682 1184 2724 postes
1215 2676 1338 2722 spoliis
1367 2676 1588 2711 devictorum
1616 2672 1817 2717 exornandi,

286 2734 367 2768 vide
388 2747 475 2780 quos
495 2736 641 2770 laudant
661 2736 800 2771 Mitsch.
824 2736 867 2771 ad
889 2735 959 2770 Od.
979 2735 1017 2782 3,
1039 2734 1073 2779 5,
1097 2736 1151 2769 18.
1177 2733 1310 2779 Scalig.
1333 2733 1376 2767 ad
1397 2732 1518 2768 Manil.
1537 2730 1571 2776 4,
1594 2733 1670 2767 180.
1691 2729 1818 2765 Barth.

286 2789 329 2822 ad
353 2792 447 2825 Stat.
478 2793 596 2827 Theb.
613 2794 647 2836 3,
666 2793 747 2828 580.
775 2794 870 2827 cort.
891 2792 935 2826 ad
960 2792 1091 2827 Lucan.
1114 2794 1145 2835 1,
1167 2787 1246 2825 240.
1282 2791 1432 2824 Broukh.
1454 2789 1499 2824 ad
1522 2789 1629 2833 Prop.
1647 2786 1683 2830 3,
1704 2786 1738 2828 7,
1759 2785 1815 2820 26.

287 2845 409 2881 Burm.
432 2849 475 2881 ad
496 2848 601 2883 Ana..
635 2850 697 2884 lat.
722 2850 749 2885 1.
771 2862 807 2894 p.
830 2839 897 2884 206
917 2860 970 2893 .q.
1008 2849 1157 2894 Forbig.
1178 2848 1222 2881 ad
1251 2847 1352 2892 virg.
1373 2847 1461 2881 Aen.
1481 2846 1515 2888 7,
1537 2841 1614 2878 183.
1647 2842 1687 2876 0.
1707 2841 1815 2876 Jahn.

287 2901 331 2934 ad
352 2901 450 2936 Pers.
471 2906 503 2948 6,
524 2903 581 2940 45.
607 2906 753 2951 Rupert.
775 2905 818 2940 ad
838 2905 918 2939 Liv.
942 2907 997 2945 10,
1017 2906 1052 2950 7,
1074 2906 1128 2941 10.
1155 2904 1234 2938 coll.
1255 2909 1366 2938 nostr.
1384 2913 1466 2939 ann.
1486 2899 1530 2934 ad
1557 2900 1586 2942 1,
1607 2897 1641 2932 5.
