1910 3138
119 151 204 201 203
265 155 545 198 oomNT.
575 156 632 196 IN
657 155 783 196 HOR.
807 154 909 195 LIB.
932 155 964 195 1.
1003 155 1171 196 EPIST.
1198 153 1498 196 VlcEsmAM.
1563 151 1647 196 551

117 270 362 310 decrescente
380 270 578 309 audientes
597 269 766 308 sentiunt
782 267 1009 308 Lambinus
1020 297 1038 316 ,
1064 268 1300 322 Xylander,
1323 269 1508 308 Hoc-atur·
1516 296 1534 316 ,
1555 269 1648 308 Ro.-

117 338 287 386 &ui-n,
313 337 387 377 alii.
437 337 536 378 Mire
562 342 688 376 autem
710 337 897 376 Labienus
914 338 1109 376 meridiem
1136 336 1295 388 intelligi
1319 336 1418 386 vult,
1445 349 1522 388 quo
1548 340 1650 382 tem,

115 419 213 459 pore
235 404 298 444 ool
321 405 477 457 tepidus
504 409 542 444 et
570 404 772 457 fervens&
786 405 815 456 !)
842 406 1011 444 homines
1034 405 1073 443 in
1101 404 1292 444 auditorio
1321 404 1488 443 umbram
1517 409 1561 444 et
1585 418 1649 446 re-

116 474 310 525 frigerium
348 485 530 524 quaerere
569 479 712 523 'cogens
750 474 911 526 plurium
947 473 1159 512 auditorum
1189 485 1300 512 aures
1334 472 1553 512 admoverit.
1603 472 1649 513 In

114 540 212 580 hanc
239 541 320 580 sere
348 541 574 579 sententiam
609 541 832 580 Dacerius:
863 541 1051 593 „Comme
1078 539 1135 578 les
1164 539 1305 578 Ecoles
1333 541 1477 580 etoient
1504 539 1649 581 d'ordi-

113 611 219 649 naire
245 611 342 648 dans
371 609 427 648 les
455 609 552 648 lieux
578 609 668 660 bas,
699 610 769 648 de's
792 621 868 659 que
895 608 932 647 le
959 606 1079 646 Soleil
1105 607 1200 647 etoit
1222 620 1276 646 un
1296 620 1372 658 pen
1389 608 1503 659 haut,
1531 608 1649 650 beuu-

115 690 213 729 coup
241 677 290 715 de
317 689 412 727 gens
440 690 465 727 y
489 676 646 716 alloient
674 677 850 716 chercher
872 675 908 714 le
936 676 1028 714 frais
1050 680 1090 714 et
1112 676 1295 715 entendre
1314 688 1364 714 en
1381 675 1503 716 meme
1521 682 1647 730 tempu

113 744 152 783 la
178 744 320 783 lecture
346 745 416 783 des
450 744 622 783 Poetesss
647 750 718 784 etc.
762 745 908 783 Contra
934 744 1105 796 disputat
1138 742 1383 782 Sanadonuae
1410 748 1561 796 tempus
1583 745 1647 784 ἰι-

113 811 291 863 telligens
316 813 416 850 aeris
439 813 587 864 tepidi,
616 826 690 863 quo
719 812 859 851 literati
885 812 953 851 viri
982 813 1022 850 in
1052 812 1167 850 aedes
1194 812 1378 862 quasdam
1399 813 1566 863 privatas
1586 813 1647 852 vd

115 881 156 919 in
182 880 428 919 bibliothecas
462 881 523 918 vel
550 881 589 919 in
623 879 775 932 publica
800 880 966 932 compita
993 879 1290 919 deambulationi
1325 884 1415 931 apta
1441 881 1491 918 ad
1518 881 1648 931 legeu-

114 949 186 987 dos
209 948 326 987 libros
353 961 452 987 nove
480 949 636 987 missos
665 948 929 991 convenerint.⁴
969 947 1014 986 In
1042 948 1202 987 similem
1230 960 1395 987 errorem
1421 949 1552 986 incidit
1574 949 1647 987 Jo-

115 1030 211 1063 nas,
240 1018 326 1068 qui,
354 1029 468 1068 quum
492 1016 688 1054 Juvenalis
714 1015 905 1068 Augusto
933 1018 1140 1054 recitantes
1167 1029 1300 1053 mense
1320 1023 1460 1067 poetas
1488 1029 1647 1056 comme-

113 1090 260 1135 moret,
288 1085 359 1135 „in
376 1083 634 1135 porticibus,“
659 1084 805 1134 inquit,
836 1084 1097 1134 „recitabant,
1125 1082 1190 1122 ubi
1217 1084 1359 1122 vitandi
1383 1086 1511 1122 aestus
1534 1096 1648 1124 causa

112 1152 245 1206 populi
270 1154 491 1204 frequentes
514 1152 716 1190 aderant.“
760 1152 974 1191 Recitatum
999 1153 1217 1204 vespertino
1254 1155 1345 1203 post
1371 1152 1498 1189 decisa
1524 1165 1646 1203 nego-

111 1224 166 1261 tia
192 1225 363 1272 tempore
389 1219 523 1258 librum
547 1220 720 1270 intelligit
744 1221 855 1258 Iani.
901 1221 1040 1271 Neque
1058 1218 1289 1272 probabilior
1309 1218 1555 1270 Haberseldi
1579 1233 1644 1259 ex-

109 1287 267 1340 plicatio
296 1292 377 1338 est,
423 1301 499 1340 qua
535 1289 719 1328 Horatius
760 1288 894 1326 librum
933 1302 1004 1339 pro
1039 1287 1184 1326 advena
1222 1286 1385 1325 Romam
1421 1287 1645 1327 adveniente

111 1355 272 1406 habeat,
302 1357 366 1407 qui
392 1356 583 1395 hominum
612 1358 844 1395 curiosorum
871 1356 1039 1394 studium
1061 1356 1206 1394 excitet
1234 1366 1378 1404 eosque
1403 1355 1442 1392 in
1464 1368 1644 1394 coronam

112 1424 324 1464 consistere
352 1426 477 1473 cogat.
524 1424 603 1462 Sed
630 1437 695 1462 res
723 1424 838 1474 longa
865 1428 905 1462 et
931 1423 1046 1461 taedii
1073 1423 1187 1474 plena
1215 1426 1301 1471 est,
1331 1434 1462 1460 omnes
1481 1424 1646 1461 virorum

103 1495 154 1530 *et
176 1491 329 1541 ingenio
365 1494 406 1528 et
438 1491 649 1530 eruditione
681 1491 881 1541 insignium
918 1503 1118 1529 recensere
1146 1490 1373 1540 sententias,
1413 1494 1646 1542 quapropter

107 1558 270 1597 honoris
297 1570 411 1595 causa
438 1569 530 1607 eoS,
565 1558 630 1608 qui
657 1557 726 1595 hac
753 1562 877 1597 aetate
904 1560 943 1597 in
964 1559 1029 1596 'his
1063 1559 1182 1596 literis
1209 1557 1401 1607 habitant,
1429 1558 1644 1599 nominabo.

121 1624 296 1664 Orellc'us
305 1652 322 1670 ,
349 1625 412 1675 qui
439 1624 583 1663 Poetae
607 1625 767 1663 animum
792 1638 816 1663 a
843 1626 1072 1676 cogitatione
1097 1626 1249 1665 scholae
1273 1626 1334 1664 hic
1359 1625 1563 1664 abhorrere
1586 1626 1645 1664 di-

114 1696 187 1743 cit,
211 1682 336 1731 ¹solem
358 1692 535 1742 tepidum
554 1693 709 1730 aestatis
728 1698 900 1744 tempore
925 1693 1055 1732 horam
1079 1698 1248 1732 octavam
1269 1693 1329 1732 vel
1354 1706 1492 1731 nonam
1512 1695 1643 1744 sentit,

114 1775 190 1812 qua
219 1760 386 1799 homines
414 1759 609 1811 politiores
634 1760 800 1798 carmina
831 1773 953 1812 nuper
987 1762 1026 1799 in
1065 1761 1187 1799 lucem
1220 1761 1360 1800 emissa
1387 1762 1500 1800 animi
1531 1774 1644 1800 causa

113 1828 342 1881 perlegerint
368 1840 560 1879 saepeque
586 1832 675 1879 post
698 1841 853 1867 coenam
879 1829 976 1866 hora
1000 1829 1146 1867 decima
1172 1829 1328 1867 eandem
1353 1829 1553 1868 lectionem
1579 1842 1644 1867 re—

114 1897 343 1947 sumpserint
379 1895 464 1933 coll.
504 1895 618 1933 Mart.
648 1895 690 1946 4,
718 1896 760 1945 8,
791 1897 831 1936 6.
861 1897 929 1945 10,
961 1897 1029 1948 19,
1064 1898 1130 1938 18.
1184 1897 1269 1935 Hos
1296 1897 1410 1948 igitur
1438 1896 1643 1935 benevolos

113 1963 276 2002 lectores
304 1963 449 2013 fingere
464 1962 623 2001 Poetam
650 1963 703 2001 ait
730 1977 799 2014 per
831 1964 965 2002 domos
994 1977 1083 2002 suas
1112 1965 1306 2016 dispersos
1333 1964 1436 2002 velut
1463 1965 1502 2001 in
1528 1977 1644 2002 unum

110 2031 234 2070 locum
276 2034 529 2080 congregatos
570 2030 642 2068 sibi
686 2044 796 2070 aures
839 2033 1035 2083 praebere.
1103 2034 1211 2079 Quae
1255 2033 1405 2082 quidem
1443 2031 1642 2082 explicatio

115 2098 311 2137 Diintzen‘
321 2096 360 2149 *)
388 2109 580 2135 assensum
619 2111 697 2136 non
728 2099 828 2146 tulit,
872 2101 1012 2151 quippe
1041 2102 1104 2150 qui
1141 2100 1400 2139 recitationem
1430 2099 1514 2137 libri
1551 2103 1643 2151 post

113 2179 268 2205 coenam
293 2177 420 2203 coram
441 2164 674 2215 politioribus
702 2166 913 2204 hominibus
946 2167 1156 2205 faciendam
1182 2171 1282 2205 tecte
1311 2166 1513 2216 significari
1545 2179 1643 2205 nunc

113 2238 151 2274 iu
180 2233 376 2272 Addendis
407 2247 445 2284 p.
473 2231 556 2272 305
580 2245 638 2283 sq.
674 2234 886 2284 profitetur.
940 2235 1041 2272 Suae
1068 2247 1253 2285 quemque
1284 2234 1386 2272 domi
1412 2236 1502 2284 post
1528 2233 1643 2272 meri-

113 2302 317 2340 diationem
337 2301 533 2339 sedentem
559 2313 603 2338 ac
631 2301 818 2351 legentem
834 2300 1121 2352 Dillenburger
1139 2301 1264 2351 videt,
1294 2313 1507 2353 quanquam
1530 2302 1643 2340 etiam

227 2445 267 2492 *)
291 2448 354 2482 Ille
373 2461 409 2495 p.
424 2449 527 2484 306.=
547 2448 648 2492 „Der
662 2447 827 2491 Dichter,
847 2447 912 2482 der
929 2447 1050 2482 bisher
1069 2447 1315 2483 humoristisch
1329 2460 1410 2484 vom
1430 2448 1640 2484 Gebrauche

113 2505 176 2538 des
197 2504 335 2538 Buches
353 2505 390 2539 in
409 2505 564 2539 Schulen
583 2504 652 2538 und
670 2516 750 2539 vom
764 2504 880 2538 Lesen
899 2505 1075 2538 einzelner
1089 2504 1308 2550 gesprachen
1322 2505 1404 2550 hat,
1426 2505 1550 2541 deutet
1562 2505 1641 2541 hier

113 2572 179 2603 an,
198 2561 281 2594 dass
300 2560 372 2594 ihm
391 2561 479 2594 auch
498 2561 591 2596 wohl
610 2562 668 2595 die
687 2561 783 2595 Ehre
798 2571 842 2594 zu
862 2560 967 2595 Theil
982 2561 1125 2595 werden
1148 2561 1258 2605 wird,
1284 2561 1321 2596 in
1340 2564 1551 2597 vomehmen
1576 2574 1638 2608 gc·

113 2617 272 2651 bildeten
293 2616 444 2650 Kreisen
467 2617 676 2662 vorgelesen
695 2629 741 2651 zu
762 2616 944 2650 werden.“
991 2618 1044 2651 De
1065 2617 1220 2652 dictione
1231 2619 1328 2663 plur.
1354 2631 1432 2654 aur.
1458 2621 1639 2655 admovere

113 2680 212 2707 recte
231 2672 369 2717 quidem
387 2677 524 2706 monet:
557 2674 658 2716 „Der
677 2672 861 2707 Ausdruck
881 2673 1023 2716 demet,
1051 2674 1121 2708 wie
1141 2685 1205 2708 uns
1220 2675 1315 2719 jetzt
1334 2674 1492 2720 scheint,
1514 2687 1558 2711 zu
1576 2676 1637 2711 be-

112 2729 244 2764 stimmt
262 2729 325 2762 aul'
340 2728 402 2762 das
417 2729 588 2762 Vorlesen
608 2728 686 2770 hin,
717 2729 808 2762 kann
826 2728 924 2763 nicht
948 2729 1041 2764 wohl
1061 2731 1125 2764 auf
1139 2731 1410 2776 verschiedene,
1432 2744 1502 2767 von
1520 2733 1639 2768 einan-

113 2786 176 2820 der
190 2790 355 2830 getrennt
373 2784 547 2829 gedachte
562 2785 666 2819 Leser
685 2785 845 2829 bezogen
861 2787 1002 2821 werden
1014 2799 1025 2828 ;
1038 2787 1060 2806 ‘⁴
1084 2792 1122 2822 at.
1136 2793 1232 2822 errat
1248 2787 1284 2823 in
1299 2800 1340 2824 eo
1350 2815 1360 2833 ,
1383 2790 1476 2836 quod
1491 2791 1636 2825 Poetam

112 2854 182 2877 non
206 2841 431 2877 cohaerentia
448 2841 542 2875 inter
561 2852 599 2875 se
620 2840 791 2876 dicentem
811 2841 910 2877 facit.
