1910 3138
275 221 359 263 440
406 219 679 260 COMMENT.
701 220 759 259 IN
777 219 903 260 HOR.
923 219 1022 259 LIB.
1041 220 1072 259 Ι.
1103 220 1270 260 EPlsT.
1290 221 1697 262 DUODEVICESIM.
1745 225 1799 267 92

275 337 358 375 coll.
386 335 507 385 Eurip.
535 335 689 384 Fragm.
714 334 781 377 30.
797 333 850 385 *).
900 334 964 372 Sic
991 336 1028 372 in
1055 334 1295 386 proverbium
1329 336 1421 374 abiit
1450 338 1643 388 utriusque
1671 337 1800 375 fratris

274 409 317 442 ut
344 402 500 442 moribus
539 401 796 451 dissimillimi,
840 403 894 440 ita
917 403 995 441 vita
1023 403 1312 453 conjunctissimi
1349 404 1527 446 societas.
1582 405 1802 443 Paradoxo-

274 473 395 523 grapl.
425 471 484 507 ed.
510 469 711 508 Westerm.
741 483 780 521 p.
805 470 900 511 219.
931 471 971 512 3.
1000 471 1105 519 τίνες
1130 470 1310 525 ἐγένοντο
1337 467 1600 524 φιλάδελφος
1631 470 1800 526 Κάστωρ

274 538 342 579 καὶ
372 533 646 588 Πολυδεύκης,
677 541 819 590 Ζῆθος
846 537 915 578 καὶ
939 533 1132 591 Ἀμφίων-
1151 562 1209 569 —
1231 539 1276 581 V.
1296 539 1363 581 45.
1393 541 1484 578 cede
1503 548 1588 591 pot.
1609 555 1691 583 am.
1719 542 1801 578 Le—

275 606 382 644 nibus·
410 606 601 656 imperiis.
660 606 786 650 Quum
814 607 908 646 haec
937 608 1017 645 sine
1048 607 1281 646 dubitatione
1309 622 1440 646 severo
1470 609 1592 647 Zetho
1621 610 1801 661 opposita

273 675 361 717 sint,
390 685 435 709 ea
461 673 533 710 erit
560 664 776 725 sententia,
816 688 928 725 quam
955 688 993 714 v.
1022 673 1091 715 41.
1128 676 1388 715 indicavimus.
1442 677 1566 728 Vulgo
1594 677 1801 727 significari

272 742 394 779 volunt
422 743 526 792 quod
555 742 646 780 dicit
674 742 783 780 Plato
813 744 914 794 apud
940 743 1021 781 Cic.
1050 744 1100 781 ad
1129 743 1244 783 Attic.
1273 742 1314 794 9,
1339 745 1406 793 13,
1430 745 1492 786 2.:
1531 744 1590 784 At
1613 741 1690 798 γᾶρ
1718 747 1802 785 τῶν

271 804 477 863 τυράννων
505 808 659 861 δεήσεις
677 804 785 850 οἷσθ’
804 807 865 851 ὅτι
887 809 1122 864 μεμιγμέναι
1151 807 1343 865 ἀνάγκαις
1369 811 1430 850 vel
1452 811 1559 851 Publ.
1590 813 1677 863 Syr.
1700 814 1781 854 136
1789 828 1799 851 :

277 879 385 929 Cogit
417 878 598 929 rogando
609 907 626 924 ,
673 893 798 931 quum
839 888 959 931 rogat
989 881 1202 931 potentior.
1279 880 1362 918 Alia
1401 880 1534 918 similia
1573 882 1660 920 vide
1699 883 1801 934 apud

276 946 445 987 Sdzmid.
498 946 558 984 De
587 947 772 987 invidioso
808 949 906 1000 plur.
936 949 1084 988 numeri
1119 963 1188 987 usu
1222 948 1301 987 noli
1334 950 1523 1000 cogitare,
1558 950 1636 989 vid.
1671 950 1799 990 Burm.

271 1018 318 1055 ad
340 1015 423 1055 Val.
447 1015 481 1053 F
484 1015 508 1053 l.
539 1016 581 1065 3,
611 1016 707 1058 620.

374 1084 416 1122 V.
443 1083 512 1124 45.
539 1082 607 1124 46.
642 1085 869 1136 quotiesque
896 1108 953 1114 --
981 1099 1188 1137 canesque.
1235 1085 1363 1122 Simile
1393 1084 1615 1136 obsequium
1641 1085 1802 1124 31113116-

270 1155 332 1192 bas
361 1152 629 1205 praestandum
656 1153 891 1205 praecipiunt
921 1153 1012 1192 Tib.
1043 1155 1091 1204 1,
1121 1151 1169 1204 4,
1199 1154 1254 1194 39
1279 1175 1336 1181 —
1360 1153 1428 1194 56.
1459 1156 1499 1192 et
1533 1153 1648 1191 ovid.
1676 1153 1724 1191 A.
1751 1152 1800 1193 A.

270 1226 305 1272 2,
336 1223 415 1264 179
445 1234 531 1272 sqq.
575 1220 666 1259 Plus
694 1226 823 1260 autem
853 1222 957 1272 justo
986 1221 1170 1271 subtiles,
1209 1222 1272 1272 qui
1304 1220 1447 1258 Aeolis
1469 1221 1610 1273 plagis
1636 1222 1802 1274 scriptu-

268 1279 334 1329 me.
356 1289 458 1339 vulg.
488 1289 730 1342 praeferunt,
759 1302 974 1341 quanquam
1008 1289 1156 1327 Cumas
1182 1290 1207 1330 i.
1239 1303 1275 1329 e.
1307 1289 1478 1328 Aeoliam
1509 1290 1585 1328 lino
1615 1289 1802 1328 celebrem

268 1360 381 1398 fuisse
409 1361 583 1408 constat,
620 1358 718 1396 conf.
747 1358 914 1409 interpp.
948 1359 998 1396 ad
1025 1358 1135 1396 Grat.
1165 1357 1312 1408 Cyneg.
1341 1357 1410 1398 35.
1445 1357 1543 1396 Plin.
1565 1357 1617 1398 H.
1645 1357 1699 1397 N.
1731 1359 1800 1407 19,

271 1431 304 1470 1.
343 1426 513 1464 Aetolas
537 1426 686 1477 plagas
716 1426 804 1464 dicit
822 1426 942 1464 Poeta
966 1430 1139 1465 nontam
1166 1429 1326 1476 propter
1354 1425 1547 1463 notionem
1573 1425 1630 1464 rei
1657 1425 1803 1477 pretio·-

269 1497 400 1544 sioris,
431 1495 532 1546 quod
554 1495 706 1546 quidem
728 1494 829 1532 haud
853 1494 1090 1532 incommode
1118 1495 1238 1532 sensit
1262 1492 1516 1540 selamim,
1544 1506 1656 1544 quam
1682 1506 1801 1546 prop-

267 1574 320 1603 ter
347 1563 582 1613 Meleagrum
605 1563 802 1601 Caledonii
831 1563 912 1614 apri
941 1565 1227 1613 prostratorem.
1266 1563 1380 1602 Ovid.
1407 1562 1503 1600 Met.
1523 1562 1564 1610 8,
1593 1562 1687 1603 270.
1712 1561 1798 1599 Juv.

268 1635 304 1679 5,
338 1632 430 1673 115.
469 1631 585 1671 Mart.
616 1633 657 1682 7,
689 1632 729 1680 2,
755 1631 794 1671 3.
826 1632 895 1680 27,
928 1632 966 1671 2.
999 1630 1066 1678 13,
1094 1629 1162 1678 41,
1193 1632 1230 1672 2.
1259 1634 1298 1668 et
1327 1630 1394 1680 13,
1427 1629 1496 1670 93.
1533 1629 1583 1668 de
1618 1629 1798 1681 Spectac.

272 1699 332 1740 15.
360 1699 500 1752 Hygin.
530 1700 625 1740 Fab.
658 1697 750 1740 174.
793 1699 878 1737 Huc
902 1699 1070 1747 accedit,
1101 1699 1204 1749 quod
1232 1697 1337 1736 Accii
1360 1697 1592 1747 Meleagrum
1618 1700 1698 1735 tum
1718 1695 1802 1735 Ro-

267 1767 381 1805 manis
407 1767 564 1804 theatris
593 1780 669 1805 non
706 1767 875 1805 defuisse
906 1766 1103 1804 verisimile
1127 1769 1208 1814 est,
1248 1779 1346 1817 quae
1378 1778 1442 1804 res
1472 1764 1677 1803 Diintzero
1704 1778 1801 1816 quo-

268 1849 338 1886 que
366 1835 451 1872 coll.
487 1835 696 1873 Welckero
722 1835 746 1873 l.
777 1834 802 1872 l.
829 1849 868 1886 Ρ.
897 1836 978 1876 752
1011 1848 1069 1885 sq.
1107 1834 1297 1886 probatur.
1342 1833 1545 1872 Praeterea
1568 1845 1680 1872 nemo
1713 1832 1800 1882 erit,

267 1903 327 1953 qui
355 1915 490 1941 nomen
516 1899 680 1943 θετικόν
710 1902 886 1952 (Kirchn.
914 1903 964 1940 ad
991 1903 1072 1940 Sat.
1105 1905 1144 1951 1,
1176 1903 1214 1951 1,
1244 1901 1318 1951 58)
1347 1901 1559 1952 improbet,
1589 1913 1705 1951 quum
1731 1912 1801 1938 ve-

267 1975 416 2009 natores
439 1971 566 2008 vocari
591 1969 822 2020 Meleagros
847 1970 980 2008 solitos
1005 1983 1091 2007 esse
1116 1974 1283 2015 constet,
1314 1969 1389 2008 vid.
1424 1968 1580 2007 Oelder.
1614 1969 1664 2006 ad
1689 1967 1798 2005 Vax-r.

268 2041 345 2079 Sat.
369 2039 538 2091 Menipp.
558 2037 624 2079 55.
653 2051 692 2088 p.
716 2037 811 2078 158.
862 2037 918 2075 De
937 2042 1121 2089 apparatu
1141 2037 1341 2075 venatorio
1360 2037 1461 2075 conf.
1481 2049 1567 2075 ann.
1593 2036 1643 2075 ad
1667 2036 1709 2085 6,
1729 2034 1797 2076 58.

377 2186 414 2232 ¹⁸)
444 2186 492 2222 W
490 2187 619 2230 elcker,
642 2187 705 2220 Vir
720 2186 962 2231 Clarissimus,
983 2187 1028 2222 de
1046 2186 1112 2221 hac
1138 2199 1178 2222 re
1192 2192 1335 2233 praeter
1353 2187 1423 2222 alia
1439 2188 1463 2223 l.
1487 2187 1513 2220 1.
1532 2198 1570 2232 Ρ.
1590 2186 1660 2222 820
1677 2183 1798 2230 (lispu-

267 2249 322 2279 tat
339 2246 486 2279 haecce:
513 2245 675 2288 „Zethos
695 2243 858 2288 nemlich,
880 2243 1017 2290 gereizt
1035 2245 1146 2279 durch
1167 2244 1224 2279 die
1243 2244 1448 2279 Weichheit
1465 2243 1528 2278 des
1547 2240 1718 2287 Amphion
1736 2252 1798 2285 ge·

269 2313 335 2347 gen
352 2301 408 2337 die
428 2302 579 2335 F‘remde
599 2301 805 2347 (Antiope),
826 2302 940 2336 schalt
954 2301 1005 2336 als
1024 2301 1091 2336 den
1113 2302 1235 2336 Grund
1257 2302 1441 2336 dei-selben
1463 2299 1624 2345 zugleicb
1645 2298 1703 2332 die
1720 2298 1799 2332 Mu-

269 2358 344 2392 sik:
366 2359 503 2392 worauf
521 2358 638 2393 dieser
655 2357 715 2393 ibn
734 2370 830 2393 zwar
845 2359 1075 2403 widerlegte,
1097 2358 1182 2392 aber
1204 2359 1338 2392 zuletzt
1363 2358 1523 2402 nachgab
1541 2356 1613 2391 und
1628 2354 1798 2399 schwieg.

269 2417 367 2449 Denn
383 2417 447 2451 auf
458 2415 524 2450 den
539 2416 711 2461 Ausgang
732 2416 847 2450 dieses
874 2415 1025 2460 Strests,
1046 2415 1146 2450 nicht
1164 2416 1226 2449 auf
1243 2414 1300 2450 die
1323 2414 1556 2449 verschiedne
1574 2412 1745 2456 Meinung
1762 2411 1798 2445 in

268 2473 389 2518 Bezug
409 2474 473 2507 auf
484 2471 657 2518 Antiope,
680 2472 824 2507 bezieht
839 2472 915 2508 sich
930 2472 1014 2517 (wie
1029 2473 1138 2507 sehon
1157 2472 1371 2507 Valckenaer
1386 2484 1422 2517 p.
1437 2472 1494 2507 67.
1510 2468 1638 2519 [matr.
1659 2481 1690 2504 c.
1713 2470 1748 2504 7.
1762 2469 1796 2504 8.

269 2541 303 2573 p.
318 2528 426 2564 58-
439 2530 498 2574 87]
523 2529 593 2564 und
611 2530 728 2574 Heyne
747 2543 783 2575 p.
800 2532 880 2567 212.
901 2529 1183 2576 [Antiquarische
1203 2529 1375 2563 Aufsfitze
1390 2529 1436 2562 11.
1459 2539 1493 2572 p,
1511 2528 1579 2563 206
1593 2545 1639 2551 -
1659 2523 1716 2574 12]
1741 2536 1798 2559 er-

268 2585 419 2630 kcnnen)
451 2585 620 2620 Horatius
646 2586 721 2621 Nec
749 2599 854 2631 quum
881 2588 1005 2622 venari
1027 2588 1118 2622 volet
1137 2606 1184 2612 --
1208 2587 1357 2620 Lenibus
1385 2584 1547 2630 imperiis.
1590 2580 1796 2627 Unmt'iglich

269 2642 397 2676 konnte
417 2643 534 2677 dieser
553 2642 669 2677 Streit
689 2649 762 2677 erst
777 2645 898 2690 spfiter
915 2644 951 2677 in
971 2644 1036 2678 der
1050 2645 1164 2678 Scene
1182 2642 1245 2677 der
1260 2641 1614 2684 Wiedererkennung
1631 2640 1719 2674 oder
1731 2647 1798 2671 vor

269 2698 332 2731 der
347 2700 568 2744 Ausfiihrung
583 2699 646 2734 der
661 2700 782 2734 Rache
797 2701 1040 2742 vorkommen;
1064 2713 1120 2734 wo
1135 2699 1254 2735 solche
1269 2698 1555 2743 Begebenheiten
1573 2697 1640 2731 den
1654 2692 1796 2730 Anthefl

270 2765 314 2786 an
333 2755 406 2789 sich
422 2756 576 2800 reissen,
597 2756 689 2790 wird
708 2757 772 2791 der
786 2758 938 2792 Dichter
957 2757 1054 2792 nicht
1066 2757 1145 2792 eine
1162 2757 1280 2802 lange,
1302 2754 1532 2800 fremdartige
1551 2749 1796 2793 Verhmdlung

270 2810 514 2847 einschieben:
534 2813 580 2847 im
598 2813 738 2859 Anfang
753 2814 928 2860 hingegen
945 2813 994 2848 ist
1010 2815 1099 2849 noch
1115 2814 1246 2848 Musse-
1281 2813 1370 2847 Hier
1385 2811 1504 2846 diente
1519 2808 1595 2844 dies
1610 2805 1794 2850 Gezprich

270 2866 377 2910 auch,
397 2879 451 2902 um
470 2870 528 2904 die
544 2869 700 2916 Briider,
720 2870 778 2906 die
792 2870 870 2907 ihre
884 2872 1019 2906 Mutter
1036 2870 1287 2906 wiederfinden
1306 2869 1432 2905 sollten
1444 2894 1455 2912 ‚
1476 2860 1690 2906 vollstiindig
1708 2861 1794 2896 ken-

270 2933 338 2956 ncn
353 2933 395 2956 zu
409 2925 550 2960 lernen“
568 2931 637 2961 etc.
659 2932 728 2961 etc.
