1910 3138
277 229 360 272 392
454 231 730 271 COMMENT.
750 231 809 270 IN
829 231 952 271 HOR.
974 230 1073 270 LIB.
1093 231 1124 270 1.
1161 231 1326 271 EHST.
1343 233 1491 276 SEPT.
1508 233 1689 275 Dsscm.
1740 232 1796 278 44

279 344 413 393 Πὲδας
443 343 486 384 δὲ
515 344 802 398 περισφυρίους
829 341 904 396 τήν
926 343 1018 397 περὶ
1045 341 1140 392 τούς
1165 341 1296 393 πὸδας
1327 341 1523 398 ἀκοσμίαν
1547 350 1636 388 τῶν·
1655 362 1798 402 γυναι-

276 415 363 453 κοῖν
391 408 580 463 Φιλήμων
603 411 648 452 ἐν
671 409 889 468 συνεφήβῳ
913 416 1141 465 προσεῖπεν.
1187 413 1301 451 Ovid.
1326 412 1373 453 A.
1394 412 1444 457 Δ.
1469 415 1516 464 3,
1535 417 1632 458 272.
1657 416 1796 457 Senec.

276 481 431 532 Hippol.
460 478 604 531 32Ο*).
632 503 687 509 —
714 481 759 520 V.
787 481 854 521 57.
885 482 947 518 uti
970 494 1060 518 mox
1087 479 1220 517 Nulla
1236 479 1346 528 fides
1363 502 1419 511 —-
1438 481 1557 521 adlit.
1606 482 1798 522 Aristote-

276 549 322 586 lis
350 548 420 585 hac
450 548 497 586 de
525 561 567 586 re
602 562 734 587 vocem
770 549 988 587 multimodo
1026 549 1218 586 variarunt
1255 547 1395 588 Latini.
1431 548 1547 593 Hinc
1578 549 1797 600 Hieronymi.

275 617 398 667 Epist.
427 616 494 656 37.
524 616 573 653 ad
597 617 732 654 Julian.
763 616 870 658 Diac.
902 617 929 656 Ι.
957 630 996 667 p.
1031 617 1121 657 137.
1146 616 1350 668 Antiquae
1374 629 1500 658 cerm
1520 623 1604 660 asta
1633 618 1801 656 Menda-

276 698 338 721 ces
353 684 544 736 faciunt,
571 692 615 722 ut
642 698 713 722 nee
738 698 833 723 vera
859 683 1080 722 dicentibus
1106 685 1302 722 credatur.
1361 684 1577 725 Desbillom
1601 684 1696 727 ΓΕΒ.
1721 686 1799 725 Ae·-

276 767 358 804 sop.
388 754 429 802 2,
452 754 493 802 6,
523 754 563 792 7.
591 754 631 794 8.
667 753 917 805 Quicumque
941 753 1111 790 mendax
1131 766 1210 790 esse
1229 753 1424 799 creditur,
1451 753 1548 790 lieet
1562 751 1800 810 Aliquando

275 834 412 859 verum
440 820 572 866 dieat,
610 820 725 858 haud
745 821 859 872 facit
881 821 1025 870 fidem.
1070 821 1127 870 Ita
1156 821 1234 859 Cic.
1269 823 1318 861 de
1354 821 1478 862 Divin.
1517 822 1558 870 2,
1595 822 1668 871 71,
1688 821 1799 864 146.

275 889 513 939 Phaedr.1‚
548 890 620 938 10,
651 891 689 930 1.
720 892 758 931 2.
794 890 943 928 Erasm.
981 890 1130 940 Adagg.
1159 889 1209 940 4,
1241 891 1287 938 5,
1319 891 1387 932 62.
1425 889 1512 929 0011.
1545 888 1713 932 Huschk.
1747 891 1800 929 nd

232 964 237 967 ”
277 957 367 996 Tib.
395 958 444 1007 3,
471 959 518 1006 6,
547 955 615 998 49.
664 956 723 996 De
755 959 888 1008 partic.
925 971 1016 994 mox
1051 957 1160 1008 hujus
1197 959 1268 997 loci
1305 971 1380 997 non
1410 959 1603 996 immemor
1634 957 1802 1046 dispuht

276 1026 470 1064 Handizcs
496 1026 546 1063 ad
573 1025 737 1064 Tursell.
769 1026 832 1067 111.
863 1039 903 1078 Ρ.
929 1026 1010 1066 656
1027 1026 1103 1076 **).

387 1094 434 1133 V
476 1093 530 1134 58
561 1107 646 1144 sqq.
694 1093 783 1130 Nec
812 1093 932 1130 semel
964 1095 1105 1131 irrisus
1132 1117 1188 1123 ——
1221 1116 1275 1122 -—
1311 1094 1370 1132 Ex
1405 1093 1566 1145 abrupto
1603 1091 1802 1141 subjicitur

276 1162 505 1213 exemplum,
535 1161 588 1199 uti
616 1161 775 1200 vidimus
795 1163 835 1211 6,
867 1162 957 1207 56.;
985 1166 1216 1213 quapropter
1235 1170 1350 1200 curat
1375 1175 1451 1200 non
1475 1173 1561 1200 esse
1581 1159 1800 1200 mumdum

275 1235 376 1269 recte
414 1229 627 1268 observavit
659 1229 882 1280 Xylander.
930 1229 1017 1281 lpso
1046 1234 1170 1267 autem
1207 1229 1379 1281 exemplo
1412 1229 1521 1269 simul
1549 1233 1725 1279 cavetur,
1750 1240 1802 1268 ne

274 1313 363 1336 sera
386 1298 507 1335 cadat
527 1297 746 1348 prudentia
768 1297 927 1338 damno.
966 1297 1125 1335 Planus
1147 1297 1406 1349 Porphyrione
1431 1302 1584 1336 auctore
1610 1297 1800 1347 ,‚8curra“

275 1367 486 1412 Scholiasta
514 1366 667 1417 Cruquii
696 1369 793 1404 teste
821 1361 955 1414 ,ψει-το,
993 1365 1154 1404 mendax
1178 1366 1269 1416 fuit,
1308 1366 1371 1417 qui
1400 1364 1546 1406 solebat
1573 1365 1710 1404 multos
1741 1364 1800 1402 sic

275 1436 425 1485 fallere,
453 1436 491 1472 in
521 1447 678 1485 quorum
704 1434 874 1472 vehicula
893 1433 1044 1472 volebat
1069 1433 1172 1483 tolli,
1200 1438 1242 1472 ut
1260 1433 1421 1484 fingeret
1448 1446 1491 1472 se
1512 1446 1598 1472 crus
1622 1433 1800 1483 fregisse,

276 1505 340 1555 qui
367 1509 523 1557 postea,
551 1516 665 1554 quum
692 1515 781 1541 vere
810 1503 991 1552 fregisset
1017 1505 1055 1540 et
1082 1502 1180 1540 idem
1203 1506 1442 1552 precaretur,
1466 1502 1501 1540 ei
1527 1515 1604 1541 non
1631 1505 1691 1541 est
1717 1512 1801 1539 cre-

275 1575 436 1611 ‹litum.“
480 1573 576 1611 Cum
594 1571 667 1609 hoc
694 1572 774 1609 fere
803 1571 990 1609 consentit
1017 1569 1141 1619 Acro,
1171 1571 1235 1621 qui
1265 1570 1446 1621 „planum
1472 1570 1526 1608 ait
1549 1582 1687 1608 nomen
1714 1582 1801 1608 esse

275 1640 455 1689 hominis,
486 1641 549 1690 qui
576 1639 752 1677 solebam
786 1643 859 1680 etc.
903 1638 1020 1676 Paulo
1049 1637 1159 1676 aliter
1187 1638 1399 1677 Scholiasta
1425 1638 1528 1689 apud
1550 1637 1680 1677 Barth.
1702 1635 1800 1677 Adv.

275 1709 343 1754 37,
370 1710 435 1749 22.
463 1708 608 1745 Rursus
633 1707 718 1757 alii,
744 1712 785 1746 ut
811 1707 1009 1744 Dacerius
1020 1734 1036 1752 ,
1062 1706 1273 1744 mendicum
1296 1705 1558 1756 vagabundum
1579 1705 1803 1756 intelligunt,

276 1776 340 1825 qui
369 1775 440 1812 hoc
466 1776 658 1812 mendacio
687 1779 973 1826 praetereuntes
1002 1773 1190 1825 spoliandi
1217 1787 1331 1812 causa
1351 1774 1599 1814 arcessiverit.
1649 1773 1683 1811 A
1710 1784 1802 1811 vero

276 1855 396 1894 prope
429 1843 602 1881 afuerunt
627 1842 852 1880 Lambinus
886 1847 926 1880 et
969 1842 1168 1893 Cruquius
1180 1871 1195 1888 ‚
1234 1856 1346 1894 quum
1380 1843 1632 1895 impostores,
1672 1841 1802 1893 quales

275 1910 377 1961 apud
398 1908 630 1948 Athenaeum
662 1910 966 1960 Cephisodotus,
1003 1910 1213 1948 Pantaleon
1234 1916 1272 1949 et
1293 1910 1461 1950 Matreas
1487 1912 1549 1950 ille
1580 1910 1803 1950 Alexandn‘·

275 1991 346 2015 nus
372 1982 520 2027 essent,
552 1971 781 2026 significatos
811 1981 1000 2027 putarent.
1041 1978 1113 2016 His
1143 1979 1312 2028 vestigiis
1338 1979 1513 2018 insistens
1533 1992 1611 2019 rem
1627 1981 1802 2017 accurate

277 2045 487 2097 explanavit
515 2044 798 2090 Eichstadiws,
837 2045 903 2082 Vir
931 2059 1116 2092 summus,
1151 2047 1292 2096 quippe
1322 2046 1385 2096 qui
1418 2051 1572 2086 auctore
1604 2045 1799 2084 Athenaeo

278 2116 317 2163 1,
351 2115 416 2154 16.
446 2126 486 2163 p.
519 2114 585 2153 19.
622 2111 689 2161 14,
719 2114 754 2152 1.
784 2126 823 2162 p.
854 2115 935 2154 615
965 2126 1023 2163 sq.
1051 2113 1135 2154 coll.
1165 2113 1334 2153 Eustath.
1364 2115 1413 2151 ad
1436 2115 1551 2152 Hom.
1589 2112 1664 2151 Od.
1695 2112 1727 2150 Ι.
1758 2125 1799 2164 p.

278 2181 403 2222 1382.
429 2181 498 2220 39.
542 2180 653 2218 Rom.
685 2184 725 2218 et
763 2181 871 2219 Suid.
903 2194 939 2219 v.
974 2180 1163 2232 Ματρέας
1191 2180 1365 2231 planum
1402 2181 1506 2220 illum
1539 2180 1799 2220 circulatorem

387 2354 427 2399 *)
450 2354 588 2389 Similia
606 2354 688 2389 vide
703 2355 822 2400 (quern
841 2353 897 2389 hic
916 2354 1035 2389 laudat
1050 2354 1279 2398 Torrentius)
1300 2355 1393 2400 apud
1407 2354 1542 2388 Polluc.
1562 2355 1595 2398 2,
1611 2354 1667 2390 16.
1690 2355 1724 2398 7,
1741 2355 1801 2391 13.

277 2412 334 2448 23.
360 2413 501 2446 Wouvv.
522 2412 567 2446 ad
582 2412 727 2446 Petron.
745 2414 823 2448 126.
842 2411 959 2446 Beier.
980 2412 1024 2446 ad
1040 2411 1115 2447 Cic.
1129 2411 1270 2456 F.ragm
1295 2412 1415 2447 Oratt.
1431 2423 1467 2456 p.
1483 2409 1563 2446 105.
1581 2410 1737 2457 interpp.
1754 2398 1801 2447 ah

276 2469 391 2503 Moer·
412 2481 447 2514 p.
466 2468 548 2504 302.
570 2469 626 2503 ed.
647 2468 759 2503 Koch.
781 2468 941 2507 Hildebr
962 2469 1006 2503 ad
1027 2468 1163 2503 Arnob.
1186 2470 1218 2512 2,
1247 2468 1302 2504 23.
1330 2481 1368 2514 p.
1390 2467 1469 2504 156
1495 2468 1560 2504 Fr.
1587 2468 1732 2504 Jacobs.
1753 2469 1799 2503 V.

276 2537 313 2570 p.
334 2527 414 2561 290.
436 2526 645 2560 Hartmann.
684 2525 768 2570 „die
789 2525 991 2560 Hebraerin
1011 2537 1064 2560 am
1087 2525 1316 2560 Putztische“
1346 2525 1393 2559 Il.
1414 2537 1451 2571 Ρ.
1477 2525 1544 2560 183
1558 2525 1712 2563 -192.
1732 2525 1800 2560 ΠΙ.

277 2595 313 2626 p.
331 2583 397 2617 217
411 2602 468 2608 --
483 2584 562 2618 222.
586 2583 666 2616 coll.
686 2583 814 2617 Heind.
838 2583 881 2617 ad
902 2584 980 2618 Sat.
1002 2585 1035 2626 2,
1050 2583 1085 2626 3,
1104 2581 1182 2621 255,

369 2636 423 2682 **)
445 2641 611 2673 Ceterum
630 2640 766 2674 damnis
779 2640 933 2684 verisque
953 2640 1144 2684 doloribus,
1164 2644 1204 2673 ut
1216 2637 1413 2684 Epitheton
1432 2643 1616 2684 utrumque
1629 2636 1799 2672 Substan-

278 2693 387 2728 tivum
409 2695 555 2740 attingit
583 2701 623 2730 ut
651 2697 668 2730 1
682 2722 692 2740 ‚
715 2698 771 2732 17.
802 2702 915 2731 custos
937 2697 1140 2742 rigidusque
1167 2696 1322 2738 satelles,
1343 2694 1394 2728 ib.
1415 2694 1473 2729 33.
1501 2696 1628 2729 Fervet
1644 2692 1800 2728 ›avan-iun

278 2750 466 2795 miseroque
486 2753 644 2798 mpidine
660 2759 792 2797 pectus.
813 2755 869 2796 18,
896 2753 951 2788 23.
970 2753 1042 2787 sitis
1062 2753 1262 2798 importuna
1270 2755 1471 2796 sumesque.
1498 2753 1555 2793 20,
1573 2750 1610 2784 3.
1637 2749 1751 2783 clavo·
1765 2752 1799 2782 et

277 2812 390 2849 grata
411 2809 541 2853 sigilla.
568 2809 671 2843 Conf.
688 2821 768 2844 ann.
788 2810 832 2845 ad
849 2811 880 2853 1,
897 2811 931 2853 6,
954 2811 1010 2844 17.
1034 2806 1090 2853 14,
1110 2809 1167 2844 38.
1183 2805 1242 2844 43.
1265 2809 1436 2842 Wiistem.
1453 2808 1498 2842 ad
1511 2807 1590 2841 Sat.
1607 2806 1640 2848 1,
1656 2803 1692 2847 3,
1712 2803 1795 2838 130·

278 2860 431 2897 Dillenb.
463 2865 508 2898 ad
537 2865 607 2899 Od.
635 2868 668 2909 1,
700 2868 733 2910 2,
762 2868 795 2900 1.
818 2868 850 2910 2,
872 2866 927 2909 13,
949 2864 1005 2900 18.
1040 2867 1179 2901 Obbar.
1202 2865 1248 2900 ad
1268 2865 1338 2899 Od.
1358 2867 1391 2908 1,
1421 2863 1456 2908 5,
1483 2861 1519 2898 5.
1547 2862 1583 2896 J.
1606 2860 1651 2894 A.
1667 2859 1790 2905 Voigt.

278 2917 412 2961 Nugar.
435 2926 612 2962 grammat.
634 2923 761 2967 partic.
782 2924 812 2957 Ι.
832 2935 869 2968 Ρ.
891 2925 935 2959 20
954 2934 1033 2968 sqq.
1055 2925 1181 2959 Gossr.
1202 2923 1248 2957 ad
1267 2921 1366 2966 Virg.
1387 2921 1473 2955 Aen.
1492 2914 1527 2961 4,
1545 2915 1626 2952 588.
