1910 3138
85 167 167 209 1⁵69
218 162 501 206 comm.
521 165 579 205 [Ν
596 165 721 205 HOR.
739 165 839 204 LIB.
863 166 895 204 1.
926 164 1095 206 EPIST.
1113 164 1484 205 UNDEVlcRsm.
1525 161 1609 206 517

84 280 183 330 rint,
219 279 366 332 opponi
401 278 589 329 opinatur.
645 276 765 317 Aliter
796 277 869 316 sibi
901 279 1091 317 contraria
1121 277 1310 316 finxerunt
1342 277 1542 330 &nquius
1571 281 1612 315 et

84 347 257 396 Bastar,
284 358 444 397 quornm
470 345 533 384 ille
558 346 654 384 haec
679 346 728 383 ad
757 346 955 384 discrimen
982 344 1193 383 Archilochi
1221 345 1360 384 Graeci
1381 345 1512 384 inferri
1537 345 1610 384 sibi

82 414 305 465 permdet,
329 414 435 464 cnjus
461 414 624 464 „odiosa
641 411 904 451 maledicentia
922 413 970 451 ab
989 414 1160 463 ingenuis
1180 417 1219 451 et
1236 413 1407 452 honestis
1424 413 1514 451 viris
1533 412 1610 463 legi

83 482 237 533 indigna
266 480 423 530 fuerit,“
449 493 608 531 quorum
638 479 698 518 hic
735 480 954 530 ‚,pudicos“
980 482 1138 531 intelligi
1167 480 1257 522 vult.
1314 480 1475 532 Utrique
1500 479 1610 531 quasi

82 553 214 588 auctor
243 548 482 601 Porphyrion
496 547 539 598 *)
567 547 651 588 fuit.
716 547 895 586 Ceterum
922 549 970 586 de
998 549 1073 587 hoc
1098 549 1265 598 Poetae,
1303 548 1407 599 quod
1443 548 1610 586 carmina

82 629 152 655 sua
177 617 216 654 in
243 617 328 655 dies
355 629 379 655 a
412 615 666 666 compluribus
702 616 847 654 laudari
878 621 992 667 atque
1028 616 1144 653 amari
1179 616 1435 668 experiretur,
1476 615 1609 654 incita-

80 688 209 724 mento
234 685 335 723 conf.
361 697 443 721 van
471 683 635 721 Heusde
661 684 710 721 ad
732 685 813 722 Sat.
843 686 881 733 1,
910 686 950 725 9.
978 698 1016 735 p.
1045 685 1085 725 8.

190 751 238 790 V.
273 752 342 793 35.
374 750 443 793 36.
496 752 607 790 Scire
642 751 741 789 velis
765 773 823 781 -—
850 751 972 789 limen
1005 748 1198 803 iniquus?
1246 749 1444 801 „Exponit
1482 749 1608 788 Hora-

79 820 154 858 tius
182 819 363 871 deinceps
392 832 546 869 causas,
573 819 706 872 quibus
724 820 884 871 permoti
902 819 1072 858 homines
1095 819 1245 870 quidam
1268 817 1462 868 opuscula
1487 818 1608 869 ipsius

79 886 232 937 publico
260 887 347 925 odio
371 889 689 939 persequantur-5⁶
740 886 933 939 Ingratus
958 892 1084 925 autem
1118 886 1239 923 lector
1262 887 1367 924 audit
1393 899 1470 924 non
1488 899 1608 938 prop-

80 961 140 993 ter
166 954 407 993 acerbitatem
433 956 643 1006 quandam,
674 955 845 1006 „manch
870 954 1175 993 unsreundlicher
1201 953 1383 1002 Leser‚“
1411 954 1466 991 uti
1494 953 1609 991 vertit

86 1022 272 1068 Vossius,
302 1022 372 1060 sed
398 1022 487 1072 quia
513 1023 647 1073 quibus
674 1023 775 1062 domi
805 1023 1031 1071 delectatur,
1059 1035 1104 1060 ea
1129 1021 1387 1060 delectationis
1416 1021 1609 1059 immemor

79 1091 118 1127 in
135 1090 328 1128 hominum
349 1090 496 1128 circulis
521 1091 648 1142 inique
667 1091 853 1130 imminuit
871 1104 916 1128 ac
935 1091 1121 1141 deprimit.
1168 1089 1224 1126 lta
1251 1087 1336 1126 Liv.
1358 1089 1427 1136 22,
1447 1089 1516 1137 59,
1542 1089 1608 1129 10.

79 1170 151 1194 nec
170 1157 384 1208 premendo
409 1157 538 1195 alium
562 1172 625 1196 me
650 1159 835 1197 extulisse
864 1159 994 1196 velim.
1041 1157 1154 1195 ovid.
1183 1169 1228 1195 ex
1256 1156 1367 1193 Pont.
1387 1155 1430 1205 3,
1453 1158 1491 1202 1,
1513 1155 1607 1196 115.

85 1224 200 1275 Quae
216 1232 396 1276 praestat
426 1227 571 1264 virtute
602 1240 679 1264 sua
687 1255 703 1274 ,
746 1241 797 1265 ne
825 1229 966 1278 prisca
1005 1232 1178 1262 vetustas
1211 1223 1356 1261 Laude
1388 1223 1609 1273 pudicitiae

77 1292 239 1330 samaa
263 1300 399 1330 nostra
419 1300 589 1344 premat.
643 1295 801 1340 Quintil.
827 1297 895 1345 11,
926 1297 964 1346 1,
992 1294 1059 1333 16.
1122 1291 1203 1341 Qui
1227 1304 1267 1328 se
1292 1305 1418 1342 supra
1445 1291 1608 1328 modum

78 1359 251 1406 atella,
273 1374 453 1411 premere
483 1376 533 1399 ac
570 1363 768 1413 despicere
795 1363 968 1400 creditur
1003 1368 1157 1400 ceteros.
1215 1360 1310 1398 lbid.
1342 1362 1409 1409 12,
1441 1359 1507 1407 10,
1540 1356 1605 1399 14.

76 1428 220 1467 Similia
244 1429 330 1466 vide
358 1430 461 1481 apud
482 1430 599 1469 Fabr.
626 1432 676 1468 ad
702 1430 784 1469 Liv.
817 1433 886 1479 22,
918 1432 985 1477 12,
1019 1431 1083 1470 12.
1113 1428 1271 1478 Forbig.
1295 1427 1346 1464 ad
1372 1427 1479 1477 Virg.
1509 1426 1604 1464 Aen.

78 1499 148 1545 11,
177 1493 275 1537 401.
316 1497 476 1547 Rupert.
502 1498 552 1535 ad
577 1497 672 1536 Tac.
703 1499 799 1536 Ann.
831 1499 899 1548 15,
927 1497 998 1546 49,
1030 1499 1066 1537 1.
1108 1497 1276 1534 Kfihner.
1306 1496 1355 1533 ad
1381 1495 1463 1532 Cic.
1486 1493 1605 1531 Tusc.

77 1562 119 1613 4,
139 1565 208 1613 28,
226 1565 295 1604 61.
333 1563 365 1601 Δ
385 1577 478 1602 vero
496 1566 609 1616 igitur
626 1565 845 1616 longissime
867 1565 1030 1613 absunt,
1057 1565 1121 1614 qui
1137 1568 1292 1601 auctore
1316 1562 1529 1600 Scholiasta
1541 1561 1605 1613 **)

77 1631 194 1682 Cruq.
228 1631 377 1681 (,‚celet
410 1637 450 1670 et
482 1635 617 1671 ceteris
646 1634 858 1682 invideat“)
887 1638 929 1671 ut
963 1631 1179 1670 Chabotius
1207 1631 1412 1682 explicant:
1448 1634 1605 1680 „taceat

76 1697 117 1738 in
145 1712 353 1750 congressu
380 1704 419 1738 et
445 1705 556 1739 coetu
584 1701 819 1752 hominum,“
843 1707 910 1741 aut
938 1707 979 1741 ut
1002 1700 1272 1749 Doeringiust
1304 1701 1480 1748 „premat
1507 1698 1603 1735 invi-

75 1767 183 1806 dia.“
201 1789 259 1796 —
279 1768 472 1819 opuscula
495 1774 538 1807 ut
555 1767 597 1819 4,
616 1769 673 1820 3.,
699 1781 795 1820 quae
821 1782 859 1808 v.
879 1769 949 1812 42.
976 1782 1135 1819 nugas,
1163 1780 1199 1807 v,
1221 1764 1288 1806 44-
1306 1767 1463 1816 poetica
1483 1764 1605 1802 mella

75 1839 116 1873 et
144 1837 184 1884 1,
213 1836 279 1876 10.
322 1849 457 1874 versus
482 1843 519 1873 et
544 1844 673 1875 cetera
700 1837 886 1883 ludicra,
916 1837 984 1886 13,
1017 1838 1084 1876 17.
1135 1836 1324 1873 Carmina
1338 1863 1351 1880 ,
1381 1849 1483 1887 quae
1502 1848 1604 1886 pos-

75 1904 156 1939 sint
188 1902 322 1940 oculos
357 1906 546 1956 auris-que
585 1906 736 1942 morari
777 1905 956 1943 Caesaris
994 1905 1099 1945 dicit.
1161 1904 1202 1941 In
1235 1904 1466 1942 sententiam
1502 1902 1602 1940 conf.

75 1970 186 2011 Mart.
212 1972 254 2019 6,
282 1972 351 2011 61.

45 2071 62 2087 „
182 2037 230 2075 V·
257 2039 324 2077 37.
347 2038 416 2078 38.
457 2039 554 2076 Non
582 2054 653 2092 ego
672 2062 728 2068 —
747 2041 875 2079 vestis.
922 2040 1136 2078 Similitudo
1160 2052 1184 2076 a
1213 2039 1497 2076 candidatorum
1523 2048 1603 2073 am-

27 2096 46 2145 ⁴j
71 2101 154 2143 bitu
180 2105 301 2156 petita
327 2106 507 2146 irrisionis
533 2109 752 2159 plenissima
781 2114 849 2149 est,
899 2107 1021 2145 Plebs
1049 2114 1211 2144 ventosa
1238 2112 1280 2143 ut
1307 2106 1370 2142 illa
1396 2102 1602 2140 mobilium

73 2171 191 2210 turba
236 2173 452 2222 Quiritium
488 2175 564 2215 Od.
596 2178 636 2226 1,
673 2177 713 2226 1,
749 2178 788 2217 7,
830 2176 896 2226 (ib.
929 2175 1079 2214 Mitsch.
1118 2180 1156 2212 et
1193 2177 1315 2211 nostr.
1352 2185 1438 2210 ann.
1474 2172 1523 2209 ad
1559 2173 1601 2222 6,

183 2341 221 2388 *)
242 2344 278 2378 Is
295 2346 365 2380 sic:
385 2346 491 2389 „Hoc
510 2346 567 2380 vel
580 2347 626 2380 ad
639 2345 882 2380 Archilochum
898 2344 1070 2386 refertur,
1090 2343 1198 2376 multa
1219 2343 1395 2377 obscoena
1414 2341 1600 2387 dicentem,

71 2400 130 2433 vel
149 2398 194 2433 ad
213 2400 481 2447 Lucilium,ssqui
500 2413 611 2447 aeque
629 2403 736 2436 multa
755 2400 882 2446 punice
901 2401 964 2444 (de
984 2401 1189 2444 conjectura
1209 2399 1488 2445 Dillenburgen‘:
1513 2410 1600 2444 „cy—

72 2455 196 2498 nice“)
227 2467 354 2500 spurca
386 2459 621 2504 composuit.“
674 2457 839 2492 Concinit
867 2459 1008 2492 Auctar.
1037 2456 1268 2490 commentat.
1297 2461 1371 2489 vet.
1401 2467 1459 2500 ap.
1486 2455 1598 2502 Cruq.

71 2523 107 2556 p.
126 2508 227 2546 694.=
246 2512 351 2554 „Hoc
370 2514 427 2547 vel
446 2515 490 2548 ad
509 2514 753 2549 Archilochum
772 2513 927 2547 refertur
944 2512 1052 2546 multa
1068 2513 1244 2546 obscoena
1263 2512 1456 2546 dicentem:
1475 2513 1535 2546 vel
1551 2513 1599 2547 nd

71 2566 241 2600 Lucilium
253 2593 263 2610 ,
284 2568 344 2613 qui
364 2581 476 2615 aeque
491 2571 599 2604 multa
616 2570 783 2616 princeps
802 2570 867 2613 (de
882 2570 1086 2614 conjectura
1099 2580 1169 2602 van
1185 2569 1342 2603 Heusdii:
1360 2567 1598 2616 „deinceps“)

71 2634 199 2668 spurca
222 2624 457 2669 composuit.“

162 2677 223 2723 **)
243 2680 469 2725 Porphyrion
490 2692 592 2726 quum
611 2682 656 2716 ad
676 2681 773 2716 Scire
787 2681 869 2715 velis
883 2681 950 2714 hoc
966 2681 1150 2714 observat:
1169 2680 1300 2724 „deest
1314 2680 1453 2724 audies,
1475 2685 1515 2715 ut
1531 2681 1596 2716 sit:

71 2735 113 2769 Si
128 2736 210 2770 velis
227 2736 334 2781 scire,
358 2737 516 2779 audiesf‘
539 2743 648 2772 totam
669 2737 940 2771 enuntiationem
958 2748 1000 2770 eo
1020 2736 1141 2780 modo,
1160 2747 1229 2771 non
1246 2737 1518 2782 interrogando,
1538 2750 1597 2773 ac-

71 2792 187 2837 cepit,
215 2802 282 2836 quo
303 2804 366 2828 nos
386 2804 423 2828 v.
443 2795 489 2830 26
505 2794 632 2831 —28.
659 2804 724 2840 per
750 2792 1013 2838 intelligendum
1042 2793 1187 2828 verbum
1214 2793 1299 2830 scito
1332 2793 1595 2840 explicavimus.

71 2847 129 2882 Sit
147 2849 249 2883 sane!
