1910 3138
106 224 162 265 ⁴77

546 219 688 259 LIBRI
715 219 745 258 l.
774 210 779 213 ”
802 217 1059 258 EPISTOLA
1087 217 1172 258 XV.

1536 215 1620 259 237

175 346 383 407 Quicquid
418 349 513 391 erat
545 349 701 391 nactus
733 344 923 406 praedae
953 346 1152 404 majoris,
1184 344 1255 390 ubi
1284 348 1410 390 omne

173 427 377 472 Verterat
409 428 451 471 in
484 425 646 471 fumum
681 428 726 470 et
759 426 960 484 cinerem,
989 425 1123 484 „Non
1156 424 1333 469 hercule
1364 422 1550 486 miror,“

172 505 356 566 Ajebat,
392 507 474 565 „si
509 507 577 565 qui
613 503 840 550 comeduut
872 504 1010 563 bona,
1047 517 1173 561 quum
1206 495 1426 550 sit'obeso

106 664 255 710 Argeut.
270 664 351 700 515.
367 665 531 711 Gymnic.
546 662 629 701 541.
646 663 747 698 Glar.
762 660 843 698 543.

107 722 191 756 Bas.
219 721 301 757 531.
326 723 384 758 80.
414 723 549 757 Muret.
578 722 702 756 Lamb.
730 720 843 754 Pulm.

105 778 234 812 Ireuic.
262 778 348 823 xyl.
378 779 489 814 Fabr.
519 779 608 813 Min.
635 777 769 812 Piscat.
794 776 842 811 H.

107 835 235 880 Steph.
268 835 378 869 Torr.
405 836 540 869 Bersm.
568 834 694 869 Heius.
725 833 840 868 Bond.

106 891 249 926 Maroil.
265 891 406 926 Rodell.
425 893 557 938 Despr.
574 891 704 925 Zurck.
723 890 843 929 Burm.

107 947 213 982 Tart.
238 947 338 991 val„
368 950 576 994 comprobat
604 946 776 993 Rappolt.
804 958 843 992 p.

106 1001 211 1047 745„
238 1005 418 1049 expressit
441 1004 603 1039 Scheller
629 1004 666 1038 in
693 1003 846 1037 transla-

106 1060 218 1094 tione.
250 1062 414 1095 urendos.
448 1063 631 1096 Cor-rectus
662 1059 762 1094 Men.
794 1059 844 1094 ia.

108 1117 203 1151 Edd.
231 1117 327 1151 Tan.
354 1117 445 1152 Fab.
465 1123 503 1152 et
520 1118 608 1152 Duc.
637 1115 718 1162 (qui
737 1116 843 1159 defi).

108 1178 298 1218 eor-repom.
317 1173 419 1209 Men.
438 1175 488 1209 id.
521 1173 592 1208 Ed.
607 1173 743 1208 Biedm.
762 1171 844 1207 599.

107 1229 157 1264 At
174 1228 351 1275 scriptura
370 1229 534 1265 Maenius
550 1241 664 1275 paene
679 1228 773 1263 nulla
791 1228 845 1262 ni-

106 1285 197 1320 titur
223 1285 455 1329 auctoritate,
492 1292 666 1321 correcto»-
693 1285 844 1330 exigua;

108 1342 239 1377 etenim
257 1343 412 1377 Gesneri
430 1343 467 1377 3.
487 1342 513 1376 i.
534 1354 568 1377 e.
588 1343 670 1378 coll.
690 1342 845 1376 Saxiana

107 1398 158 1434 nil
177 1403 234 1433 est
250 1399 319 1433 nisi
330 1411 402 1434 vox
415 1399 580 1434 recinens
592 1399 844 1433 Lambinianae

108 1454 335 1501 suspicionis,
357 1456 539 1490 Combium
556 1456 641 1489 novi
659 1455 846 1500 negligen-

106 1517 178 1546 tem
189 1516 337 1546 tutorum
346 1523 485 1546 suorum
495 1512 712 1555 collatorem,
729 1512 845 1546 Ober-

107 1568 181 1603 lino
201 1573 315 1602 autem
334 1568 473 1602 humani
492 1569 577 1614 quid
596 1569 769 1603 accidisse
788 1579 847 1602 su-

110 1625 241 1670 spicor.
267 1625 327 1658 Ex
346 1625 478 1659 nostris
498 1636 581 1659 mss.
599 1625 695 1659 solus
710 1625 849 1658 Gotba·

109 1692 174 1715 uus
190 1680 245 1714 illi
263 1681 470 1726 scripturae.
481 1681 672 1726 suffragari
688 1681 845 1715 videtur.

109 1737 328 1772 Varietatem
349 1742 463 1772 autem
481 1738 617 1772 trutina
634 1737 847 1772 examinanti

110 1793 180 1828 uisi
202 1794 299 1827 inter
324 1805 394 1828 scr.
419 1800 594 1829 eor-rectus
612 1798 650 1828 et
667 1799 847 1839 correptus

111 1849 211 1895 optio
228 1861 299 1884 non
322 1850 439 1884 datur.
474 1851 672 1897 Utrumque
699 1851 847 1885 verbum

110 1898 243 1952 ubique
268 1907 434 1941 confundi
460 1908 590 1941 docent
628 1908 699 1941 Gu.
737 1908 844 1942 Cant.

112 1963 159 1997 N.
187 1962 233 1998 L.
253 1959 299 2006 4,
327 1965 385 1998 12.
412 1963 459 1997 ad
483 1963 604 2009 Epist.
625 1966 668 2008 2,
694 1965 735 2009 1,
765 1964 846 1998 129.

110 2019 230 2053 Lamb-
260 2024 299 2053 et
333 2020 401 2053 Fe.
430 2019 475 2054 ad
510 2020 589 2054 Sat.
619 2022 660 2065 2,
689 2020 733 2064 3,
764 2019 844 2055 257.

111 2069 216 2110 Cort.
252 2075 299 2110 ad
336 2075 423 2110 Sall.
459 2076 540 2120 Jug.
570 2073 634 2120 94,
661 2077 698 2111 7.
735 2079 773 2110 et
801 2075 846 2111 ad

88 2132 245 2166 ‘Lucam-
271 2133 312 2173 8,
340 2133 398 2167 86.
435 2132 582 2167 Biinem.
610 2132 655 2167 ad
681 2132 845 2167 Lactant.

109 2187 199 2223 lust.
219 2189 237 2222 1
251 2214 262 2232 ,
284 2184 326 2231 4,
349 2185 384 2222 4.
405 2189 524 2224 Burm.
541 2188 585 2223 ad
599 2189 701 2224 Suet.
722 2189 847 2225 Claud.

110 2243 169 2278 31.
188 2241 249 2279 41.
279 2244 411 2278 Domit.
437 2246 471 2280 2.
501 2246 613 2281 Drak.
634 2246 679 2280 ad
702 2245 785 2280 Liv.
811 2244 845 2288 5,

112 2301 170 2343 28,
197 2301 232 2335 8.
272 2299 326 2334 Ac
352 2313 397 2335 ne
417 2301 502 2347 quid
521 2302 753 2346 dissimulem,
783 2303 847 2336 ob-

112 2356 249 2390 servari
274 2357 401 2401 velim,
442 2362 585 2393 nostros
611 2370 694 2393 mss.
721 2369 846 2392 nomen

113 2410 246 2445 Bestiam
259 2412 358 2446 modo
368 2414 480 2448 verbo
491 2414 728 2458 antecedenti,
741 2415 845 2449 modo

114 2466 277 2511 sequenti
296 2467 505 2513 adjungere,
529 2471 623 2516 quod
644 2475 683 2505 et
700 2470 738 2504 in
760 2470 847 2504 mul-

114 2521 163 2554 tis
188 2521 287 2564 edd„
310 2533 395 2567 quas
411 2534 481 2558 non
501 2526 697 2570 nominavi,
718 2530 759 2559 ut
777 2527 847 2560 Pa-

112 2577 176 2611 ris.
199 2576 278 2612 752.
301 2579 469 2620 urendos,
492 2587 664 2616 corrector
683 2583 778 2615 Best.
798 2581 847 2616 t‘d.

113 2633 245 2668 factum
267 2644 347 2666 esse
367 2635 474 2668 semel
495 2634 624 2671 indico.
659 2637 848 2682 Antiquam

113 2696 231 2724 antem
258 2689 444 2723 lectionem
465 2695 591 2735 utpote
612 2692 681 2726 loci
703 2698 847 2727 seuten-

114 2746 188 2780 tiae
216 2745 362 2779 maxime
394 2747 703 2791 accomodatam,
744 2759 847 2794 quam

115 2801 274 2835 Diintzer
301 2811 438 2847 quoque
462 2803 688 2847 comprobat,
722 2809 846 2838 contra

117 2857 323 2901 optimorum
344 2856 500 2902 interpp.
525 2858 768 2894 auctoritatem
788 2871 846 2893 re-

118 2911 305 2949 ducendam
326 2913 518 2949 arbitratus
542 2925 628 2949 sum.
665 2914 846 2949 Commen-

1560 505 1618 548 40

886 662 994 707 tarii,
1032 661 1093 709 qui
1119 662 1215 697 infra
1242 667 1345 707 sunt,
1384 673 1460 698 ean
1484 663 1525 698 in
1551 662 1623 697 cla-

886 720 984 755 riore
1003 723 1139 765 ponent
1156 719 1235 754 luce
1246 745 1257 764 ,
1285 719 1339 755 ita
1354 724 1397 754 ut
1413 719 1502 754 nihil
1516 725 1625 764 agant

887 777 948 822 qui
970 776 1028 810 vel
1046 776 1210 821 Bentlejo
1228 781 1269 811 ut
1287 777 1512 811 Weichertus
1534 777 1626 821 (Re-

886 834 949 879 nq.
977 838 1077 879 poet.
1105 833 1168 867 lat.
1196 846 1234 879 p.
1263 830 1366 878 420.)
1389 824 1435 867 'et
1461 833 1511 868 0.
1539 834 1625 868 Jah-

887 891 966 925 nius
989 891 1035 924 ad
1062 890 1167 925 Pers.
1194 902 1232 936 p.
1256 892 1351 934 220.,
1378 889 1437 924 vel
1458 890 1558 924 Fene
1583 895 1626 924 ut

887 947 1000 982 Pium.
1023 946 1070 981 ad
1087 947 1192 981 Pers.
1213 959 1251 992 p.
1271 946 1354 982 519.
1377 946 1625 991 astipulantur.

889 1004 1109 1037 Sententiam
1129 1003 1219 1037 hanc
1241 1003 1413 1049 proposui
1439 1003 1477 1036 in
1499 1003 1626 1046 „Zeits

888 1060 1016 1095 schrift
1037 1061 1066 1094 f.
1091 1060 1127 1095 d.
1149 1060 1419 1095 Alterthmsw.“
1441 1056 1545 1095 1843.
1575 1059 1623 1095 N.

889 1117 969 1152 131.
998 1129 1034 1163 p.
1063 1114 1167 1152 1046.

943 1173 990 1208 V.
1017 1173 1075 1208 38.
1111 1173 1153 1207 Si
1174 1172 1257 1217 qm‘d
1284 1178 1372 1207 erut.
1412 1172 1502 1207 Mss.
1538 1173 1624 1219 aliq.

888 1230 999 1265 Τοιτ.
1037 1230 1134 1264 Edd.
1162 1228 1278 1263 Beutl.
1306 1229 1383 1275 (qui
1410 1229 1506 1273 def.)
1525 1230 1625 1264 cun.

887 1288 973 1321 San.
1007 1287 1108 1331 Traj.
1146 1287 1192 1320 ad
1228 1286 1344 1320 Rben.
1382 1286 1464 1322 713.
1504 1286 1625 1321 Merv,

887 1344 1017 1378 Franc.
1036 1343 1145 1378 Bask.
1164 1342 1312 1387 Dorigh.
1333 1343 1455 1387 Sivry.
1474 1343 1627 1378 Hubert.

887 1401 1017 1443 Duru„
1053 1401 1185 1446 probat
1207 1399 1302 1434 Jani.
1336 1411 1374 1446 p.
1403 1401 1485 1435 212.
1533 1400 1630 1434 Con-

886 1463 946 1492 tra
972 1457 1169 1501 Bentlejum
1192 1456 1376 1502 disputant
1405 1456 1562 1491 Schmid.
1590 1462 1630 1492 et

890 1513 1005 1548 Orell.
1017 1525 1028 1554 3
1048 1513 1171 1548 similis
1183 1519 1298 1547 autem
1309 1513 1526 1557 pronominis
1538 1514 1629 1558 quis-

888 1570 964 1615 quis
987 1570 1080 1604 ratio
1111 1574 1169 1604 est
1195 1570 1266 1603 Od.
1295 1569 1336 1613 3,
1365 1567 1432 1614 24,
1457 1569 1537 1614 25.,
1565 1571 1628 1604 ubi

888 1627 1072 1671 Bentlejus
1086 1626 1224 1672 pariter
1237 1627 1400 1661 mutavit.
1431 1627 1553 1672 Caput
1565 1638 1626 1661 au-

888 1688 960 1718 tem
986 1684 1042 1718 rei
1067 1689 1146 1727 est,
1176 1688 1216 1717 ut
1236 1683 1293 1717 hic
1318 1683 1486 1727 Quicquid
1507 1683 1628 1718 verbis

889 1740 940 1774 m‘l
966 1740 1039 1774 Aut
1062 1740 1210 1786 paulum
1244 1741 1438 1774 abstulerat
1471 1751 1629 1785 oppona-

889 1802 962 1831 tur.
991 1796 1094 1830 Conf.
1117 1796 1261 1841 Zumpt.
1286 1796 1330 1830 ad
1354 1795 1434 1830 Cic.
1456 1795 1566 1832 offic.
1590 1798 1626 1841 3,

891 1853 1036 1897 13,11.
1064 1872 1120 1879 —-
1146 1858 1307 1887 nundus.
1351 1852 1424 1887 Ms.
1452 1853 1565 1888 Palm.
1593 1856 1627 1890 1.

891 1910 1006 1945 Orell.
1023 1909 1071 1944 E.
1093 1909 1238 1951 (contra
1258 1909 1420 1955 disputat
1433 1909 1623 1954 Orell.)—

888 1967 1044 2012 praedae
1063 1970 1159 2000 noct.
1178 1966 1307 2009 major.
1344 1966 1415 2000 Ms.
1445 1966 1563 2001 Guelf.
1594 1968 1628 2002 2.

889 2022 961 2056 Ed.
990 2021 1143 2067 Cuning.
1171 2022 1217 2056 de
1243 2023 1459 2067 conjectura.
1490 2042 1539 2048 —
1570 2022 1631 2056 uhi

890 2089 1037 2113 omnem.
1088 2079 1160 2112 Ms.
1187 2078 1288 2113 Mon.
1316 2091 1353 2124 g.
1394 2079 1450 2113 De
1482 2078 1628 2112 insolita

889 2135 975 2169 sede
1004 2134 1201 2180 particulae
1235 2135 1297 2169 ubi
1331 2139 1372 2168 ut
1408 2135 1486 2168 Sat.
1516 2136 1559 2178 2,
1592 2135 1627 2177 6,

890 2193 971 2227 102.
1007 2191 1101 2225 conf.
1133 2190 1292 2225 Huschk.
1322 2190 1367 2224 ad
1393 2191 1482 2227 Tib.
1511 2191 1553 2233 2,
1589 2186 1627 2234 4,

889 2249 947 2282 17.
986 2267 1037 2274 -
1076 2247 1122 2281 V.
1149 2247 1208 2282 39.
1251 2246 1417 2281 Ver-teret.
1460 2245 1531 2280 Ms-
1559 2245 1628 2280 Fe.

888 2304 924 2347 3,
952 2304 979 2337 f.
1014 2303 1130 2338 Orell.
1164 2303 1212 2337 E.
1240 2302 1340 2336 Mon.
1365 2302 1402 2337 b.
1434 2313 1467 2335 e.
1498 2320 1547 2327 —
1586 2313 1630 2337 ae

886 2360 1048 2394 cinerem.
1075 2359 1168 2393 Edd.
1194 2359 1279 2392 San.
1299 2357 1451 2402 Dorigh.
1470 2375 1526 2383 —-
1543 2356 1630 2392 Non

888 2416 1038 2449 hercule.
1083 2415 1139 2448 De
1166 2413 1231 2448 hac
1263 2413 1367 2447 brevi
1401 2412 1540 2458 syllaba
1573 2414 1627 2448 ul-

889 2471 975 2504 tima
1001 2471 1048 2505 cf.
1071 2469 1232 2504 Lindem.
1256 2469 1302 2503 ad
1320 2468 1437 2504 Plant.
1462 2469 1568 2505 Trin.
1588 2471 1625 2515 3,

891 2528 925 2569 1,
949 2527 1006 2560 17.
1027 2526 1138 2559 Conr.
1162 2524 1371 2560 Schneider.
1394 2526 1626 2570 ,‚Formeul.“

890 2594 927 2627 p.
950 2578 1010 2615 44.
1038 2579 1180 2614 Ramsb.
1209 2581 1277 2614 Gr.
1306 2580 1369 2615 lat.
1396 2584 1431 2624 s.
1449 2582 1504 2625 29,
1535 2584 1568 2618 1.

947 2637 990 2669 V.
1004 2633 1063 2670 40.
1088 2637 1271 2670 comedam
1282 2636 1387 2671 bona.
1410 2637 1479 2673 Ma.
1497 2638 1623 2676 conl».

889 2693 934 2726 D.
957 2691 1056 2725 Mon.
1078 2691 1103 2725 1.
1129 2692 1298 2735 (comod.)
1321 2695 1504 2730 comedunt
1524 2696 1623 2731 bene.

889 2746 984 2781 Edd.
1021 2746 1102 2781 Ald.
1126 2746 1208 2782 501.
1237 2748 1294 2783 19.
1330 2749 1426 2784 Juut.
1452 2749 1535 2787 514.
1561 2752 1622 2789 19.

889 2803 1080 2846 Argentor.
1108 2802 1190 2839 515.
1225 2803 1308 2839 Asc.
1324 2803 1417 2841 519.
1449 2806 1504 2853 (in
1531 2819 1623 2844 com-

889 2863 1036 2892 mentar.
1071 2859 1181 2905 bona)
1219 2860 1302 2895 Bas.
1335 2860 1417 2898 531.
1454 2865 1619 2910 Gymnic.

889 2911 971 2949 541.
1000 2915 1170 2960 Vasoos.;
1204 2927 1326 2953 verum
1350 2919 1444 2955 vidit
1475 2925 1622 2968 praeter
