1910 3138
240 213 322 255 512
377 214 659 255 COMMENT.
680 214 737 254 IN
757 214 882 254 HOR.
901 213 1001 253 LIB.
1021 214 1051 253 1.
1082 213 1249 254 EPIST.
1270 212 1639 255 UNDEVICESIM.
1690 211 1771 254 164

353 330 394 366 V.
423 331 476 370 28
502 351 558 356 —
584 328 653 368 31.
708 329 915 378 Temperat
936 327 1176 366 Archilochi
1193 349 1248 359 -—.
1265 328 1440 365 carmine
1467 327 1598 366 nectit.
1635 324 1768 369 Quum

237 398 417 436 Horatius
445 409 548 434 suam
575 396 747 434 imitandi
772 397 956 435 rationem
985 409 1030 434 ea
1066 396 1258 440 libertate,
1297 408 1372 446 qua
1398 395 1566 446 insignes
1591 393 1645 431 illi
1672 406 1770 444 poe-

237 471 298 504 tae.
318 465 471 516 Sappho
499 468 539 501 et
569 462 725 502 Alcaeus
753 464 791 502 in
818 464 1040 516 recipiendis
1057 463 1273 501 'Archilochi
1301 447 1473 502 numeris‘
1490 463 1551 501 usi
1577 461 1671 511 sint,
1700 474 1766 500 ex-

238 537 362 582 cuset,
391 532 506 570 verba
535 531 716 579 Bentley‘o
745 536 898 570 auctore
925 532 980 570 ita
1003 532 1263 583 componenda
1291 535 1398 569 sunt:
1436 530 1642 582 „Sappho
1669 537 1768 567 tem-

231 608 372 652 perat,
403 600 582 637 Alcaeus
611 606 803 651 temperat
832 600 999 637 Effusam
1028 599 1174 650 (suam,
1203 599 1366 636 carmina
1393 599 1478 650 sua)
1494 598 1534 648 *)
1555 598 1659 650 pede
1681 597 1768 635 Ar-

236 761 341 783 cenas
362 748 558 794 gerichtet,
579 749 768 794 gleichsam
788 749 840 784 als
855 755 971 784 erster
988 750 1141 795 Epilog,
1164 751 1242 784 dem
1262 750 1352 784 noch
1371 749 1429 784 ein
1445 748 1612 794 zweiter,
1638 759 1683 783 an
1703 748 1766 783 das

236 807 333 840 Buch
353 806 590 850 gerichteter‚
611 807 739 852 folgt.“
778 807 842 840 His
862 807 1000 852 quidem
1020 807 1142 841 verbis
1166 807 1228 841 Vir
1247 807 1468 842 doctissimus
1488 817 1556 840 non
1576 806 1679 841 modo
1698 816 1767 840 non

236 863 462 898 cohaerentia
477 863 571 897 inter
585 874 626 898 se
637 891 646 907 ‚
666 864 727 898 sed
745 864 890 898 maxime
906 864 1082 910 disjuncta
1097 864 1227 899 dixisse
1242 864 1397 900 videtur.
1437 865 1548 903 Poeta
1561 863 1652 898 enim
1666 863 1768 909 quasi

235 932 428 955 sermonem
446 921 490 954 de
511 920 584 954 suis
605 921 732 955 studiis
751 921 924 966 poeticis,
957 933 1046 968 quac
1066 923 1206 967 patroni
1233 921 1429 956 doctissimi
1445 919 1580 966 judicio
1601 919 1766 955 arbitrio-

235 989 303 1024 que
324 977 517 1023 permittit,
543 988 617 1012 cum
642 969 765 1012 eodem
795 978 914 1014 habet.
953 978 1120 1024 Reliqua,
1144 989 1233 1024 quae
1258 976 1339 1012 huc‘
1354 978 1508 1022 faciunt,
1537 975 1767 1011 indicavimus

235 1046 353 1080 supra.
389 1035 555 1068 Ceterum
571 1035 615 1069 de
635 1035 762 1078 modis,
790 1035 847 1080 qui
864 1034 970 1070 iidem
996 1041 1077 1069 sunt
1099 1035 1250 1080 numeri,
1271 1036 1345 1070 vid.
1370 1034 1496 1071 Heind.
1517 1033 1561 1068 ad
1587 1033 1666 1067 Sat.
1684 1034 1717 1077 1,
1732 1029 1768 1074 4,

236 1091 293 1126 58.
313 1098 351 1125 et
370 1090 520 1125 Dillenb.
541 1092 587 1126 ad
608 1092 677 1127 Od.
702 1091 737 1134 3,
761 1092 820 1135 30,
844 1089 921 1133 14.;
955 1093 1000 1126 de
1019 1104 1091 1126 non
1113 1093 1255 1127 mutatis
1274 1092 1383 1127 modis
1407 1091 1497 1126 dixit
1519 1091 1701 1134 Bentlejnas
1723 1090 1770 1124 ad

236 1148 354 1192 Epod.
379 1150 432 1191 11,
455 1150 488 1182 1.
516 1160 553 1194 p.
573 1148 654 1183 339.
674 1149 729 1183 ed.
750 1149 869 1193 Lips.‚
896 1149 939 1182 de
963 1160 1024 1183 usu
1055 1149 1158 1183 verbi
1183 1150 1284 1184 timui
1304 1149 1488 1194 Heindorf.
1507 1147 1554 1181 nd
1575 1147 1654 1181 Sat.
1675 1149 1709 1190 1,
1731 1143 1768 1190 4,

239 1203 295 1238 23.
325 1204 522 1239 Formulam
541 1207 591 1239 Ac
609 1217 655 1239 ‘ne
673 1217 726 1239 me
744 1205 944 1250 negativam
964 1206 1058 1250 (Cic.
1081 1206 1125 1240 de
1150 1206 1213 1240 Or.
1233 1207 1265 1247 1,
1286 1208 1318 1250 2,
1334 1207 1369 1240 8.
1393 1217 1448 1250 pr.
1476 1205 1573 1240 Sest.
1589 1205 1647 1247 67,
1667 1200 1768 1246 140.)

237 1266 275 1293 et
288 1260 553 1304 intelligendum
568 1270 650 1296 ante
668 1273 701 1297 v.
717 1263 772 1299 28.
787 1263 931 1297 verbum
944 1263 1027 1297 scito
1041 1262 1294 1298 illustravimus
1310 1263 1355 1296 ad
1368 1264 1424 1306 18,
1441 1262 1514 1307 58„
1529 1260 1621 1296 adde
1634 1261 1766 1296 Bauer.

237 1317 282 1350 ad
302 1317 425 1350 Sanct.
448 1316 532 1351 Min.
553 1319 602 1352 ΙΙ.
623 1331 658 1364 p.
675 1321 754 1355 220.

350 1382 387 1426 *J
409 1383 618 1417 Tentamina
630 1386 863 1432 interpretum
884 1388 1061 1431 Bentlejas
1079 1386 1113 1421 h.
1129 1387 1154 1422 1.
1176 1397 1276 1432 quum
1292 1384 1453 1420 censoria
1468 1385 1615 1432 quadam
1629 1385 1769 1431 virgula

237 1440 378 1475 notavit
389 1466 400 1485 ,
423 1446 496 1474 tum
516 1439 585 1473 loci
604 1452 744 1476 acumen
763 1455 957 1490 quanquam
974 1443 1105 1479 ceteris
1121 1443 1261 1488 melius,
1282 1450 1397 1478 tamen
1412 1454 1482 1477 non
1497 1443 1542 1478 ab
1558 1442 1651 1477 omni
1663 1449 1769 1488 parte

237 1498 371 1532 rectius
390 1497 595 1531 illustravit.
636 1498 773 1533 Novam
791 1506 905 1535 autem
930 1501 1042 1535 facem
1063 1501 1139 1535 loco
1162 1499 1332 1546 praetulit
1347 1505 1384 1534 et
1407 1499 1638 1545 BentleJanae
1657 1497 1770 1546 expli-

239 1554 373 1589 cationi
396 1553 564 1588 calculum
585 1552 723 1588 addidit
741 1556 898 1591 Welcker
915 1558 949 1591 in
965 1558 1082 1592 Jahnii
1101 1558 1273 1602 ,‚NJbb.⁴⁴
1291 1557 1392 1594 1830.
1414 1556 1498 1591 XII.
1521 1558 1554 1592 1.
1573 1568 1610 1602 p.
1625 1553 1672 1593 24
1686 1566 1768 1602 sqq.

239 1613 338 1656 cujus
355 1611 628 1656 disputationem
649 1611 702 1654 (in
719 1611 858 1655 „kleine
873 1613 1078 1648 Schriften“
1099 1626 1238 1660 quoque
1251 1615 1280 1649 I.
1298 1627 1333 1659 p.
1350 1611 1429 1649 140.
1447 1613 1651 1659 repetitam)
1671 1613 1768 1659 typi·

238 1668 387 1712 repetiit
405 1668 553 1702 Orellias
567 1667 603 1701 in
620 1667 765 1702 Excurs.
787 1681 824 1714 p.
840 1669 920 1703 588.
956 1671 1008 1704 De
1023 1673 1128 1715 pede,
1152 1683 1253 1717 quem
1266 1672 1446 1715 Bentlejus
1458 1676 1558 1706 recte
1577 1681 1769 1716 „numeros

239 1724 443 1759 Archilochi
459 1725 515 1758 vel
531 1723 742 1758 versiculum
759 1726 959 1770 integrum“
980 1726 1066 1760 dicit
1083 1727 1162 1762 coll.
1180 1726 1299 1771 Odq4,
1315 1729 1349 1772 6,
1367 1727 1424 1762 35.
1444 1727 1486 1766 A.
1503 1729 1544 1762 P.
1563 1729 1622 1763 81.
1649 1738 1770 1773 quem-

241 1792 309 1827 que
330 1782 428 1815 Neue
447 1782 480 1814 iu
504 1781 640 1826 Sapph.
658 1781 774 1827 Mytil.
794 1781 935 1826 Fragm.
956 1795 992 1828 p.
1013 1784 1067 1818 17.
1087 1788 1124 1817 et
1142 1784 1188 1818 W
1187 1784 1352 1819 eichertus
1369 1784 1503 1828 (Lectt.
1522 1784 1612 1818 Ven.
1631 1795 1667 1829 p.
1689 1780 1768 1827 94.)

239 1850 306 1884 pro
331 1838 418 1882 pede
434 1839 553 1882 jambo
574 1837 710 1872 illorum
731 1838 831 1884 poesi
851 1839 1003 1873 admixto
1020 1839 1168 1884 habent,
1191 1841 1329 1874 uberius
1349 1840 1512 1874 dixerunt
1529 1840 1770 1875 Marklandus

242 1899 279 1929 et
300 1894 460 1928 Handius
483 1895 527 1927 ad
553 1895 649 1927 Stat.
673 1894 763 1928 Silv.
786 1897 818 1939 1,
835 1897 866 1937 2,
884 1897 917 1934 9.
954 1896 1006 1929 De
1026 1907 1061 1928 v.
1077 1901 1267 1941 temperat,
1286 1897 1313 1931 i.
1330 1908 1361 1930 e.
1387 1897 1432 1930 ad
1458 1896 1640 1931 arbitrium
1659 1897 1766 1942 regit,

241 1951 334 1986 conf.
358 1951 517 1984 Lambin.
540 1950 584 1983 ad
602 1950 671 1983 Od.
687 1953 720 1995 1,
737 1953 771 1994 8,
787 1953 821 1986 7.
845 1952 1037 1986 Mitscherl.
1064 1953 1107 1985 ad
1131 1952 1198 1987 Od.
1214 1949 1248 1995 4,
1266 1952 1302 1996 3,
1319 1953 1372 1990 18.
1407 1952 1508 1993 Quae
1528 1965 1660 1998 genera
1683 1964 1767 1988 ver—

241 2019 338 2043 suum
358 2013 503 2052 praeter
517 2008 669 2051 jambum
689 2007 917 2041 Archilochus
931 2007 1128 2050 invenerit,
1152 2009 1292 2042 uberius
1309 2013 1346 2042 et
1359 2009 1494 2053 plenius
1509 2011 1635 2045 edocet
1653 2010 1768 2044 [sichel

240 2067 276 2100 in
295 2063 424 2099 Archil.
443 2063 561 2109 Reliq.
586 2076 620 2108 p.
638 2063 683 2098 23
698 2076 792 2110 sqq„
814 2064 856 2097 de
876 2064 996 2098 metris
1018 2071 1055 2098 et
1075 2064 1176 2109 poesi
1189 2065 1310 2098 Alcaei
1325 2071 1467 2109 praeter
1481 2066 1567 2101 alios
1585 2067 1768 2113 disputant

246 2122 404 2157 Welcker
418 2121 452 2155 in
475 2121 548 2162 „kh
565 2120 738 2154 Schrift.‘⁴
753 2121 781 2155 I.
804 2132 839 2166 p.
863 2118 924 2155 141
943 2132 1033 2166 sqq„
1053 2123 1094 2155 G.
1110 2121 1335 2155 Hermannus
1351 2121 1388 2155 in
1405 2122 1545 2166 „Elam
1562 2122 1674 2158 doctr.
1694 2134 1766 2157 me-

240 2179 350 2214 tric.“
372 2189 408 2223 p.
425 2179 493 2213 687
509 2189 599 2223 sqq„
620 2177 796 2212 Matthiae
810 2178 854 2211 ad
869 2177 944 2212 Alc.
966 2177 1084 2223 Mytil.
1107 2177 1246 2222 Fragm.
1264 2190 1299 2222 p.
1316 2177 1338 2212 5
1354 2190 1433 2224 sqq.
1455 2179 1534 2214 coll.
1550 2179 1612 2214 Fr.
1628 2179 1765 2217 Jacobs.

240 2236 277 2271 in
298 2235 470 2281 „Angerm
493 2234 716 2279 Encyclop.“
736 2234 823 2279 LPS.
845 2235 945 2269 1819.
964 2235 1028 2268 111.
1050 2246 1083 2279 p.
1101 2234 1180 2268 133.
1200 2235 1415 2279 Bernhardy.
1434 2235 1654 2279 „Grundriss
1667 2236 1764 2272 etc.“

240 2294 289 2328 II.
313 2305 347 2338 p.
368 2289 437 2326 477
453 2304 545 2337 sqq.,
569 2292 613 2326 de
634 2292 798 2337 Sapphus
816 2291 944 2325 studiis
963 2291 1112 2336 poeticis
1136 2291 1179 2325 F.
1204 2291 1259 2327 W.
1280 2291 1421 2326 Richter
1438 2292 1492 2326 in:
1512 2291 1680 2338 „Sappho
1695 2291 1764 2327 und

241 2349 403 2383 Erinna“
417 2354 483 2382 etc.
507 2348 696 2390 Quedlinb.
715 2348 829 2392 1833„
849 2349 896 2383 W
896 2349 1007 2382 elo-ker
1019 2348 1065 2383 H.
1078 2359 1111 2392 p.
1125 2347 1170 2382 83
1182 2358 1257 2393 sqq.
1273 2348 1488 2393 Bernhardy.
1502 2350 1546 2382 11.
1562 2346 1677 2394 p.483
1685 2360 1764 2394 ,sqq-

243 2407 323 2440 coll.
347 2407 467 2443 Plehn,
487 2405 523 2439 in
546 2405 708 2441 Lesbiae.
727 2404 819 2439 libro
840 2417 877 2451 p.
900 2406 1034 2440 169—
1055 2405 1132 2439 198.
1154 2409 1191 2437 et
1214 2404 1313 2438 Neue
1338 2404 1361 2438 l.
1389 2404 1411 2437 Ι.
1438 2417 1472 2450 p.
1495 2406 1536 2441 12
1551 2423 1606 2430 ——
1623 2406 1678 2441 17.
1711 2405 1765 2439 De

243 2463 364 2497 ordine
383 2467 517 2504 autem,
541 2463 567 2497 i.
589 2475 621 2497 e.
652 2467 840 2496 metrorum
869 2461 1063 2496 variatione
1091 2466 1127 2495 et
1154 2459 1368 2494 connexione
1391 2460 1439 2495 W
1437 2461 1568 2495 elckero
1588 2461 1767 2506 Bentlejnw

243 2518 410 2565 praeivit.
446 2519 579 2553 Rursus
598 2519 778 2553 Hocheder
798 2519 952 2553 ordinem
970 2518 1052 2561 „die
1071 2518 1194 2552 innern
1209 2517 1346 2552 Motive
1361 2528 1437 2551 zum
1453 2519 1646 2564 Gesange“
1664 2517 1766 2553 intel·

243 2576 322 2619 ligit
342 2580 378 2609 et
401 2575 578 2609 Welckero
598 2575 649 2609 ita
669 2575 878 2610 adversatur
899 2575 1077 2618 Diintzer,
1098 2579 1137 2608 ut
1152 2573 1246 2608 dicat
1260 2575 1315 2618 (p.
1332 2573 1438 2617 525):
1468 2574 1607 2618 „Wenn
1626 2586 1666 2610 er
1681 2575 1766 2610 aber

244 2632 397 2665 erklart:
429 2633 635 2677 „„Sappho
654 2633 722 2666 und
742 2634 888 2666 Alcaeus
907 2631 1076 2665 mischten
1094 2630 1130 2665 in
1150 2630 1225 2664 ihre
1246 2629 1377 2665 Lieder
1398 2631 1510 2665 Verse
1530 2631 1594 2666 des
1610 2631 1765 2666 Archilo-

243 2689 324 2722 chus
344 2699 412 2722 von
429 2689 691 2722 verschiednem
709 2687 903 2733 Rhythmus
918 2689 986 2722 und
1002 2687 1251 2723 verschiedner
1269 2687 1458 2732 Lange,““
1484 2687 1552 2722 und
1567 2688 1690 2722 ordine
1705 2688 1769 2722 auf

244 2769 267 2786 „
281 2744 363 2785 „die
379 2745 493 2789 Folge
513 2746 582 2779 und
598 2744 827 2790 Verbindung
844 2746 908 2779 der
925 2745 1200 2780 verschiedenen
1215 2743 1434 2779 Versarten“
1447 2745 1471 2763 ‘⁴
1494 2743 1765 2779 unta-einander

244 2800 397 2842 erklart‚
418 2811 456 2834 so
473 2802 610 2836 k6nnen
626 2802 693 2835 wir
711 2802 808 2836 nicht
821 2803 1050 2841 beistimmen.
1085 2803 1149 2836 Pes
1161 2801 1209 2836 ist
1224 2801 1268 2835 im
1285 2801 1521 2846 Allgemeinen
1536 2800 1594 2835 die
1604 2799 1686 2843 Art,
1705 2798 1763 2833 die

243 2855 366 2889 Weise
381 2855 441 2890 des
458 2856 598 2892 Liedes.
628 2859 708 2903 vgl.
724 2870 829 2894 carm.
846 2857 880 2903 4,
897 2861 929 2902 6,
943 2859 1001 2895 35.
1031 2859 1123 2893 Ordo
1142 2859 1234 2893 kann
1253 2857 1370 2892 seiner
1390 2857 1616 2900 Verbindung
1637 2865 1761 2900 wegen

243 2910 319 2945 hier
335 2911 430 2946 nicht
443 2914 506 2947 aus
516 2914 573 2948 die
587 2915 698 2959 Folge
715 2909 903 2950 derverse
929 2915 1018 2960 gehn
1029 2942 1038 2960 ,
1060 2916 1212 2950 sondern
1236 2926 1300 2950 nur
1323 2916 1386 2950 auf
1406 2913 1464 2949 die
1479 2915 1667 2958 gesmmte
1684 2914 1763 2956 Art,
