1910 3138
311 210 396 252 430
438 209 716 251 COMMENT.
739 209 795 248 IN
815 209 940 250 HOR.
958 207 1057 248 LIB.
1076 209 1105 247 1.
1146 209 1312 250 EPIST.
1333 210 1746 255 DUODEVICESM.
1788 214 1841 255 82

313 325 499 376 voluptas
512 351 527 369 ,
555 323 656 361 conf.
686 322 767 361 Cic.
795 322 913 364 Tusc.
935 323 976 372 5,
995 322 1066 372 33,
1095 320 1163 364 94.
1192 326 1232 360 et
1258 335 1345 363 ann.
1370 325 1421 366 ad
1448 327 1491 375 2,
1522 325 1591 367 55.
1635 325 1737 364 Hinc
1763 326 1845 364 fru-

312 401 392 432 stra
415 396 522 441 sunt,
552 391 612 442 qui
643 395 685 428 ut
709 391 856 428 lanius
873 395 1033 442 propter
1059 391 1177 430 verba
1204 391 1400 442 sequentia
1422 392 1564 442 jacam
1589 394 1748 433 Veneris
1774 393 1844 446 (Ο.

311 462 420 499 Jahn.
455 460 504 497 ad
533 458 643 496 Pers.
671 458 714 508 3,
744 456 813 500 49.
851 463 888 497 et
920 458 1057 501 Loers.
1092 459 1141 496 ad
1177 456 1290 498 Ovi'd.
1321 459 1440 497 Trist.
1471 460 1514 507 2,
1539 456 1654 512 474.)
1689 461 1845 511 intelligi

310 528 474 576 malunt,
502 539 715 577 quanquam
745 527 794 566 de
820 527 977 565 tesseris
1006 527 1065 565 vel
1092 527 1178 565 talis
1201 527 1315 565 Anth.
1333 527 1398 565 lat.
1425 527 1468 577 3,
1498 529 1568 578 77,
1597 529 1663 571 11.
1691 529 1844 566 dicitur:

311 596 496 634 Pascitur
523 609 550 632 a
573 594 712 632 multis
734 594 854 632 avide
880 595 1078 633 damnosa
1097 595 1295 646 voluptas.
1318 617 1375 623 —
1389 608 1583 646 praeceps
1607 595 1700 634 alea
1717 596 1846 635 nudat

309 668 470 716 propter
500 663 726 715 periculum,
762 676 810 701 ne
837 677 900 702 res
931 663 1212 714 qualiscumque
1243 667 1303 711 est
1331 663 1532 705 dilabatur.
1587 663 1713 702 Nimis
1736 665 1845 702 anxie

315 734 516 785 Cruquius
527 761 543 779 ,
583 744 693 783 quem
730 735 940 782 sequuntur
975 731 1187 770 Hoclzeder
1212 736 1252 771 et
1289 731 1463 770 Orellius
1476 759 1490 777 ,
1530 732 1650 782 „qnia
1676 731 1736 770 vel
1761 743 1845 769 mo-

308 806 436 840 mento
470 802 706 853 depauperet
730 799 907 839 lusorem.
918 799 946 823 ‘⁶
999 799 1085 844 Quo
1111 801 1195 851 jure
1233 799 1460 839 Lambinus
1498 800 1703 852 Epitheton
1723 809 1846 850 prae-

309 884 400 920 ceps
427 870 694 922 „aptissimum
727 868 775 905 ad
808 867 920 906 'aleae
942 869 1115 918 jactum“
1144 870 1267 918 dicat,
1304 869 1415 908 facilc
1447 868 1691 918 intelligitur,
1722 879 1846 917 neque

310 939 509 988 quisquam
539 936 801 989 comprobabit
829 935 1148 988 Haberfeldum,
1183 938 1242 976 cui
1271 951 1463 988 praeceps
1486 936 1577 975 alea
1609 941 1690 984 est,
1717 934 1844 985 ‚,alea‚

309 1008 357 1044 ad
386 1019 497 1057 quam
524 1017 710 1058 praeceps
738 1005 860 1042 fertur
892 1009 935 1043 ut
963 1006 1044 1047 Sat.
1079 1009 1124 1056 1,
1152 1005 1200 1055 4,
1229 1005 1297 1047 30.
1327 1006 1432 1047 31.“
1479 1005 1610 1044 Potius
1633 1003 1845 1050 dicendum,

309 1075 413 1114 aleae
441 1075 526 1112 lusu
551 1073 719 1111 homines
747 1074 975 1125 praecipites
1004 1075 1131 1123 abire,
1166 1076 1190 1116 i.
1229 1088 1265 1114 e.
1302 1074 1551 1126 pessumdari.
1607 1071 1719 1110 conf.
1746 1070 1845 1109 Her-

308 1157 395 1194 zog.
425 1143 474 1180 ad
503 1141 597 1180 Sall.
625 1141 712 1179 Cat.
744 1141 818 1191 23,
847 1140 887 1182 4.
921 1142 1044 1180 Kritz.
1076 1143 1125 1181 ad
1161 1143 1239 1190 37,
1277 1142 1317 1183 4.
1372 1142 1583 1181 Commode
1617 1139 1848 1178 Schmidiuo

309 1215 504 1262 comparat
529 1210 606 1248 od.
628 1210 667 1258 2,
699 1210 739 1260 1,
765 1212 803 1250 6.
845 1210 1100 1248 Periculosae
1117 1210 1286 1262 plenum
1306 1224 1406 1261 opus
1424 1210 1536 1247 aleae
1547 1237 1563 1255 ,
1590 1221 1723 1261 parum
1745 1211 1846 1246 recte

308 1278 546 1323 Hoclzeder‚
587 1278 650 1328 qui
685 1278 733 1315 de
770 1278 911 1316 morbis
941 1279 1061 1317 acutis
1098 1278 1262 1329 cogitat,
1299 1279 1378 1320 Sat.
1409 1279 1461 1328 2,
1487 1278 1542 1328 3,
1571 1277 1667 1319 293.
1708 1276 1849 1326 Neque

310 1337 551 1385 consentiunt
575 1346 803 1398 interpretes
828 1347 1010 1385 Germani
1037 1350 1080 1385 ut
1110 1346 1311 1384 scheller.-
1341 1346 1439 1396 „der
1466 1345 1629 1384 fallende
1653 1343 1846 1382 wilrici-‘⁶

308 1419 350 1452 ut
379 1415 421 1452 J.
454 1415 628 1452 Merkel.-
660 1415 761 1465 „der
788 1415 1016 1465 gefahrliche
1035 1413 1224 1454 Wiirfel.“
1266 1414 1327 1453 De
1348 1415 1434 1466 lege
1453 1413 1587 1463 talaria
1603 1413 1702 1454 conf.
1729 1411 1846 1453 Torr.

308 1484 357 1521 ad
386 1483 464 1522 Od.
492 1484 534 1533 3,
565 1483 633 1533 24,
662 1484 728 1525 58.
777 1483 922 1523 Rader.
951 1483 1001 1522 ad
1027 1483 1140 1521 Mart.
1169 1484 1220 1532 5,
1250 1481 1342 1534 (81)
1372 1483 1451 1533 85,
1481 1482 1522 1523 5.
1558 1479 1629 1531 14,
1660 1482 1708 1532 1,
1737 1481 1779 1521 3.
1806 1485 1846 1519 et

310 1551 462 1590 omnino
491 1552 651 1604 Rupert.
680 1556 718 1590 et
749 1552 882 1590 Heinr.
911 1550 961 1590 ad
989 1550 1077 1590 Juv.
1106 1552 1145 1600 1,
1174 1552 1242 1592 87.
1271 1554 1344 1602 11,
1383 1551 1462 1593 131
1491 1563 1550 1601 sq.
1589 1547 1682 1591 174.
1709 1547 1846 1588 Loers.

311 1620 359 1657 ad
391 1621 504 1661 Ovid.
534 1621 655 1661 Trist.
689 1622 739 1670 2,
770 1619 869 1661 471.
901 1619 1061 1658 Becker.
1076 1619 1117 1670 *)
1146 1620 1196 1657 ad
1225 1620 1324 1658 Gall.
1358 1620 1403 1658 ll.
1431 1633 1471 1671 p.
1500 1618 1585 1661 2-20
1612 1629 1699 1668 sqq.

421 1688 470 1725 V.
490 1689 557 1730 22.
604 1689 747 1726 Gloria
771 1702 955 1741 quem—
969 1690 1126 1739 unguit.
1171 1687 1328 1727 Gloriae
1350 1701 1475 1735 amor,
1497 1699 1610 1738 quem
1630 1685 1767 1724 Graeci
1786 1685 1846 1723 vel

308 1756 564 1806 κενοδοξίαν,
594 1758 653 1796 vel
688 1758 911 1812 βαναυσίαν
950 1756 1127 1808 (Aristot.
1157 1756 1280 1795 Ethic.
1313 1758 1360 1806 2,
1393 1758 1440 1804 7,
1464 1756 1542 1807 6.),
1583 1753 1711 1794 Latini
1738 1755 1842 1792 inso-

309 1822 476 1860 lentiam
514 1825 672 1873 (Manut.
710 1826 759 1863 ad
788 1826 870 1863 Cic.
909 1825 1033 1876 Epist.
1069 1826 1119 1863 ad
1149 1824 1236 1866 Div.
1264 1826 1312 1874 9,
1345 1824 1418 1873 20,
1446 1822 1504 1874 5.)
1542 1827 1681 1862 vocant
1707 1823 1849 1874 quique

308 1903 423 1942 supra
452 1891 649 1930 facultates
679 1893 818 1930 vestitu
846 1898 883 1931 et
913 1895 1112 1943 unguentis
1135 1894 1190 1931 uti
1215 1892 1347 1943 jubet,
1384 1904 1460 1928 non
1491 1891 1709 1931 lautissimis
1738 1892 1846 1941 cibis,

309 1971 406 2008 quos
428 1959 621 1996 Marc-ilio
648 1965 803 1998 auctore
831 1960 892 1998 hic
919 1961 1094 2011 intelligit
1131 1960 1356 1998 Torrentius
1381 1958 1466 1996 coll.
1493 1961 1560 2009 17,
1597 1961 1662 2002 12.
1706 1959 1846 1998 Intem-

309 2027 412 2076 gitur
438 2026 573 2077 homo,
601 2029 660 2065 cui
688 2026 819 2064 cultus
845 2030 975 2077 major
999 2042 1118 2065 censu
1147 2033 1207 2066 est
1235 2027 1333 2078 (Sat.
1357 2028 1397 2076 2,
1417 2027 1458 2075 3,
1485 2027 1614 2079 323.)‚
1642 2028 1701 2065 vel
1729 2039 1844 2080 quem

311 2102 444 2132 tenues
470 2095 631 2132 decuere
659 2102 774 2147 togae
803 2094 998 2147 nitidique
1025 2096 1169 2146 capilli
1190 2095 1331 2146 (Epist.
1365 2094 1432 2143 14,
1462 2095 1564 2146 32.).
1609 2095 1702 2134 Inde
1729 2095 1843 2134 Juve-

309 2164 386 2202 nal.
408 2164 448 2212 3,
469 2165 564 2206 180.
607 2163 697 2216 Hic·
710 2162 819 2200 ultra
842 2164 945 2200 vires
962 2162 1123 2221 Izabjtus
1142 2166 1246 2200 nitor
1259 2178 1271 2199 .-
1302 2163 1368 2201 Ιιὶσ
1387 2163 1550 2214 aliquid
1563 2163 1683 2213 plus,
1713 2163 1844 2214 Quam

309 2234 408 2270 satis
435 2240 502 2272 est.
547 2231 668 2272 Plaut.
697 2231 815 2272 Mero.
844 2226 994 2282 prolog.
1018 2232 1085 2273 22,
1124 2232 1212 2268 Nec
1237 2231 1310 2281 pol
1330 2231 1507 2282 profecto
1526 2232 1739 2282 quisquam
1760 2234 1844 2270 sine

306 2302 461 2351 grandi
486 2301 593 2338 malo
618 2301 849 2352 Praequam
877 2314 938 2336 res
958 2300 1116 2350 patitur
1139 2299 1292 2336 studuit
1312 2298 1545 2350 elegantiae.
1594 2297 1655 2337 De
1673 2312 1845 2349 unguen—

309 2374 435 2406 torum
462 2370 608 2407 luxuria
630 2369 731 2408 conf.
757 2369 900 2419 B6ttig.
929 2372 970 2406 et
997 2366 1148 2408 Mitsch.
1182 2368 1232 2405 ad
1261 2367 1336 2404 Od.
1364 2367 1406 2415 4,
1431 2368 1498 2415 12,
1530 2368 1595 2408 17.
1634 2367 1774 2406 Rader.
1794 2370 1843 2406 ad

309 2435 422 2474 Mart.
450 2438 524 2486 13,
552 2438 673 2488 (121)
705 2438 808 2485 126,
842 2439 879 2477 1.
907 2450 945 2488 p.
975 2435 1070 2478 898.
1115 2436 1215 2475 Hinc
1245 2435 1308 2473 illa
1344 2434 1556 2472 adhortatio
1591 2436 1692 2486 apud
1726 2435 1842 2478 Mart.

312 2506 353 2552 2,
377 2505 445 2554 59,
467 2505 507 2545 3.
551 2505 713 2556 Frange
736 2511 865 2551 toros,
888 2510 978 2556 pete
997 2505 1094 2542 vina
1103 2532 1119 2550 ‚
1146 2517 1260 2541 rosas
1281 2517 1402 2553 cape,
1427 2505 1605 2554 tinguere
1630 2502 1844 2544 nanim-—

311 2569 357 2608 V.
386 2571 453 2613 23.
482 2573 569 2609 sitis
597 2574 850 2624 importuna,
879 2585 1014 2623 „quae
1040 2572 1220 2624 pecuniae
1251 2571 1424 2623 cupidum
1453 2571 1722 2622 conquiescere
1746 2583 1844 2610 nun-

421 2743 459 2789 *)
480 2743 725 2790 Scriptoribns
740 2745 792 2781 ihi
810 2745 962 2781 laudatis
983 2746 1076 2780 adde
1096 2745 1208 2780 Goksii
1226 2745 1401 2790 Respons.
1426 2746 1472 2780 ad
1487 2741 1736 2786 Quaestionem
1755 2751 1840 2786 pro-

312 2802 480 2844 positam.-
509 2802 592 2848 quid
616 2802 711 2844 alea,
741 2801 825 2849 quid
847 2803 983 2838 aleator
1002 2803 1051 2836 sit
1069 2803 1105 2836 in
1127 2803 1217 2836 Anu.
1244 2801 1405 2837 Academ.
1424 2803 1584 2846 Traject.
1605 2798 1696 2834 181⁷
1714 2816 1762 2823 -
1783 2799 1837 2834 18.

312 2858 355 2888 A.
382 2857 419 2891 G.
446 2859 672 2894 Stockmann.
696 2859 895 2895 Chrestom.
917 2861 988 2905 jur.
1010 2860 1136 2894 Horat.
1155 2870 1252 2905 spec.
1280 2864 1373 2894 sext.
1394 2857 1492 2904 Lips.
1514 2856 1615 2892 1808.
1635 2865 1670 2899 p-
1692 2854 1736 2887 V·
1757 2865 1836 2908 sqq·

313 2917 349 2944 et
370 2924 456 2956 quos
471 2915 616 2950 laudant.
630 2916 791 2952 Loersius
809 2917 834 2952 1.
856 2918 880 2951 l.
901 2923 938 2951 et
956 2916 1098 2952 Beier-us
1117 2916 1160 2951 ad
1182 2917 1259 2951 Cic.
1282 2915 1391 2951 Offic.
1408 2917 1440 2959 1,
1460 2912 1519 2957 42,
1540 2909 1619 2946 150.
