1910 3138
56 213 139 256 147
184 210 468 253 comNT.
488 213 546 253 IN
565 213 690 253 HOR.
708 211 810 252 LlB.
832 213 867 251 1:
898 210 1062 251 EPIST.
1083 209 1458 251 UNDEVIOESIM.
1502 209 1588 251 495

57 327 174 365 Conf.
206 321 403 366 Wuider.
432 327 480 364 ad
508 326 685 377 Sophocl.
717 326 843 376 Antig.
867 324 962 366 950.
1007 324 1111 362 Cave
1136 325 1272 375 igitur,
1299 337 1349 362 ne
1376 335 1459 362 cun
1481 324 1588 364 fasti-

56 395 110 433 dii
136 393 391 433 delicatissimi
421 393 692 446 interpretibus
710 394 860 431 Acrone
886 397 1041 431 auctore
1069 393 1119 430 de
1137 392 1320 430 matutino
1342 396 1487 430 tantun
1510 392 1588 430 vini

55 461 179 500 odore
207 473 253 500 ex
279 463 476 500 nocturnis
513 459 855 513 compotationibus
891 460 1028 497 emisso
1057 463 1123 496 aut
1150 471 1236 496 cum
1263 457 1513 510 Habet-selda
1538 459 1587 498 de

53 527 299 567 libationibus
335 529 456 567 Musis
484 542 592 568 mane
628 528 766 566 oblatis
798 528 953 577 cogites.
1003 526 1064 565 De
1093 525 1258 563 Baccho
1294 531 1490 577 poetarum
1517 538 1587 578 pa·

55 599 170 634 tro'no
198 597 283 635 vide
311 610 405 647 quos
429 599 582 636 laudant
609 595 788 635 Schnu'd.
819 596 868 633 ad
894 595 931 633 h.
958 595 983 632 l.
1013 599 1052 632 et
1077 595 1126 632 ad
1154 597 1192 644 2,
1225 597 1264 644 2,
1293 595 1362 635 78.
1390 598 1431 632 et
1456 594 1587 631 Benk-

55 662 163 711 tejas
194 665 244 702 ad
279 665 356 702 od.
383 666 433 713 2,
470 667 542 714 19,
575 667 613 705 7.
657 664 742 702 coll.
771 663 906 700 Loers.
941 663 990 700 ad
1024 662 1139 700 ovid.
1178 662 1300 700 Trist.
1326 662 1372 707 5,
1399 661 1450 711 3,
1479 664 1517 703 1.
1545 667 1587 701 ct

56 731 291 784 Hertzberg’.
330 733 379 770 a'd
409 733 523 784 Prop.
555 735 595 782 2,
623 732 694 781 30,
722 732 792 772 37.
847 730 907 768 De
946 730 1104 781 Satyris
1133 729 1364 780 Faunisque
1389 729 1488 767 illius
1513 729 1587 769 Dei

53 800 254 838 comitibus
285 800 376 849 (od.
405 802 443 848 1,
478 802 515 849 1,
545 801 614 841 31.
645 801 686 848 2,
715 799 784 847 19,
812 794 870 847 4.)
904 797 990 836 vide
1027 797 1096 835 Fr.
1138 797 1358 834 Thema-lcii
1392 809 1587 837 censuram

55 867 171 905 libelli
200 866 303 916 „Del
330 864 405 905 Dio
430 867 564 905 Fauno
596 881 618 906 e
646 865 708 905 de'
739 867 821 902 suoi
851 866 1017 915 sequaci.
1064 865 1334 903 Osservazioni
1361 886 1418 894 —-
1447 888 1503 895 --
1529 887 1583 895 .-

55 935 96 972 di
126 935 309 973 Odoardo
339 935 526 974 Gerhard.
554 934 716 987 Napoli,
752 933 903 974 1825.“
940 932 979 970 in
1014 932 1269 981 „Kunstblatt
1294 946 1378 971 zum
1405 933 1587 983 Morgen-

54 1002 183 1041 blatv‘
213 1003 336 1045 1825.
364 1003 417 1043 N.
450 1001 542 1044 104.
593 1003 721 1041 Verba
747 1007 871 1039 autem
904 999 1011 1036 male
1037 1013 1154 1037 sanos
1180 1000 1344 1052 (Auson.
1372 1000 1475 1038 Clar.
1501 1001 1583 1039 urb.

55 1071 99 1118 3,
126 1070 166 1111 5.
216 1070 320 1108 Urbs
350 1092 398 1099 —
427 1092 484 1099 —
510 1072 679 1108 amentis
708 1069 851 1120 populi
878 1067 983 1105 male
1009 1082 1113 1106 sana
1141 1068 1334 1119 tumultu)
1365 1069 1471 1106 simili
1498 1082 1586 1108 sen-

55 1138 196 1176 tentiae
223 1134 392 1177 aeduine
418 1143 532 1188 atque
556 1140 604 1176 A.
635 1140 679 1179 P.
703 1139 798 1179 296.
826 1141 866 1175 et
891 1136 973 1174 Sat.
994 1137 1035 1185 2,
1053 1137 1096 1186 3,
1116 1137 1214 1177 322.
1242 1141 1440 1187 poetarum
1468 1138 1586 1187 signi-

54 1206 171 1244 ficant
199 1202 510 1257 ἐνθουσιασμόν.
562 1207 619 1244 lta
647 1206 837 1244 Lucianus
874 1204 994 1252 (Tim.
1027 1205 1063 1243 1.
1091 1208 1130 1242 et
1157 1203 1364 1256 Philopatr.
1396 1205 1455 1255 2.)
1490 1219 1585 1256 poe-

54 1277 115 1311 tas
145 1269 436 1326 ἐμβροντήτους
468 1279 577 1315 vocat
608 1277 646 1312 et
677 1275 715 1312 in
745 1273 920 1324 ambiguo
956 1272 1051 1310 ludit
1086 1272 1268 1310 Martialis
1298 1273 1364 1320 12,
1392 1271 1448 1312 37
1478 1271 1584 1324 (46),

56 1342 95 1381 2.
117 1341 171 1378 ib.
199 1341 298 1382 Rad.
333 1342 519 1380 Vendunt
538 1343 716 1379 carmina
740 1364 792 1371 -—-
820 1342 974 1387 Sanos,
1008 1339 1205 1384 Classis-e,
1234 1353 1341 1376 nunc·
1362 1354 1466 1391 nega
1485 1355 1585 1391 poe-

55 1415 130 1447 tae.
165 1408 250 1447 Juv.
278 1410 322 1458 7,
349 1410 416 1450 59.
438 1410 508 1461 (ib.
538 1410 717 1460 Rupert.)
752 1410 895 1461 Neque
920 1410 1027 1445 enisa
1052 1414 1215 1444 cantare
1241 1407 1316 1444 sub
1340 1416 1457 1446 antro
1486 1410 1582 1446 Pie-

10 1523 16 1525 ί
53 1478 114 1513 n'o
134 1476 361 1528 thyrsumve
383 1484 510 1527 polest
536 1478 760 1528 contingere
787 1491 888 1514 sana
916 1478 1155 1527 Paupertas,
1205 1474 1265 1512 De
1293 1476 1358 1514 illo
1386 1482 1585 1528 poetarum

54 1543 182 1581 divino
211 1545 369 1595 spiritu,
402 1557 479 1594 quo
508 1546 626 1582 inflati
653 1546 869 1597 μαίνεσθαι
902 1546 1093 1592 videntur,
1129 1543 1230 1580 conf·
1267 1544 1445 1595 imprimis
1482 1546 1582 1585 Plat-

58 1609 226 1650 Phaedr.
253 1625 294 1662 p.
325 1608 419 1652 245.
461 1611 505 1651 A.
537 1612 648 1655 Serv.
674 1614 723 1650 ad
757 1613 861 1664 Virg.
898 1612 976 1654 Ecl.
1003 1614 1045 1662 7,
1073 1610 1140 1652 25.
1177 1610 1362 1662 Porphyr.
1393 1619 1433 1651 et
1454 1614 1584 1654 schol.

56 1678 174 1729 Crnq.
203 1679 252 1716 ad
276 1678 371 1717 Hor.
400 1679 523 1729 Epist.
550 1679 591 1724 2,
620 1681 659 1728 2,
691 1679 783 1721 104.
811 1681 972 1731 interpp.
999 1681 1050 1718 ad
1076 1680 1158 1717 Cic.
1186 1693 1244 1730 pr.
1267 1680 1381 1718 Areh.
1405 1686 1512 1732 poet.
1541 1683 1582 1730 8,

58 1746 125 1786 18.
160 1747 210 1784 de
239 1746 308 1786 Or.
338 1747 378 1795 2,
417 1745 487 1794 46,
525 1744 617 1786 194.
650 1747 698 1784 de
735 1747 857 1785 Divin.
900 1750 939 1797 1,
975 1748 1045 1797 37,
1084 1748 1153 1788 80.
1188 1748 1306 1788 Tuse.
1335 1750 1383 1797 1,
1416 1751 1484 1800 26,
1513 1750 1582 1792 64.

55 1813 199 1851 Arnob.
230 1816 270 1863 1,
300 1814 337 1855 1.
373 1813 441 1863 (ib.
470 1812 660 1862 Elmenh.)
697 1814 833 1851 Senee.
866 1814 915 1853 de
943 1815 1090 1866 Tranq.
1117 1828 1177 1853 an.
1209 1816 1272 1856 15.
1304 1821 1343 1854 et
1371 1830 1468 1867 quos
1499 1818 1581 1855 lan-

55 1881 150 1919 dant
175 1881 299 1920 Both.
327 1881 376 1918 ad
398 1881 478 1922 Sat.
499 1883 538 1930 2,
558 1881 599 1929 3,
618 1881 714 1922 322.
746 1881 928 1923 ΝίίωσΙι,
952 1883 1002 1920 ad
1022 1883 1118 1923 Plat.
1143 1882 1223 1920 Ion.
1244 1884 1338 1933 prol.
1359 1897 1398 1934 p.
1422 1885 1475 1925 14
1495 1898 1580 1935 sqq.

55 1948 279 1988 Hermann.
305 1949 355 1986 ad
382 1947 538 1989 Lucian.
574 1949 624 1987 de
655 1949 839 1987 conscrib.
865 1950 1010 1988 Histor.
1041 1952 1081 1991 8.
1108 1964 1147 2001 p.
1180 1950 1247 1992 54.
1279 1957 1321 1988 et
1346 1953 1385 1989 in
1414 1953 1581 1989 Seebod.

56 2015 233 2064 ethahn.
259 2016 426 2065 „Archiv
449 2017 512 2055 fiir
536 2017 667 2058 Philol.
695 2032 732 2055 u.
759 2018 1008 2068 Paedagog.“
1040 2016 1161 2058 1840.
1190 2017 1253 2055 Vl.
1280 2021 1317 2059 1.
1346 2033 1385 2070 p.
1414 2020 1480 2060 56.
1510 2022 1578 2061 60.

64 2081 335 2133 Graefenhan.
359 2084 447 2121 ibid.
479 2086 599 2125 1842.
629 2085 727 2125 Vlll.
751 2088 786 2125 1.
815 2099 854 2136 p.
873 2085 941 2124 33.
985 2085 1185 2124 Praeterea
1207 2086 1344 2123 festive
1362 2087 1580 2142 Λεενιῗρεζι,

55 2153 264 2200 „tanquam
289 2151 329 2188 in
355 2151 540 2202 legionem
567 2153 716 2201 suam,“
745 2154 849 2202 quod
877 2152 1029 2190 verbum
1056 2153 1290 2203 Porphyrion
1315 2154 1471 2192 militare
1495 2166 1581 2193 esse

56 2216 158 2254 dicit.
205 2218 300 2256 Post
324 2219 419 2256 hanc
455 2219 619 2258 limatam
656 2233 780 2258 rerum
822 2224 859 2256 et
895 2220 1092 2257 verborum
1128 2221 1345 2258 tenuitatem
1379 2221 1472 2258 mira
1511 2221 1580 2259 tibi

55 2283 242 2322 videbitur
269 2286 380 2325 Dan.
410 2288 575 2326 Heinsii
606 2289 890 2339 interpretatio,
928 2287 1137 2336 Satyricum
1166 2288 1294 2324 dmma
1324 2288 1580 2338 intelligentis,

0 2349 1 2352 ¹
55 2353 163 2402 eujus
190 2357 233 2391 ut
256 2355 473 2404 tragoediae
495 2356 612 2406 ipsius
638 2367 792 2406 praeses
822 2353 939 2391 Liber
965 2353 1098 2404 fuerit,
1127 2358 1170 2391 ut
1197 2354 1301 2392 locus
1325 2354 1421 2392 hanc
1444 2356 1582 2396 habeat

57 2422 299 2464 sententiam:
328 2422 416 2470 „Ex
439 2435 514 2472 quo
544 2423 673 2460 drama
700 2421 910 2470 Satyricum
939 2420 1129 2458 invectum
1153 2425 1212 2459 est
1237 2427 1275 2460 et
1300 2427 1436 2472 poetas
1465 2424 1583 2462 furio-

57 2499 123 2524 sos
150 2500 234 2524 cum
253 2488 394 2526 insanis
416 2489 562 2538 Satyris
582 2489 751 2527 Bacchus
779 2487 992 2538 conjunxit,
1020 2487 1110 2524 nihil
1138 2488 1271 2538 reliqui
1293 2488 1341 2526 ab
1370 2491 1416 2528 iis
1441 2491 1580 2532 factum

58 2553 164 2591 est.“
210 2554 288 2591 Sed
320 2555 534 2601 Heinsius,
575 2558 635 2594 cui
667 2557 796 2593 Simeo
826 2556 975 2593 Rosius
1011 2559 1050 2593 et
1076 2554 1329 2602 Lambinus,
1364 2570 1479 2608 quum
1507 2561 1580 2598 Sa·

1 2647 4 2649 Α
59 2626 225 2670 tyrorum
252 2633 388 2658 nomen
425 2622 475 2658 ad
501 2628 633 2673 poetas
667 2623 860 2671 Graecos,
890 2621 1106 2660 Faunorum
1140 2622 1190 2659 ad
1221 2621 1381 2661 Latinos
1412 2627 1580 2666 referen-

61 2688 151 2726 dum
180 2699 266 2725 esse
302 2689 558 2738 censuissent,
597 2690 698 2727 faces
731 2687 1001 2740 antetulerunt,
1036 2689 1119 2739 jure
1147 2689 1331 2728 refutatus
1356 2703 1380 2728 a
1407 2693 1579 2734 Dacerio

59 2759 101 2794 et
123 2754 306 2803 Bentlsy‘o
333 2759 404 2793 est.

170 2823 216 2862 V.
240 2825 280 2864 6.
323 2821 534 2860 Laudibus
554 2845 609 2851 —
635 2823 860 2868 Homerus,
895 2824 921 2864 i.
950 2835 985 2862 e.
1018 2835 1061 2860 se
1087 2822 1215 2873 prodit
1242 2825 1431 2873 φίλοινον
1457 2826 1579 2866 laudi-

59 2888 131 2928 bus
163 2892 249 2929 vino
278 2891 399 2940 datis,
437 2895 479 2929 ut
507 2890 630 2942 Epod.
662 2893 727 2940 11,
756 2893 794 2932 9.
833 2898 1033 2928 amantem
1059 2897 1095 2927 et
1122 2889 1295 2942 languor
1321 2901 1360 2930 et
1379 2894 1579 2934 silentium

0 2957 2 2964 ’
1133 2954 1216 2997 32*
1240 2958 1360 3010 (10*)
