<?xml version="1.0" encoding="UTF-8"?>
<!DOCTYPE html PUBLIC "-//W3C//DTD XHTML 1.0 Transitional//EN"
    "http://www.w3.org/TR/xhtml1/DTD/xhtml1-transitional.dtd">
<html xmlns="http://www.w3.org/1999/xhtml" xml:lang="en" lang="en">
 <head>
  <title>
</title>
<meta http-equiv="Content-Type" content="text/html;charset=utf-8" />
  <meta name='ocr-system' content='tesseract 3.04.00' />
  <meta name='ocr-capabilities' content='ocr_page ocr_carea ocr_par ocr_line ocrx_word'/>
</head>
<body>
  <div class='ocr_page' id='page_1' title='image "./epistolascomment02horauoft_0501.png"; bbox 0 0 1910 3138; ppageno 0'>
   <div class='ocr_carea' id='block_1_1' title="bbox 59 206 1582 254">
    <p class='ocr_par' dir='ltr' id='par_1_1' title="bbox 59 206 1582 254">
     <span class='ocr_line' id='line_1_1' title="bbox 59 206 1582 254; baseline -0.003 0"><span class='ocrx_word' id='word_1_1' title='bbox 59 210 141 254; x_wconf 71' lang='lat'><em>145</em></span> <span class='ocrx_word' id='word_1_2' title='bbox 189 206 467 254; x_wconf 67' lang='lat' dir='ltr'><strong>oemNT.</strong></span> <span class='ocrx_word' id='word_1_3' title='bbox 486 211 543 250; x_wconf 89' lang='lat' dir='ltr'><em>IN</em></span> <span class='ocrx_word' id='word_1_4' title='bbox 558 211 682 252; x_wconf 85' lang='lat' dir='ltr'><strong>HOR.</strong></span> <span class='ocrx_word' id='word_1_5' title='bbox 699 210 798 252; x_wconf 88' lang='lat' dir='ltr'><strong>LIB.</strong></span> <span class='ocrx_word' id='word_1_6' title='bbox 818 210 847 248; x_wconf 91' lang='lat' dir='ltr'>L</span> <span class='ocrx_word' id='word_1_7' title='bbox 884 209 1049 252; x_wconf 81' lang='lat' dir='ltr'><strong>EPIST.</strong></span> <span class='ocrx_word' id='word_1_8' title='bbox 1067 209 1440 250; x_wconf 78' lang='lat' dir='ltr'><strong>UNDEVlcEsm.</strong></span> <span class='ocrx_word' id='word_1_9' title='bbox 1496 207 1582 250; x_wconf 77' lang='lat'><em>493</em></span> 
     </span>
    </p>
   </div>
   <div class='ocr_carea' id='block_1_2' title="bbox 12 322 1580 2338">
    <p class='ocr_par' dir='ltr' id='par_1_2' title="bbox 12 322 1580 1530">
     <span class='ocr_line' id='line_1_2' title="bbox 57 322 1577 376; baseline -0.001 -14"><span class='ocrx_word' id='word_1_10' title='bbox 57 323 131 362; x_wconf 76' lang='lat' dir='ltr'><em>diu</em></span> <span class='ocrx_word' id='word_1_11' title='bbox 153 325 283 363; x_wconf 64' lang='lat' dir='ltr'><em>vim</em></span> <span class='ocrx_word' id='word_1_12' title='bbox 308 325 357 364; x_wconf 73' lang='lat' dir='ltr'><em>ad</em></span> <span class='ocrx_word' id='word_1_13' title='bbox 383 328 559 376; x_wconf 80' lang='lat' dir='ltr'><em>posteros</em></span> <span class='ocrx_word' id='word_1_14' title='bbox 587 324 754 362; x_wconf 83' lang='lat' dir='ltr'><em>durare“</em></span> <span class='ocrx_word' id='word_1_15' title='bbox 789 324 946 361; x_wconf 79' lang='lat' dir='ltr'><em>dicatur.</em></span> <span class='ocrx_word' id='word_1_16' title='bbox 1003 322 1117 360; x_wconf 83' lang='lat' dir='ltr'><em>Immo</em></span> <span class='ocrx_word' id='word_1_17' title='bbox 1146 323 1218 361; x_wconf 83' lang='lat' dir='ltr'><em>hoc</em></span> <span class='ocrx_word' id='word_1_18' title='bbox 1247 336 1318 374; x_wconf 87' lang='lat' dir='ltr'><em>per</em></span> <span class='ocrx_word' id='word_1_19' title='bbox 1354 337 1398 362; x_wconf 72' lang='lat' dir='ltr'><em>se</em></span> <span class='ocrx_word' id='word_1_20' title='bbox 1433 327 1474 362; x_wconf 83' lang='lat' dir='ltr'><em>ut</em></span> <span class='ocrx_word' id='word_1_21' title='bbox 1500 324 1577 363; x_wconf 84' lang='lat' dir='ltr'><em>od.</em></span> 
     </span>
     <span class='ocr_line' id='line_1_3' title="bbox 59 389 1580 443; baseline -0.001 -11"><span class='ocrx_word' id='word_1_22' title='bbox 59 393 101 442; x_wconf 88' lang='lat'><em>1,</em></span> <span class='ocrx_word' id='word_1_23' title='bbox 123 391 194 443; x_wconf 79' lang='lat'><strong>82,</strong></span> <span class='ocrx_word' id='word_1_24' title='bbox 215 393 259 433; x_wconf 79' lang='lat'><em>3.</em></span> <span class='ocrx_word' id='word_1_25' title='bbox 299 390 342 442; x_wconf 78' lang='lat'><strong>4,</strong></span> <span class='ocrx_word' id='word_1_26' title='bbox 372 392 414 442; x_wconf 87' lang='grc'><em>9,</em></span> <span class='ocrx_word' id='word_1_27' title='bbox 440 394 505 434; x_wconf 90' lang='grc'><em>11.</em></span> <span class='ocrx_word' id='word_1_28' title='bbox 544 391 631 434; x_wconf 85' lang='lat' dir='ltr'><strong>Liv.</strong></span> <span class='ocrx_word' id='word_1_29' title='bbox 658 390 728 440; x_wconf 84' lang='lat'><em>39,</em></span> <span class='ocrx_word' id='word_1_30' title='bbox 756 389 825 439; x_wconf 83' lang='lat'><strong>40,</strong></span> <span class='ocrx_word' id='word_1_31' title='bbox 852 391 892 430; x_wconf 91' lang='lat'><em>7.</em></span> <span class='ocrx_word' id='word_1_32' title='bbox 928 390 996 439; x_wconf 89' lang='lat' dir='ltr'><em>(de</em></span> <span class='ocrx_word' id='word_1_33' title='bbox 1022 389 1075 428; x_wconf 80' lang='grc' dir='ltr'><em>Μ.</em></span> <span class='ocrx_word' id='word_1_34' title='bbox 1106 391 1254 429; x_wconf 77' lang='lat' dir='ltr'><em>Catone</em></span> <span class='ocrx_word' id='word_1_35' title='bbox 1281 391 1447 442; x_wconf 84' lang='lat' dir='ltr'><em>censor.)</em></span> <span class='ocrx_word' id='word_1_36' title='bbox 1479 394 1580 429; x_wconf 71' lang='lat' dir='ltr'><em>vivit</em></span> 
     </span>
     <span class='ocr_line' id='line_1_4' title="bbox 57 459 1580 512; baseline 0.001 -15"><span class='ocrx_word' id='word_1_37' title='bbox 57 460 177 498; x_wconf 69' lang='lat' dir='ltr'><em>immo</em></span> <span class='ocrx_word' id='word_1_38' title='bbox 200 461 382 512; x_wconf 70' lang='lat' dir='ltr'><em>vigetque</em></span> <span class='ocrx_word' id='word_1_39' title='bbox 400 459 621 511; x_wconf 77' lang='lat' dir='ltr'><em>eloquentia</em></span> <span class='ocrx_word' id='word_1_40' title='bbox 640 461 725 506; x_wconf 78' lang='lat' dir='ltr'><em>ejus</em></span> <span class='ocrx_word' id='word_1_41' title='bbox 736 486 748 503; x_wconf 92' lang='lat'><strong>,</strong></span> <span class='ocrx_word' id='word_1_42' title='bbox 769 466 927 495; x_wconf 66' lang='lat' dir='ltr'><em>sacrata</em></span> <span class='ocrx_word' id='word_1_43' title='bbox 946 460 1104 509; x_wconf 69' lang='lat' dir='ltr'><em>scripti-5·</em></span> <span class='ocrx_word' id='word_1_44' title='bbox 1118 460 1247 496; x_wconf 69' lang='lat' dir='ltr'><em>omnic</em></span> <span class='ocrx_word' id='word_1_45' title='bbox 1259 459 1429 511; x_wconf 73' lang='lat' dir='ltr'><em>generis.</em></span> <span class='ocrx_word' id='word_1_46' title='bbox 1465 459 1580 498; x_wconf 75' lang='lat' dir='ltr'><em>Mart.</em></span> 
     </span>
     <span class='ocr_line' id='line_1_5' title="bbox 56 526 1572 581; baseline 0.001 -16"><span class='ocrx_word' id='word_1_47' title='bbox 56 529 101 581; x_wconf 70' lang='lat'><em>5,</em></span> <span class='ocrx_word' id='word_1_48' title='bbox 128 527 195 577; x_wconf 80' lang='lat'><em>15,</em></span> <span class='ocrx_word' id='word_1_49' title='bbox 227 528 266 570; x_wconf 77' lang='lat'><em>4.</em></span> <span class='ocrx_word' id='word_1_50' title='bbox 303 527 462 565; x_wconf 82' lang='lat' dir='ltr'><em>Gaudet</em></span> <span class='ocrx_word' id='word_1_51' title='bbox 478 549 534 556; x_wconf 90' lang='lat'><em>—-</em></span> <span class='ocrx_word' id='word_1_52' title='bbox 553 526 694 572; x_wconf 84' lang='lat' dir='ltr'><em>lector,</em></span> <span class='ocrx_word' id='word_1_53' title='bbox 728 526 806 564; x_wconf 75' lang='lat' dir='ltr'><em>Oui</em></span> <span class='ocrx_word' id='word_1_54' title='bbox 827 527 982 563; x_wconf 74' lang='lat' dir='ltr'><em>victura</em></span> <span class='ocrx_word' id='word_1_55' title='bbox 1006 540 1091 563; x_wconf 82' lang='lat' dir='ltr'><em>meo</em></span> <span class='ocrx_word' id='word_1_56' title='bbox 1111 541 1271 564; x_wconf 84' lang='lat' dir='ltr'><em>munere</em></span> <span class='ocrx_word' id='word_1_57' title='bbox 1285 527 1414 579; x_wconf 75' lang='lat' dir='ltr'><em>fizma</em></span> <span class='ocrx_word' id='word_1_58' title='bbox 1436 527 1572 566; x_wconf 76' lang='lat' dir='ltr'><em>datur.</em></span> 
     </span>
     <span class='ocr_line' id='line_1_6' title="bbox 55 592 1576 649; baseline 0.001 -18"><span class='ocrx_word' id='word_1_59' title='bbox 55 594 183 644; x_wconf 81' lang='lat' dir='ltr'><strong>Id.&#39;6,</strong></span> <span class='ocrx_word' id='word_1_60' title='bbox 211 595 280 645; x_wconf 86' lang='lat'><em>60,</em></span> <span class='ocrx_word' id='word_1_61' title='bbox 308 595 375 636; x_wconf 90' lang='grc'><em>10.</em></span> <span class='ocrx_word' id='word_1_62' title='bbox 410 595 595 632; x_wconf 71' lang='lat' dir='ltr'><em>Weumoe</em></span> <span class='ocrx_word' id='word_1_63' title='bbox 629 595 802 632; x_wconf 82' lang='lat' dir='ltr'><em>Genium</em></span> <span class='ocrx_word' id='word_1_64' title='bbox 828 593 973 631; x_wconf 78' lang='lat' dir='ltr'><em>hahere</em></span> <span class='ocrx_word' id='word_1_65' title='bbox 998 592 1110 630; x_wconf 77' lang='lat' dir='ltr'><em>debet</em></span> <span class='ocrx_word' id='word_1_66' title='bbox 1134 593 1246 631; x_wconf 85' lang='lat' dir='ltr'><em>liber.</em></span> <span class='ocrx_word' id='word_1_67' title='bbox 1293 595 1351 635; x_wconf 87' lang='lat' dir='ltr'><em>Id.</em></span> <span class='ocrx_word' id='word_1_68' title='bbox 1373 595 1509 649; x_wconf 67' lang='lat'><strong>7244,</strong></span> <span class='ocrx_word' id='word_1_69' title='bbox 1534 597 1576 637; x_wconf 87' lang='grc'><em>7.</em></span> 
     </span>
     <span class='ocr_line' id='line_1_7' title="bbox 60 660 1578 712; baseline 0.001 -14"><span class='ocrx_word' id='word_1_70' title='bbox 60 660 110 698; x_wconf 78' lang='lat' dir='ltr'><em>Si</em></span> <span class='ocrx_word' id='word_1_71' title='bbox 143 662 300 698; x_wconf 67' lang='lat' dir='ltr'><em>vie-tlara</em></span> <span class='ocrx_word' id='word_1_72' title='bbox 336 663 433 699; x_wconf 69' lang='lat' dir='ltr'><em>meis</em></span> <span class='ocrx_word' id='word_1_73' title='bbox 470 663 715 700; x_wconf 75' lang='lat' dir='ltr'><em>mandantur</em></span> <span class='ocrx_word' id='word_1_74' title='bbox 747 664 909 700; x_wconf 77' lang='lat' dir='ltr'><em>nomina</em></span> <span class='ocrx_word' id='word_1_75' title='bbox 942 660 1102 700; x_wconf 70' lang='lat' dir='ltr'><em>chartis.</em></span> <span class='ocrx_word' id='word_1_76' title='bbox 1165 661 1223 703; x_wconf 85' lang='lat' dir='ltr'><strong>Id.</strong></span> <span class='ocrx_word' id='word_1_77' title='bbox 1255 663 1323 712; x_wconf 85' lang='lat'><em>11,</em></span> <span class='ocrx_word' id='word_1_78' title='bbox 1352 663 1394 712; x_wconf 86' lang='lat'><em>3,</em></span> <span class='ocrx_word' id='word_1_79' title='bbox 1422 664 1462 703; x_wconf 88' lang='grc'><em>7.</em></span> <span class='ocrx_word' id='word_1_80' title='bbox 1513 663 1578 700; x_wconf 75' lang='lat' dir='ltr'><em>At</em></span> 
     </span>
     <span class='ocr_line' id='line_1_8' title="bbox 56 729 1576 782; baseline 0.001 -16"><span class='ocrx_word' id='word_1_81' title='bbox 56 741 177 780; x_wconf 74' lang='lat' dir='ltr'><em>quam</em></span> <span class='ocrx_word' id='word_1_82' title='bbox 201 730 379 767; x_wconf 72' lang='lat' dir='ltr'><em>victuras</em></span> <span class='ocrx_word' id='word_1_83' title='bbox 404 738 631 780; x_wconf 78' lang='lat' dir='ltr'><em>poteramus</em></span> <span class='ocrx_word' id='word_1_84' title='bbox 653 743 832 782; x_wconf 76' lang='lat' dir='ltr'><em>pangere</em></span> <span class='ocrx_word' id='word_1_85' title='bbox 859 729 1031 766; x_wconf 70' lang='lat' dir='ltr'><em>chartas.</em></span> <span class='ocrx_word' id='word_1_86' title='bbox 1072 729 1184 770; x_wconf 83' lang='lat' dir='ltr'><strong>ovid.</strong></span> <span class='ocrx_word' id='word_1_87' title='bbox 1217 730 1337 769; x_wconf 82' lang='lat' dir='ltr'><em>Trist.</em></span> <span class='ocrx_word' id='word_1_88' title='bbox 1370 731 1411 779; x_wconf 88' lang='lat'><em>1,</em></span> <span class='ocrx_word' id='word_1_89' title='bbox 1436 731 1480 780; x_wconf 86' lang='lat'><em>6,</em></span> <span class='ocrx_word' id='word_1_90' title='bbox 1506 730 1576 772; x_wconf 79' lang='lat'><em>36.</em></span> 
     </span>
     <span class='ocr_line' id='line_1_9' title="bbox 54 793 1578 850; baseline 0.003 -16"><span class='ocrx_word' id='word_1_91' title='bbox 54 796 213 836; x_wconf 71' lang='lat' dir='ltr'><em>Phaedr.</em></span> <span class='ocrx_word' id='word_1_92' title='bbox 242 798 284 847; x_wconf 83' lang='lat'><em>5,</em></span> <span class='ocrx_word' id='word_1_93' title='bbox 318 799 359 849; x_wconf 83' lang='lat'><em>5,</em></span> <span class='ocrx_word' id='word_1_94' title='bbox 395 797 462 839; x_wconf 82' lang='lat'><em>43.</em></span> <span class='ocrx_word' id='word_1_95' title='bbox 505 798 615 836; x_wconf 87' lang='lat' dir='ltr'><em>Pind.</em></span> <span class='ocrx_word' id='word_1_96' title='bbox 644 799 756 837; x_wconf 87' lang='lat' dir='ltr'><em>Nem.</em></span> <span class='ocrx_word' id='word_1_97' title='bbox 791 795 834 847; x_wconf 94' lang='lat'><strong>4,</strong></span> <span class='ocrx_word' id='word_1_98' title='bbox 869 799 910 838; x_wconf 91' lang='grc'><em>6.</em></span> <span class='ocrx_word' id='word_1_99' title='bbox 949 794 1070 849; x_wconf 80' lang='grc' dir='ltr'><em>Ῥῆμα</em></span> <span class='ocrx_word' id='word_1_100' title='bbox 1098 793 1342 850; x_wconf 77' lang='grc' dir='ltr'>δ’ἒργμᾶτων</span> <span class='ocrx_word' id='word_1_101' title='bbox 1367 794 1578 850; x_wconf 66' lang='grc' dir='ltr'>χρονιώτε-</span> 
     </span>
     <span class='ocr_line' id='line_1_10' title="bbox 55 860 1576 917; baseline -0.001 -13"><span class='ocrx_word' id='word_1_102' title='bbox 55 879 130 916; x_wconf 79' lang='grc' dir='ltr'><em>ρον</em></span> <span class='ocrx_word' id='word_1_103' title='bbox 153 860 335 917; x_wconf 79' lang='grc' dir='ltr'><strong>βιοτευει.</strong></span> <span class='ocrx_word' id='word_1_104' title='bbox 373 865 455 904; x_wconf 74' lang='lat' dir='ltr'><em>Alia</em></span> <span class='ocrx_word' id='word_1_105' title='bbox 483 866 573 904; x_wconf 84' lang='lat' dir='ltr'><em>talia</em></span> <span class='ocrx_word' id='word_1_106' title='bbox 597 866 681 904; x_wconf 85' lang='lat' dir='ltr'><em>vide</em></span> <span class='ocrx_word' id='word_1_107' title='bbox 704 866 804 916; x_wconf 84' lang='lat' dir='ltr'><em>apud</em></span> <span class='ocrx_word' id='word_1_108' title='bbox 830 864 1006 906; x_wconf 78' lang='lat' dir='ltr'><em>Schmid.</em></span> <span class='ocrx_word' id='word_1_109' title='bbox 1025 887 1082 894; x_wconf 92' lang='lat'><em>-—</em></span> <span class='ocrx_word' id='word_1_110' title='bbox 1110 867 1158 904; x_wconf 90' lang='lat' dir='ltr'><em>V.</em></span> <span class='ocrx_word' id='word_1_111' title='bbox 1179 866 1220 906; x_wconf 98' lang='lat'><em>3.</em></span> <span class='ocrx_word' id='word_1_112' title='bbox 1256 865 1369 915; x_wconf 83' lang='lat' dir='ltr'><em>Quae</em></span> <span class='ocrx_word' id='word_1_113' title='bbox 1391 864 1576 903; x_wconf 71' lang='lat' dir='ltr'><em>scribun-</em></span> 
     </span>
     <span class='ocr_line' id='line_1_11' title="bbox 55 931 1574 985; baseline 0.002 -16"><span class='ocrx_word' id='word_1_114' title='bbox 55 939 122 969; x_wconf 82' lang='lat' dir='ltr'><em>tur</em></span> <span class='ocrx_word' id='word_1_115' title='bbox 147 945 278 984; x_wconf 81' lang='lat' dir='ltr'><em>aquae</em></span> <span class='ocrx_word' id='word_1_116' title='bbox 303 933 517 984; x_wconf 73' lang='lat' dir='ltr'><em>potor-ihm.</em></span> <span class='ocrx_word' id='word_1_117' title='bbox 563 935 664 972; x_wconf 81' lang='lat' dir='ltr'><em>Haec</em></span> <span class='ocrx_word' id='word_1_118' title='bbox 689 933 804 971; x_wconf 83' lang='lat' dir='ltr'><em>verba</em></span> <span class='ocrx_word' id='word_1_119' title='bbox 831 932 1071 984; x_wconf 68' lang='lat' dir='ltr'><em>Epigramma</em></span> <span class='ocrx_word' id='word_1_120' title='bbox 1082 932 1122 984; x_wconf 81' lang='lat'><em>²⁰¹)</em></span> <span class='ocrx_word' id='word_1_121' title='bbox 1147 933 1347 971; x_wconf 81' lang='lat' dir='ltr'><em>Nicenaeti</em></span> <span class='ocrx_word' id='word_1_122' title='bbox 1374 931 1574 985; x_wconf 81' lang='lat' dir='ltr'><em>(Athenae.</em></span> 
     </span>
     <span class='ocr_line' id='line_1_12' title="bbox 55 997 1572 1054; baseline 0.001 -14"><span class='ocrx_word' id='word_1_123' title='bbox 55 1001 97 1049; x_wconf 84' lang='lat'><strong>2,</strong></span> <span class='ocrx_word' id='word_1_124' title='bbox 122 1000 164 1041; x_wconf 84' lang='lat'><em>3·</em></span> <span class='ocrx_word' id='word_1_125' title='bbox 190 1013 231 1051; x_wconf 82' lang='lat' dir='ltr'><strong>p·</strong></span> <span class='ocrx_word' id='word_1_126' title='bbox 254 1000 323 1041; x_wconf 87' lang='grc'><em>39.</em></span> <span class='ocrx_word' id='word_1_127' title='bbox 351 1019 410 1037; x_wconf 91' lang='lat'><strong>=</strong></span> <span class='ocrx_word' id='word_1_128' title='bbox 437 1003 478 1050; x_wconf 85' lang='lat'><strong>2,</strong></span> <span class='ocrx_word' id='word_1_129' title='bbox 503 1003 543 1042; x_wconf 92' lang='grc'><strong>9.</strong></span> <span class='ocrx_word' id='word_1_130' title='bbox 572 1015 610 1053; x_wconf 85' lang='lat' dir='ltr'><strong>p·</strong></span> <span class='ocrx_word' id='word_1_131' title='bbox 638 999 731 1041; x_wconf 84' lang='lat'><strong>149.</strong></span> <span class='ocrx_word' id='word_1_132' title='bbox 761 1000 951 1050; x_wconf 81' lang='lat' dir='ltr'><em>Schwgh)</em></span> <span class='ocrx_word' id='word_1_133' title='bbox 987 1001 1167 1039; x_wconf 83' lang='lat' dir='ltr'><em>illustrat:</em></span> <span class='ocrx_word' id='word_1_134' title='bbox 1215 997 1335 1048; x_wconf 83' lang='grc' dir='ltr'>Οἶνός</span> <span class='ocrx_word' id='word_1_135' title='bbox 1369 1016 1430 1041; x_wconf 79' lang='grc' dir='ltr'><em>τοι</em></span> <span class='ocrx_word' id='word_1_136' title='bbox 1458 1002 1572 1054; x_wconf 75' lang='grc' dir='ltr'><strong><em>χαρί-</em></strong></span> 
     </span>
     <span class='ocr_line' id='line_1_13' title="bbox 55 1063 1572 1124; baseline 0.002 -17"><span class='ocrx_word' id='word_1_137' title='bbox 55 1082 138 1108; x_wconf 78' lang='grc' dir='ltr'>εντι</span> <span class='ocrx_word' id='word_1_138' title='bbox 164 1066 269 1108; x_wconf 76' lang='grc' dir='ltr'><em>πέλει</em></span> <span class='ocrx_word' id='word_1_139' title='bbox 296 1083 417 1119; x_wconf 75' lang='grc' dir='ltr'><strong>ταχυς</strong></span> <span class='ocrx_word' id='word_1_140' title='bbox 443 1069 565 1116; x_wconf 75' lang='grc' dir='ltr'><strong><em>ἵππος</em></strong></span> <span class='ocrx_word' id='word_1_141' title='bbox 589 1063 735 1124; x_wconf 82' lang='grc' dir='ltr'><strong><em>αοιδῷ·</em></strong></span> <span class='ocrx_word' id='word_1_142' title='bbox 754 1065 889 1118; x_wconf 63' lang='lat' dir='ltr'><strong>“Pomp</strong></span> <span class='ocrx_word' id='word_1_143' title='bbox 919 1066 963 1108; x_wconf 79' lang='grc' dir='ltr'><em>δὲ</em></span> <span class='ocrx_word' id='word_1_144' title='bbox 990 1071 1121 1109; x_wconf 79' lang='grc' dir='ltr'>πίνων</span> <span class='ocrx_word' id='word_1_145' title='bbox 1146 1064 1265 1108; x_wconf 78' lang='grc' dir='ltr'>ουὸὲν</span> <span class='ocrx_word' id='word_1_146' title='bbox 1293 1084 1346 1108; x_wconf 87' lang='grc' dir='ltr'><em>αν</em></span> <span class='ocrx_word' id='word_1_147' title='bbox 1372 1069 1477 1109; x_wconf 80' lang='grc' dir='ltr'><strong>τέκοι</strong></span> <span class='ocrx_word' id='word_1_148' title='bbox 1506 1082 1572 1110; x_wconf 90' lang='grc' dir='ltr'><em>σο-</em></span> 
     </span>
     <span class='ocr_line' id='line_1_14' title="bbox 52 1130 1571 1190; baseline 0.002 -16"><span class='ocrx_word' id='word_1_149' title='bbox 52 1130 145 1184; x_wconf 80' lang='grc' dir='ltr'><em>φὸν.</em></span> <span class='ocrx_word' id='word_1_150' title='bbox 190 1131 307 1176; x_wconf 78' lang='grc' dir='ltr'><strong><em>Ταῦτ’</em></strong></span> <span class='ocrx_word' id='word_1_151' title='bbox 334 1135 484 1188; x_wconf 75' lang='grc' dir='ltr'>ἔλεγεν,</span> <span class='ocrx_word' id='word_1_152' title='bbox 514 1132 705 1185; x_wconf 84' lang='grc' dir='ltr'>Διόνυσε,</span> <span class='ocrx_word' id='word_1_153' title='bbox 732 1135 800 1176; x_wconf 81' lang='grc' dir='ltr'><em>καὶ</em></span> <span class='ocrx_word' id='word_1_154' title='bbox 828 1136 966 1176; x_wconf 78' lang='grc' dir='ltr'><strong><em>ἔπνεεν</em></strong></span> <span class='ocrx_word' id='word_1_155' title='bbox 995 1132 1064 1188; x_wconf 75' lang='grc' dir='ltr'><em>οὐχ</em></span> <span class='ocrx_word' id='word_1_156' title='bbox 1091 1134 1181 1183; x_wconf 82' lang='grc' dir='ltr'><em>ἓνός</em></span> <span class='ocrx_word' id='word_1_157' title='bbox 1204 1132 1335 1176; x_wconf 80' lang='grc' dir='ltr'><em>ἆσκοῦ</em></span> <span class='ocrx_word' id='word_1_158' title='bbox 1362 1139 1571 1190; x_wconf 79' lang='grc' dir='ltr'>Κρατῖνος,</span> 
     </span>
     <span class='ocr_line' id='line_1_15' title="bbox 54 1196 1574 1256; baseline -0.001 -14"><span class='ocrx_word' id='word_1_159' title='bbox 54 1196 153 1243; x_wconf 68' lang='lat' dir='ltr'><em>oillei</em></span> <span class='ocrx_word' id='word_1_160' title='bbox 182 1200 331 1251; x_wconf 73' lang='grc' dir='ltr'>παντδς</span> <span class='ocrx_word' id='word_1_161' title='bbox 361 1199 514 1244; x_wconf 64' lang='grc' dir='ltr'><em>ὀδώδει</em></span> <span class='ocrx_word' id='word_1_162' title='bbox 553 1205 681 1244; x_wconf 81' lang='grc' dir='ltr'><strong><em>πίθου</em></strong></span> <span class='ocrx_word' id='word_1_163' title='bbox 704 1209 774 1243; x_wconf 86' lang='lat' dir='ltr'><em>etc.</em></span> <span class='ocrx_word' id='word_1_164' title='bbox 817 1205 981 1255; x_wconf 82' lang='lat' dir='ltr'><em>itemque</em></span> <span class='ocrx_word' id='word_1_165' title='bbox 1016 1205 1106 1242; x_wconf 88' lang='lat' dir='ltr'><em>illud</em></span> <span class='ocrx_word' id='word_1_166' title='bbox 1138 1204 1349 1256; x_wconf 86' lang='lat' dir='ltr'>Epicharmi</span> <span class='ocrx_word' id='word_1_167' title='bbox 1379 1207 1417 1243; x_wconf 91' lang='lat' dir='ltr'><em>in</em></span> <span class='ocrx_word' id='word_1_168' title='bbox 1448 1204 1574 1243; x_wconf 86' lang='lat' dir='ltr'><em>Philo-</em></span> 
     </span>
     <span class='ocr_line' id='line_1_16' title="bbox 52 1267 1571 1324; baseline 0.004 -16"><span class='ocrx_word' id='word_1_169' title='bbox 52 1274 152 1309; x_wconf 85' lang='lat' dir='ltr'><em>ctete</em></span> <span class='ocrx_word' id='word_1_170' title='bbox 180 1271 381 1322; x_wconf 74' lang='lat' dir='ltr'><em>(Athenae.</em></span> <span class='ocrx_word' id='word_1_171' title='bbox 411 1269 479 1321; x_wconf 87' lang='lat'><em>14,</em></span> <span class='ocrx_word' id='word_1_172' title='bbox 507 1271 546 1311; x_wconf 88' lang='lat'><em>6.</em></span> <span class='ocrx_word' id='word_1_173' title='bbox 568 1285 613 1322; x_wconf 20' lang='lat' dir='ltr'><em>Vp.</em></span> <span class='ocrx_word' id='word_1_174' title='bbox 638 1273 720 1313; x_wconf 88' lang='grc'><em>627</em></span> <span class='ocrx_word' id='word_1_175' title='bbox 748 1290 802 1306; x_wconf 81' lang='grc'><em>---</em></span> <span class='ocrx_word' id='word_1_176' title='bbox 834 1271 906 1324; x_wconf 77' lang='lat'><em>14,</em></span> <span class='ocrx_word' id='word_1_177' title='bbox 937 1270 1004 1314; x_wconf 81' lang='lat'><em>24.</em></span> <span class='ocrx_word' id='word_1_178' title='bbox 1033 1285 1073 1323; x_wconf 85' lang='lat' dir='ltr'><em>p.</em></span> <span class='ocrx_word' id='word_1_179' title='bbox 1104 1274 1197 1314; x_wconf 87' lang='lat'><strong>276.</strong></span> <span class='ocrx_word' id='word_1_180' title='bbox 1225 1272 1438 1323; x_wconf 81' lang='lat' dir='ltr'><strong>Schwgh.):</strong></span> <span class='ocrx_word' id='word_1_181' title='bbox 1485 1267 1571 1313; x_wconf 76' lang='grc' dir='ltr'><em>Οὔκ</em></span> 
     </span>
     <span class='ocr_line' id='line_1_17' title="bbox 53 1334 1570 1395; baseline 0.001 -17"><span class='ocrx_word' id='word_1_182' title='bbox 53 1338 134 1378; x_wconf 70' lang='grc' dir='ltr'><em>ἔστι</em></span> <span class='ocrx_word' id='word_1_183' title='bbox 145 1336 416 1391; x_wconf 73' lang='grc' dir='ltr'>διθύραμβος,</span> <span class='ocrx_word' id='word_1_184' title='bbox 435 1334 518 1391; x_wconf 78' lang='grc' dir='ltr'><em>ὅκχ’</em></span> <span class='ocrx_word' id='word_1_185' title='bbox 534 1336 643 1391; x_wconf 70' lang='grc' dir='ltr'><em>ὕδωρ</em></span> <span class='ocrx_word' id='word_1_186' title='bbox 658 1340 763 1395; x_wconf 76' lang='grc' dir='ltr'><strong>πίῃς.</strong></span> <span class='ocrx_word' id='word_1_187' title='bbox 793 1339 851 1377; x_wconf 86' lang='lat' dir='ltr'><em>lta</em></span> <span class='ocrx_word' id='word_1_188' title='bbox 867 1340 1065 1391; x_wconf 79' lang='lat' dir='ltr'><em>Antipater</em></span> <span class='ocrx_word' id='word_1_189' title='bbox 1083 1340 1120 1377; x_wconf 87' lang='lat' dir='ltr'><em>in</em></span> <span class='ocrx_word' id='word_1_190' title='bbox 1135 1339 1283 1389; x_wconf 84' lang='lat' dir='ltr'><em>jejunos</em></span> <span class='ocrx_word' id='word_1_191' title='bbox 1301 1345 1436 1390; x_wconf 87' lang='lat' dir='ltr'><em>poetas</em></span> <span class='ocrx_word' id='word_1_192' title='bbox 1450 1338 1570 1392; x_wconf 71' lang='grc' dir='ltr'><strong><em>ὕδρο-</em></strong></span> 
     </span>
     <span class='ocr_line' id='line_1_18' title="bbox 49 1402 1569 1459; baseline 0 -14"><span class='ocrx_word' id='word_1_193' title='bbox 49 1402 175 1454; x_wconf 75' lang='grc' dir='ltr'><strong><em>πότσς</em></strong></span> <span class='ocrx_word' id='word_1_194' title='bbox 200 1407 368 1457; x_wconf 76' lang='lat' dir='ltr'><strong>(Jacobs.</strong></span> <span class='ocrx_word' id='word_1_195' title='bbox 395 1406 543 1445; x_wconf 84' lang='lat' dir='ltr'><em>Delect.</em></span> <span class='ocrx_word' id='word_1_196' title='bbox 570 1407 702 1458; x_wconf 86' lang='lat' dir='ltr'><strong>Epigr.</strong></span> <span class='ocrx_word' id='word_1_197' title='bbox 723 1407 765 1457; x_wconf 83' lang='lat'><strong>4,</strong></span> <span class='ocrx_word' id='word_1_198' title='bbox 786 1407 875 1459; x_wconf 88' lang='lat'><strong>91.)</strong></span> <span class='ocrx_word' id='word_1_199' title='bbox 899 1407 1095 1446; x_wconf 83' lang='lat' dir='ltr'><em>invehitur.</em></span> <span class='ocrx_word' id='word_1_200' title='bbox 1147 1407 1290 1444; x_wconf 84' lang='lat' dir='ltr'><em>Cratini</em></span> <span class='ocrx_word' id='word_1_201' title='bbox 1316 1411 1441 1444; x_wconf 85' lang='lat' dir='ltr'><em>autem</em></span> <span class='ocrx_word' id='word_1_202' title='bbox 1463 1407 1569 1445; x_wconf 86' lang='lat' dir='ltr'><em>vino-</em></span> 
     </span>
     <span class='ocr_line' id='line_1_19' title="bbox 12 1473 1569 1530; baseline 0 -19"><span class='ocrx_word' id='word_1_203' title='bbox 12 1527 20 1530; x_wconf 23' lang='lat'><strong>&lt;</strong></span> <span class='ocrx_word' id='word_1_204' title='bbox 50 1473 201 1513; x_wconf 84' lang='lat' dir='ltr'><em>lentiam</em></span> <span class='ocrx_word' id='word_1_205' title='bbox 236 1477 358 1526; x_wconf 81' lang='lat' dir='ltr'><em>tangit</em></span> <span class='ocrx_word' id='word_1_206' title='bbox 386 1475 582 1526; x_wconf 82' lang='lat' dir='ltr'><em>Aristoph.</em></span> <span class='ocrx_word' id='word_1_207' title='bbox 622 1473 711 1514; x_wconf 84' lang='lat' dir='ltr'><strong>Pac.</strong></span> <span class='ocrx_word' id='word_1_208' title='bbox 740 1476 816 1516; x_wconf 87' lang='lat'><em>701</em></span> <span class='ocrx_word' id='word_1_209' title='bbox 849 1489 935 1526; x_wconf 90' lang='lat' dir='ltr'><strong>sqq.</strong></span> <span class='ocrx_word' id='word_1_210' title='bbox 974 1477 1205 1525; x_wconf 86' lang='lat' dir='ltr'><em>eundemque</em></span> <span class='ocrx_word' id='word_1_211' title='bbox 1235 1475 1380 1512; x_wconf 85' lang='lat' dir='ltr'><em>deridet</em></span> <span class='ocrx_word' id='word_1_212' title='bbox 1405 1474 1443 1511; x_wconf 92' lang='lat' dir='ltr'><em>in</em></span> <span class='ocrx_word' id='word_1_213' title='bbox 1468 1474 1569 1525; x_wconf 89' lang='lat' dir='ltr'><em>qu.</em></span> 
     </span>
    </p>

    <p class='ocr_par' dir='ltr' id='par_1_3' title="bbox 45 1542 1567 2338">
     <span class='ocr_line' id='line_1_20' title="bbox 50 1542 1567 1593; baseline -0.003 -9"><span class='ocrx_word' id='word_1_214' title='bbox 50 1543 148 1593; x_wconf 81' lang='lat'><strong>400,</strong></span> <span class='ocrx_word' id='word_1_215' title='bbox 176 1543 358 1582; x_wconf 89' lang='lat' dir='ltr'><em>incertum</em></span> <span class='ocrx_word' id='word_1_216' title='bbox 382 1548 526 1590; x_wconf 85' lang='lat' dir='ltr'><em>tamen,</em></span> <span class='ocrx_word' id='word_1_217' title='bbox 564 1546 685 1580; x_wconf 75' lang='lat' dir='ltr'><em>ulrum</em></span> <span class='ocrx_word' id='word_1_218' title='bbox 713 1542 775 1580; x_wconf 87' lang='lat' dir='ltr'><em>ille</em></span> <span class='ocrx_word' id='word_1_219' title='bbox 804 1543 928 1581; x_wconf 86' lang='lat' dir='ltr'><em>sabula</em></span> <span class='ocrx_word' id='word_1_220' title='bbox 954 1543 1091 1593; x_wconf 87' lang='lat' dir='ltr'><em>Pytine</em></span> <span class='ocrx_word' id='word_1_221' title='bbox 1123 1543 1365 1592; x_wconf 86' lang='lat' dir='ltr'><em>ignominiam</em></span> <span class='ocrx_word' id='word_1_222' title='bbox 1389 1542 1567 1580; x_wconf 83' lang='lat' dir='ltr'><em>vinosita-</em></span> 
     </span>
     <span class='ocr_line' id='line_1_21' title="bbox 49 1610 1567 1662; baseline 0 -14"><span class='ocrx_word' id='word_1_223' title='bbox 49 1612 123 1660; x_wconf 82' lang='lat' dir='ltr'><em>tis,</em></span> <span class='ocrx_word' id='word_1_224' title='bbox 149 1612 191 1649; x_wconf 85' lang='lat' dir='ltr'><em>id</em></span> <span class='ocrx_word' id='word_1_225' title='bbox 214 1612 316 1661; x_wconf 88' lang='lat' dir='ltr'><em>quod</em></span> <span class='ocrx_word' id='word_1_226' title='bbox 338 1610 440 1648; x_wconf 91' lang='lat' dir='ltr'><em>multi</em></span> <span class='ocrx_word' id='word_1_227' title='bbox 464 1610 679 1660; x_wconf 85' lang='lat' dir='ltr'><em>opinantur,</em></span> <span class='ocrx_word' id='word_1_228' title='bbox 706 1610 778 1648; x_wconf 84' lang='lat' dir='ltr'><em>sibi</em></span> <span class='ocrx_word' id='word_1_229' title='bbox 804 1612 1010 1662; x_wconf 81' lang='lat' dir='ltr'><em>asperserit</em></span> <span class='ocrx_word' id='word_1_230' title='bbox 1033 1624 1082 1649; x_wconf 86' lang='lat' dir='ltr'><em>an</em></span> <span class='ocrx_word' id='word_1_231' title='bbox 1104 1611 1312 1649; x_wconf 87' lang='lat' dir='ltr'><em>abstersum</em></span> <span class='ocrx_word' id='word_1_232' title='bbox 1332 1611 1461 1658; x_wconf 79' lang='lat' dir='ltr'><em>iverit,</em></span> <span class='ocrx_word' id='word_1_233' title='bbox 1489 1610 1567 1648; x_wconf 86' lang='lat' dir='ltr'><strong>vid.</strong></span> 
     </span>
     <span class='ocr_line' id='line_1_22' title="bbox 50 1676 1565 1730; baseline 0.003 -15"><span class='ocrx_word' id='word_1_234' title='bbox 50 1677 186 1720; x_wconf 76' lang='lat' dir='ltr'><em>Reisk.</em></span> <span class='ocrx_word' id='word_1_235' title='bbox 215 1679 264 1716; x_wconf 74' lang='lat' dir='ltr'><em>ad</em></span> <span class='ocrx_word' id='word_1_236' title='bbox 301 1676 488 1717; x_wconf 84' lang='lat' dir='ltr'><em>Plutarch.</em></span> <span class='ocrx_word' id='word_1_237' title='bbox 520 1678 648 1728; x_wconf 87' lang='lat' dir='ltr'><strong>Symp.</strong></span> <span class='ocrx_word' id='word_1_238' title='bbox 679 1680 719 1728; x_wconf 89' lang='grc'><em>2,</em></span> <span class='ocrx_word' id='word_1_239' title='bbox 750 1681 787 1719; x_wconf 94' lang='grc'><em>1.</em></span> <span class='ocrx_word' id='word_1_240' title='bbox 812 1679 910 1719; x_wconf 88' lang='lat' dir='ltr'><strong>VIII.</strong></span> <span class='ocrx_word' id='word_1_241' title='bbox 942 1693 983 1730; x_wconf 87' lang='lat' dir='ltr'><em>p.</em></span> <span class='ocrx_word' id='word_1_242' title='bbox 1011 1680 1105 1719; x_wconf 81' lang='lat'><strong>513.</strong></span> <span class='ocrx_word' id='word_1_243' title='bbox 1141 1679 1303 1730; x_wconf 87' lang='lat' dir='ltr'><em>interpp.</em></span> <span class='ocrx_word' id='word_1_244' title='bbox 1331 1679 1381 1716; x_wconf 86' lang='lat' dir='ltr'><em>ad</em></span> <span class='ocrx_word' id='word_1_245' title='bbox 1408 1677 1565 1719; x_wconf 88' lang='lat' dir='ltr'><em>Lucian.</em></span> 
     </span>
     <span class='ocr_line' id='line_1_23' title="bbox 49 1745 1565 1795; baseline 0 -12"><span class='ocrx_word' id='word_1_246' title='bbox 49 1745 219 1786; x_wconf 69' lang='lat' dir='ltr'><strong>macrob.</strong></span> <span class='ocrx_word' id='word_1_247' title='bbox 248 1747 314 1788; x_wconf 85' lang='lat'><em>25.</em></span> <span class='ocrx_word' id='word_1_248' title='bbox 345 1746 428 1786; x_wconf 86' lang='lat' dir='ltr'><strong>coll.</strong></span> <span class='ocrx_word' id='word_1_249' title='bbox 455 1745 708 1795; x_wconf 80' lang='lat' dir='ltr'><em>Bemlzardyi</em></span> <span class='ocrx_word' id='word_1_250' title='bbox 741 1747 981 1795; x_wconf 84' lang='lat' dir='ltr'><em>„Grundriss</em></span> <span class='ocrx_word' id='word_1_251' title='bbox 1009 1748 1077 1785; x_wconf 92' lang='lat' dir='ltr'><em>der</em></span> <span class='ocrx_word' id='word_1_252' title='bbox 1107 1746 1256 1784; x_wconf 89' lang='lat' dir='ltr'><em>Griech.</em></span> <span class='ocrx_word' id='word_1_253' title='bbox 1279 1745 1490 1784; x_wconf 86' lang='lat' dir='ltr'><em>Litteratur</em></span> <span class='ocrx_word' id='word_1_254' title='bbox 1517 1745 1565 1784; x_wconf 91' lang='grc' dir='ltr'><em>ΙΙ.</em></span> 
     </span>
     <span class='ocr_line' id='line_1_24' title="bbox 50 1813 1566 1865; baseline -0.001 -13"><span class='ocrx_word' id='word_1_255' title='bbox 50 1826 88 1864; x_wconf 82' lang='lat' dir='ltr'><em>p.</em></span> <span class='ocrx_word' id='word_1_256' title='bbox 110 1814 207 1854; x_wconf 82' lang='lat'><strong>946.</strong></span> <span class='ocrx_word' id='word_1_257' title='bbox 246 1813 408 1852; x_wconf 86' lang='lat' dir='ltr'><em>Causam</em></span> <span class='ocrx_word' id='word_1_258' title='bbox 436 1814 533 1851; x_wconf 83' lang='lat' dir='ltr'><em>illius</em></span> <span class='ocrx_word' id='word_1_259' title='bbox 558 1814 614 1852; x_wconf 87' lang='lat' dir='ltr'><em>rei</em></span> <span class='ocrx_word' id='word_1_260' title='bbox 640 1820 791 1864; x_wconf 87' lang='lat' dir='ltr'><em>praeter</em></span> <span class='ocrx_word' id='word_1_261' title='bbox 817 1815 908 1853; x_wconf 81' lang='lat' dir='ltr'><em>alios</em></span> <span class='ocrx_word' id='word_1_262' title='bbox 927 1815 1101 1865; x_wconf 89' lang='lat' dir='ltr'><em>aperiunt</em></span> <span class='ocrx_word' id='word_1_263' title='bbox 1127 1814 1241 1864; x_wconf 91' lang='lat' dir='ltr'><strong>Prop.</strong></span> <span class='ocrx_word' id='word_1_264' title='bbox 1265 1813 1305 1863; x_wconf 88' lang='lat'><em>4,</em></span> <span class='ocrx_word' id='word_1_265' title='bbox 1329 1816 1369 1863; x_wconf 89' lang='lat'><em>6,</em></span> <span class='ocrx_word' id='word_1_266' title='bbox 1390 1814 1457 1854; x_wconf 86' lang='lat'><em>75.</em></span> <span class='ocrx_word' id='word_1_267' title='bbox 1493 1813 1566 1851; x_wconf 81' lang='lat' dir='ltr'><em>In—</em></span> 
     </span>
     <span class='ocr_line' id='line_1_25' title="bbox 45 1881 1565 1932; baseline 0 -14"><span class='ocrx_word' id='word_1_268' title='bbox 45 1882 211 1931; x_wconf 80' lang='lat' dir='ltr'><em>genium</em></span> <span class='ocrx_word' id='word_1_269' title='bbox 235 1883 344 1932; x_wconf 71' lang='lat' dir='ltr'><em>potis</em></span> <span class='ocrx_word' id='word_1_270' title='bbox 377 1883 509 1918; x_wconf 65' lang='lat' dir='ltr'><em>irritat</em></span> <span class='ocrx_word' id='word_1_271' title='bbox 544 1883 671 1919; x_wconf 70' lang='lat' dir='ltr'><em>Musa</em></span> <span class='ocrx_word' id='word_1_272' title='bbox 698 1884 848 1932; x_wconf 71' lang='lat' dir='ltr'><em>poeti⁸;</em></span> <span class='ocrx_word' id='word_1_273' title='bbox 884 1883 997 1921; x_wconf 80' lang='lat' dir='ltr'><em>Mart.</em></span> <span class='ocrx_word' id='word_1_274' title='bbox 1026 1884 1099 1932; x_wconf 90' lang='lat'><em>11,</em></span> <span class='ocrx_word' id='word_1_275' title='bbox 1129 1883 1174 1930; x_wconf 81' lang='lat'><em>6,</em></span> <span class='ocrx_word' id='word_1_276' title='bbox 1202 1883 1268 1921; x_wconf 83' lang='lat'><em>12.</em></span> <span class='ocrx_word' id='word_1_277' title='bbox 1309 1881 1376 1931; x_wconf 86' lang='lat' dir='ltr'><strong>(ib.</strong></span> <span class='ocrx_word' id='word_1_278' title='bbox 1402 1881 1565 1931; x_wconf 83' lang='lat' dir='ltr'><em>Rader.)</em></span> 
     </span>
     <span class='ocr_line' id='line_1_26' title="bbox 49 1948 1561 2000; baseline -0.001 -15"><span class='ocrx_word' id='word_1_279' title='bbox 49 1949 221 1986; x_wconf 69' lang='lat' dir='ltr'><em>Possum</em></span> <span class='ocrx_word' id='word_1_280' title='bbox 243 1962 314 2000; x_wconf 75' lang='lat' dir='ltr'><em>ego</em></span> <span class='ocrx_word' id='word_1_281' title='bbox 338 1949 402 1986; x_wconf 84' lang='lat' dir='ltr'><em>nil</em></span> <span class='ocrx_word' id='word_1_282' title='bbox 424 1949 601 1995; x_wconf 73' lang='lat' dir='ltr'><em>sobrius,</em></span> <span class='ocrx_word' id='word_1_283' title='bbox 630 1948 777 1986; x_wconf 77' lang='lat' dir='ltr'><em>bibenti</em></span> <span class='ocrx_word' id='word_1_284' title='bbox 797 1949 1036 1987; x_wconf 81' lang='lat' dir='ltr'><em>Succurrent</em></span> <span class='ocrx_word' id='word_1_285' title='bbox 1054 1949 1155 1986; x_wconf 78' lang='lat' dir='ltr'><em>mihi</em></span> <span class='ocrx_word' id='word_1_286' title='bbox 1170 1949 1394 2000; x_wconf 82' lang='lat' dir='ltr'><em>quindecim</em></span> <span class='ocrx_word' id='word_1_287' title='bbox 1411 1955 1561 1998; x_wconf 84' lang='lat' dir='ltr'><em>poetae.</em></span> 
     </span>
     <span class='ocr_line' id='line_1_27' title="bbox 49 2013 1563 2070; baseline 0.001 -17"><span class='ocrx_word' id='word_1_288' title='bbox 49 2014 236 2067; x_wconf 72' lang='lat' dir='ltr'><em>Plutarch.</em></span> <span class='ocrx_word' id='word_1_289' title='bbox 276 2017 406 2068; x_wconf 77' lang='lat' dir='ltr'><strong>Symp.</strong></span> <span class='ocrx_word' id='word_1_290' title='bbox 436 2020 476 2067; x_wconf 89' lang='lat'><strong>7,</strong></span> <span class='ocrx_word' id='word_1_291' title='bbox 510 2019 575 2058; x_wconf 90' lang='grc'><em>10.</em></span> <span class='ocrx_word' id='word_1_292' title='bbox 605 2017 701 2059; x_wconf 87' lang='lat' dir='ltr'><strong>VIII.</strong></span> <span class='ocrx_word' id='word_1_293' title='bbox 731 2031 770 2068; x_wconf 91' lang='lat' dir='ltr'><em>p.</em></span> <span class='ocrx_word' id='word_1_294' title='bbox 798 2018 892 2057; x_wconf 87' lang='lat'><strong>857.</strong></span> <span class='ocrx_word' id='word_1_295' title='bbox 928 2015 1060 2057; x_wconf 84' lang='grc' dir='ltr'>’Ἑνιοι</span> <span class='ocrx_word' id='word_1_296' title='bbox 1096 2015 1171 2070; x_wconf 73' lang='grc' dir='ltr'><em>γὰρ</em></span> <span class='ocrx_word' id='word_1_297' title='bbox 1202 2014 1406 2069; x_wconf 76' lang='grc' dir='ltr'><em>εὖρετικήν</em></span> <span class='ocrx_word' id='word_1_298' title='bbox 1437 2013 1563 2065; x_wconf 81' lang='grc' dir='ltr'>φύσιν</span> 
     </span>
     <span class='ocr_line' id='line_1_28' title="bbox 52 2080 1562 2139; baseline -0.001 -17"><span class='ocrx_word' id='word_1_299' title='bbox 52 2081 223 2132; x_wconf 78' lang='grc' dir='ltr'>ἔχοντες,</span> <span class='ocrx_word' id='word_1_300' title='bbox 251 2081 295 2122; x_wconf 78' lang='grc' dir='ltr'><em>ἓν</em></span> <span class='ocrx_word' id='word_1_301' title='bbox 321 2082 364 2123; x_wconf 77' lang='grc' dir='ltr'><em>δὲ</em></span> <span class='ocrx_word' id='word_1_302' title='bbox 395 2087 453 2139; x_wconf 73' lang='grc' dir='ltr'><em>τῷ</em></span> <span class='ocrx_word' id='word_1_303' title='bbox 479 2085 626 2136; x_wconf 85' lang='grc' dir='ltr'><strong><em>νήφειν</em></strong></span> <span class='ocrx_word' id='word_1_304' title='bbox 653 2081 913 2137; x_wconf 64' lang='grc' dir='ltr'><em>ἀτολμοτέραν</em></span> <span class='ocrx_word' id='word_1_305' title='bbox 942 2083 1009 2124; x_wconf 80' lang='grc' dir='ltr'><em>καὶ</em></span> <span class='ocrx_word' id='word_1_306' title='bbox 1038 2088 1285 2136; x_wconf 80' lang='grc' dir='ltr'>πεπηγυῖαν,</span> <span class='ocrx_word' id='word_1_307' title='bbox 1313 2080 1411 2123; x_wconf 75' lang='grc' dir='ltr'>ὅταν</span> <span class='ocrx_word' id='word_1_308' title='bbox 1439 2083 1496 2130; x_wconf 83' lang='grc' dir='ltr'><em>εἰς</em></span> <span class='ocrx_word' id='word_1_309' title='bbox 1516 2081 1562 2122; x_wconf 70' lang='grc' dir='ltr'><em>τό</em></span> 
     </span>
     <span class='ocr_line' id='line_1_29' title="bbox 49 2146 1563 2204; baseline -0.001 -15"><span class='ocrx_word' id='word_1_310' title='bbox 49 2150 181 2190; x_wconf 73' lang='grc' dir='ltr'>πίνειν</span> <span class='ocrx_word' id='word_1_311' title='bbox 209 2149 399 2200; x_wconf 71' lang='grc' dir='ltr'>ἔλθωσιν,</span> <span class='ocrx_word' id='word_1_312' title='bbox 436 2148 566 2203; x_wconf 71' lang='grc' dir='ltr'><strong><em>ὥσπερ</em></strong></span> <span class='ocrx_word' id='word_1_313' title='bbox 605 2150 629 2192; x_wconf 81' lang='lat' dir='ltr'><em>o‘</em></span> <span class='ocrx_word' id='word_1_314' title='bbox 655 2150 866 2204; x_wconf 76' lang='grc' dir='ltr'>λιβανωτὸς</span> <span class='ocrx_word' id='word_1_315' title='bbox 903 2149 983 2192; x_wconf 57' lang='lat' dir='ltr'><em>irco*</em></span> <span class='ocrx_word' id='word_1_316' title='bbox 1023 2149 1270 2203; x_wconf 83' lang='grc' dir='ltr'><strong><em>θερμότητος</em></strong></span> <span class='ocrx_word' id='word_1_317' title='bbox 1299 2146 1563 2202; x_wconf 76' lang='grc' dir='ltr'>α’ναθυμιῶν-</span> 
     </span>
     <span class='ocr_line' id='line_1_30' title="bbox 49 2217 1561 2271; baseline 0.001 -15"><span class='ocrx_word' id='word_1_318' title='bbox 49 2231 125 2257; x_wconf 78' lang='grc' dir='ltr'><strong>ται.</strong></span> <span class='ocrx_word' id='word_1_319' title='bbox 179 2217 291 2256; x_wconf 85' lang='lat' dir='ltr'><strong>Cous.</strong></span> <span class='ocrx_word' id='word_1_320' title='bbox 326 2219 537 2257; x_wconf 85' lang='lat' dir='ltr'><em>Archiloch.</em></span> <span class='ocrx_word' id='word_1_321' title='bbox 566 2221 667 2271; x_wconf 83' lang='lat' dir='ltr'><em>apud</em></span> <span class='ocrx_word' id='word_1_322' title='bbox 701 2220 882 2259; x_wconf 82' lang='lat' dir='ltr'><em>Athenae.</em></span> <span class='ocrx_word' id='word_1_323' title='bbox 915 2219 990 2269; x_wconf 91' lang='lat'><strong>14,</strong></span> <span class='ocrx_word' id='word_1_324' title='bbox 1018 2221 1055 2259; x_wconf 88' lang='lat'><strong>6.</strong></span> <span class='ocrx_word' id='word_1_325' title='bbox 1090 2233 1127 2270; x_wconf 90' lang='lat' dir='ltr'><em>p.</em></span> <span class='ocrx_word' id='word_1_326' title='bbox 1154 2220 1249 2259; x_wconf 86' lang='lat'><strong>627.</strong></span> <span class='ocrx_word' id='word_1_327' title='bbox 1286 2221 1326 2255; x_wconf 87' lang='lat' dir='ltr'><em>et</em></span> <span class='ocrx_word' id='word_1_328' title='bbox 1361 2217 1485 2257; x_wconf 90' lang='lat' dir='ltr'><em>Bentl.</em></span> <span class='ocrx_word' id='word_1_329' title='bbox 1512 2218 1561 2254; x_wconf 86' lang='lat' dir='ltr'><em>ad</em></span> 
     </span>
     <span class='ocr_line' id='line_1_31' title="bbox 49 2284 869 2338; baseline -0.001 -15"><span class='ocrx_word' id='word_1_330' title='bbox 49 2284 127 2325; x_wconf 84' lang='lat' dir='ltr'><em>Od.</em></span> <span class='ocrx_word' id='word_1_331' title='bbox 152 2286 194 2336; x_wconf 84' lang='lat'><em>3,</em></span> <span class='ocrx_word' id='word_1_332' title='bbox 219 2288 286 2335; x_wconf 88' lang='lat'><strong>21,</strong></span> <span class='ocrx_word' id='word_1_333' title='bbox 316 2287 381 2328; x_wconf 88' lang='lat'><em>13.</em></span> <span class='ocrx_word' id='word_1_334' title='bbox 422 2287 513 2325; x_wconf 90' lang='lat' dir='ltr'><em>Inde</em></span> <span class='ocrx_word' id='word_1_335' title='bbox 541 2299 637 2338; x_wconf 90' lang='lat' dir='ltr'><em>quae</em></span> <span class='ocrx_word' id='word_1_336' title='bbox 665 2292 869 2337; x_wconf 88' lang='lat' dir='ltr'><em>sequuntur</em></span> 
     </span>
    </p>
   </div>
   <div class='ocr_carea' id='block_1_3' title="bbox 50 2356 322 2366">
    <p class='ocr_par' dir='ltr' id='par_1_4' title="bbox 50 2356 322 2366">
     <span class='ocr_line' id='line_1_32' title="bbox 50 2356 322 2366; baseline 0 0"><span class='ocrx_word' id='word_1_337' title='bbox 50 2356 322 2366; x_wconf 95' lang='lat' dir='ltr'><em> </em></span> 
     </span>
    </p>
   </div>
   <div class='ocr_carea' id='block_1_4' title="bbox 0 2386 1563 2884">
    <p class='ocr_par' dir='ltr' id='par_1_5' title="bbox 0 2386 1563 2884">
     <span class='ocr_line' id='line_1_33' title="bbox 162 2386 1563 2436; baseline -0.004 -12"><span class='ocrx_word' id='word_1_338' title='bbox 162 2388 200 2434; x_wconf 69' lang='lat'><em>⁴¹)</em></span> <span class='ocrx_word' id='word_1_339' title='bbox 222 2390 309 2424; x_wconf 88' lang='lat' dir='ltr'><em>IIIud</em></span> <span class='ocrx_word' id='word_1_340' title='bbox 329 2390 569 2436; x_wconf 79' lang='lat' dir='ltr'><em>Epigramma,</em></span> <span class='ocrx_word' id='word_1_341' title='bbox 590 2392 688 2436; x_wconf 80' lang='lat' dir='ltr'><em>eujus</em></span> <span class='ocrx_word' id='word_1_342' title='bbox 710 2392 781 2436; x_wconf 83' lang='lat' dir='ltr'><em>jam</em></span> <span class='ocrx_word' id='word_1_343' title='bbox 799 2389 1004 2424; x_wconf 82' lang='lat' dir='ltr'><em>mentionem</em></span> <span class='ocrx_word' id='word_1_344' title='bbox 1024 2388 1080 2423; x_wconf 84' lang='lat' dir='ltr'><em>hic</em></span> <span class='ocrx_word' id='word_1_345' title='bbox 1099 2388 1185 2422; x_wconf 80' lang='lat' dir='ltr'><em>fecit</em></span> <span class='ocrx_word' id='word_1_346' title='bbox 1212 2386 1400 2430; x_wconf 66' lang='lat' dir='ltr'><em>cruquius,</em></span> <span class='ocrx_word' id='word_1_347' title='bbox 1422 2386 1563 2420; x_wconf 78' lang='lat' dir='ltr'><em>Bentle-</em></span> 
     </span>
     <span class='ocr_line' id='line_1_34' title="bbox 7 2443 1559 2493; baseline -0.003 -12"><span class='ocrx_word' id='word_1_348' title='bbox 7 2478 9 2481; x_wconf 86' lang='lat'><strong>.</strong></span> <span class='ocrx_word' id='word_1_349' title='bbox 40 2448 105 2490; x_wconf 73' lang='lat' dir='ltr'><em>jus</em></span> <span class='ocrx_word' id='word_1_350' title='bbox 123 2447 336 2480; x_wconf 81' lang='lat' dir='ltr'><em>emendatius</em></span> <span class='ocrx_word' id='word_1_351' title='bbox 356 2447 391 2481; x_wconf 86' lang='lat' dir='ltr'><em>h.</em></span> <span class='ocrx_word' id='word_1_352' title='bbox 412 2447 435 2480; x_wconf 94' lang='grc'><em>1.</em></span> <span class='ocrx_word' id='word_1_353' title='bbox 455 2448 639 2493; x_wconf 83' lang='lat' dir='ltr'><em>apposuit,</em></span> <span class='ocrx_word' id='word_1_354' title='bbox 666 2449 730 2482; x_wconf 77' lang='lat' dir='ltr'><em>Fr.</em></span> <span class='ocrx_word' id='word_1_355' title='bbox 760 2446 938 2480; x_wconf 69' lang='lat' dir='ltr'><em>Jacobs-’us</em></span> <span class='ocrx_word' id='word_1_356' title='bbox 963 2445 1120 2490; x_wconf 82' lang='lat' dir='ltr'><em>pluribus</em></span> <span class='ocrx_word' id='word_1_357' title='bbox 1139 2443 1227 2478; x_wconf 80' lang='lat' dir='ltr'><em>locis</em></span> <span class='ocrx_word' id='word_1_358' title='bbox 1248 2447 1290 2477; x_wconf 86' lang='lat' dir='ltr'><em>ut</em></span> <span class='ocrx_word' id='word_1_359' title='bbox 1313 2443 1349 2476; x_wconf 86' lang='lat' dir='ltr'><em>in</em></span> <span class='ocrx_word' id='word_1_360' title='bbox 1375 2443 1559 2477; x_wconf 79' lang='lat' dir='ltr'><em>Animadv.</em></span> 
     </span>
     <span class='ocr_line' id='line_1_35' title="bbox 0 2496 1562 2547; baseline -0.003 -8"><span class='ocrx_word' id='word_1_361' title='bbox 0 2500 10 2539; x_wconf 73' lang='grc' dir='ltr'><em>Ῐ</em></span> <span class='ocrx_word' id='word_1_362' title='bbox 46 2503 94 2537; x_wconf 76' lang='lat' dir='ltr'><em>ad</em></span> <span class='ocrx_word' id='word_1_363' title='bbox 114 2502 174 2536; x_wconf 92' lang='lat' dir='ltr'><em>Br.</em></span> <span class='ocrx_word' id='word_1_364' title='bbox 193 2503 293 2536; x_wconf 82' lang='lat' dir='ltr'><strong>Anal.</strong></span> <span class='ocrx_word' id='word_1_365' title='bbox 312 2505 342 2537; x_wconf 90' lang='lat'><em>1.</em></span> <span class='ocrx_word' id='word_1_366' title='bbox 361 2514 396 2547; x_wconf 89' lang='lat' dir='ltr'><em>p.</em></span> <span class='ocrx_word' id='word_1_367' title='bbox 414 2501 495 2538; x_wconf 81' lang='lat'><strong>417.</strong></span> <span class='ocrx_word' id='word_1_368' title='bbox 527 2504 606 2537; x_wconf 82' lang='lat' dir='ltr'><strong>Vol.</strong></span> <span class='ocrx_word' id='word_1_369' title='bbox 627 2504 657 2538; x_wconf 90' lang='lat'><em>1.</em></span> <span class='ocrx_word' id='word_1_370' title='bbox 676 2504 718 2538; x_wconf 89' lang='lat' dir='ltr'><em>P.</em></span> <span class='ocrx_word' id='word_1_371' title='bbox 740 2505 773 2537; x_wconf 88' lang='lat'><em>2.</em></span> <span class='ocrx_word' id='word_1_372' title='bbox 802 2514 836 2546; x_wconf 87' lang='lat' dir='ltr'><em>p.</em></span> <span class='ocrx_word' id='word_1_373' title='bbox 858 2501 943 2545; x_wconf 83' lang='lat'><em>230,</em></span> <span class='ocrx_word' id='word_1_374' title='bbox 969 2501 1006 2535; x_wconf 84' lang='lat' dir='ltr'><em>in</em></span> <span class='ocrx_word' id='word_1_375' title='bbox 1026 2500 1165 2535; x_wconf 80' lang='lat' dir='ltr'><em>Ant-hol.</em></span> <span class='ocrx_word' id='word_1_376' title='bbox 1193 2500 1271 2534; x_wconf 78' lang='lat' dir='ltr'><strong>Pal.</strong></span> <span class='ocrx_word' id='word_1_377' title='bbox 1295 2499 1342 2532; x_wconf 90' lang='lat'><em>11.</em></span> <span class='ocrx_word' id='word_1_378' title='bbox 1361 2511 1399 2544; x_wconf 90' lang='lat' dir='ltr'><em>p.</em></span> <span class='ocrx_word' id='word_1_379' title='bbox 1419 2496 1501 2534; x_wconf 82' lang='lat'><strong>543.</strong></span> <span class='ocrx_word' id='word_1_380' title='bbox 1523 2507 1562 2534; x_wconf 77' lang='lat' dir='ltr'><em>et</em></span> 
     </span>
     <span class='ocr_line' id='line_1_36' title="bbox 49 2555 1559 2603; baseline -0.002 -10"><span class='ocrx_word' id='word_1_381' title='bbox 49 2559 86 2593; x_wconf 84' lang='lat' dir='ltr'><em>in</em></span> <span class='ocrx_word' id='word_1_382' title='bbox 107 2559 243 2592; x_wconf 88' lang='lat' dir='ltr'><em>Delect.</em></span> <span class='ocrx_word' id='word_1_383' title='bbox 263 2558 390 2603; x_wconf 81' lang='lat' dir='ltr'><strong>Epigr.</strong></span> <span class='ocrx_word' id='word_1_384' title='bbox 411 2560 540 2592; x_wconf 84' lang='lat' dir='ltr'><em>Graec.</em></span> <span class='ocrx_word' id='word_1_385' title='bbox 557 2557 591 2601; x_wconf 79' lang='lat'><strong>4,</strong></span> <span class='ocrx_word' id='word_1_386' title='bbox 614 2560 673 2594; x_wconf 86' lang='lat'><em>65.</em></span> <span class='ocrx_word' id='word_1_387' title='bbox 700 2557 902 2593; x_wconf 79' lang='lat' dir='ltr'><em>illustravit.</em></span> <span class='ocrx_word' id='word_1_388' title='bbox 934 2557 1038 2592; x_wconf 86' lang='lat' dir='ltr'><strong>Cous.</strong></span> <span class='ocrx_word' id='word_1_389' title='bbox 1059 2556 1209 2591; x_wconf 71' lang='lat' dir='ltr'><em>Meinek.</em></span> <span class='ocrx_word' id='word_1_390' title='bbox 1231 2556 1371 2599; x_wconf 75' lang='lat' dir='ltr'><em>Fragm.</em></span> <span class='ocrx_word' id='word_1_391' title='bbox 1396 2555 1493 2592; x_wconf 85' lang='lat' dir='ltr'><strong>Com.</strong></span> <span class='ocrx_word' id='word_1_392' title='bbox 1509 2556 1559 2599; x_wconf 88' lang='grc' dir='ltr'>Π,</span> 
     </span>
     <span class='ocr_line' id='line_1_37' title="bbox 50 2611 1560 2660; baseline -0.002 -10"><span class='ocrx_word' id='word_1_393' title='bbox 50 2617 84 2650; x_wconf 91' lang='grc'><em>1.</em></span> <span class='ocrx_word' id='word_1_394' title='bbox 104 2627 139 2660; x_wconf 91' lang='lat' dir='ltr'><em>p.</em></span> <span class='ocrx_word' id='word_1_395' title='bbox 160 2615 238 2650; x_wconf 89' lang='grc'><strong>119.</strong></span> <span class='ocrx_word' id='word_1_396' title='bbox 260 2616 338 2653; x_wconf 86' lang='grc'><strong>210,</strong></span> <span class='ocrx_word' id='word_1_397' title='bbox 362 2614 531 2648; x_wconf 74' lang='lat' dir='ltr'><em>Fn&#39;tzsch.</em></span> <span class='ocrx_word' id='word_1_398' title='bbox 554 2615 776 2660; x_wconf 80' lang='lat' dir='ltr'><em>Euphrosyn.</em></span> <span class='ocrx_word' id='word_1_399' title='bbox 798 2614 828 2657; x_wconf 86' lang='lat'><em>1,</em></span> <span class='ocrx_word' id='word_1_400' title='bbox 849 2615 882 2648; x_wconf 88' lang='lat'><em>1.</em></span> <span class='ocrx_word' id='word_1_401' title='bbox 904 2624 939 2658; x_wconf 90' lang='lat' dir='ltr'><em>p.</em></span> <span class='ocrx_word' id='word_1_402' title='bbox 960 2615 1015 2649; x_wconf 91' lang='lat'><em>16.</em></span> <span class='ocrx_word' id='word_1_403' title='bbox 1053 2613 1106 2646; x_wconf 87' lang='lat' dir='ltr'><em>De</em></span> <span class='ocrx_word' id='word_1_404' title='bbox 1126 2623 1237 2656; x_wconf 76' lang='lat' dir='ltr'><em>aquae</em></span> <span class='ocrx_word' id='word_1_405' title='bbox 1253 2611 1432 2658; x_wconf 71' lang='lat' dir='ltr'><em>potoribus</em></span> <span class='ocrx_word' id='word_1_406' title='bbox 1448 2612 1505 2646; x_wconf 85' lang='lat' dir='ltr'><em>veI</em></span> <span class='ocrx_word' id='word_1_407' title='bbox 1522 2611 1560 2647; x_wconf 86' lang='lat' dir='ltr'><em>iu</em></span> 
     </span>
     <span class='ocr_line' id='line_1_38' title="bbox 49 2667 1558 2714; baseline -0.003 -8"><span class='ocrx_word' id='word_1_408' title='bbox 49 2670 186 2707; x_wconf 77' lang='lat' dir='ltr'><em>laudem</em></span> <span class='ocrx_word' id='word_1_409' title='bbox 205 2671 263 2704; x_wconf 84' lang='lat' dir='ltr'><em>vel</em></span> <span class='ocrx_word' id='word_1_410' title='bbox 282 2670 319 2703; x_wconf 87' lang='lat' dir='ltr'><em>in</em></span> <span class='ocrx_word' id='word_1_411' title='bbox 338 2669 635 2714; x_wconf 79' lang='lat' dir='ltr'><em>vituperationem</em></span> <span class='ocrx_word' id='word_1_412' title='bbox 654 2669 924 2704; x_wconf 80' lang='lat' dir='ltr'><em>commemoratis</em></span> <span class='ocrx_word' id='word_1_413' title='bbox 940 2669 1032 2703; x_wconf 85' lang='lat' dir='ltr'><strong>conf.</strong></span> <span class='ocrx_word' id='word_1_414' title='bbox 1050 2668 1180 2702; x_wconf 79' lang='lat' dir='ltr'><em>Gatak.</em></span> <span class='ocrx_word' id='word_1_415' title='bbox 1204 2668 1293 2703; x_wconf 79' lang='lat' dir='ltr'><strong>Adv.</strong></span> <span class='ocrx_word' id='word_1_416' title='bbox 1313 2667 1417 2704; x_wconf 72' lang='lat' dir='ltr'><strong>misc.</strong></span> <span class='ocrx_word' id='word_1_417' title='bbox 1435 2667 1558 2702; x_wconf 66' lang='lat' dir='ltr'><strong>Postu.</strong></span> 
     </span>
     <span class='ocr_line' id='line_1_39' title="bbox 51 2717 1558 2773; baseline -0.002 -10"><span class='ocrx_word' id='word_1_418' title='bbox 51 2726 108 2762; x_wconf 87' lang='lat'><em>15.</em></span> <span class='ocrx_word' id='word_1_419' title='bbox 127 2739 164 2773; x_wconf 84' lang='lat' dir='ltr'><em>p.</em></span> <span class='ocrx_word' id='word_1_420' title='bbox 181 2727 261 2762; x_wconf 86' lang='lat'><strong>557.</strong></span> <span class='ocrx_word' id='word_1_421' title='bbox 287 2725 419 2759; x_wconf 85' lang='lat' dir='ltr'><em>Weitz.</em></span> <span class='ocrx_word' id='word_1_422' title='bbox 440 2725 484 2759; x_wconf 82' lang='lat' dir='ltr'><em>ad</em></span> <span class='ocrx_word' id='word_1_423' title='bbox 502 2726 646 2764; x_wconf 84' lang='lat' dir='ltr'><em>Petron,</em></span> <span class='ocrx_word' id='word_1_424' title='bbox 668 2717 808 2770; x_wconf 73' lang='lat' dir='ltr'><strong>Ffagm.</strong></span> <span class='ocrx_word' id='word_1_425' title='bbox 838 2737 874 2770; x_wconf 89' lang='lat' dir='ltr'><em>p.</em></span> <span class='ocrx_word' id='word_1_426' title='bbox 893 2725 974 2759; x_wconf 88' lang='grc'><strong>683.</strong></span> <span class='ocrx_word' id='word_1_427' title='bbox 1004 2724 1061 2759; x_wconf 84' lang='lat' dir='ltr'><em>ed.</em></span> <span class='ocrx_word' id='word_1_428' title='bbox 1080 2724 1197 2758; x_wconf 84' lang='lat' dir='ltr'><strong>Burm.</strong></span> <span class='ocrx_word' id='word_1_429' title='bbox 1218 2725 1319 2759; x_wconf 85' lang='lat'><strong>1709.</strong></span> <span class='ocrx_word' id='word_1_430' title='bbox 1347 2723 1493 2759; x_wconf 80' lang='lat' dir='ltr'><em>Oehler.</em></span> <span class='ocrx_word' id='word_1_431' title='bbox 1512 2726 1558 2760; x_wconf 85' lang='lat' dir='ltr'><em>ad</em></span> 
     </span>
     <span class='ocr_line' id='line_1_40' title="bbox 49 2780 1556 2826; baseline -0.001 -11"><span class='ocrx_word' id='word_1_432' title='bbox 49 2782 152 2819; x_wconf 75' lang='lat' dir='ltr'><em>vm.</em></span> <span class='ocrx_word' id='word_1_433' title='bbox 180 2785 258 2818; x_wconf 81' lang='lat' dir='ltr'><em>Sat.</em></span> <span class='ocrx_word' id='word_1_434' title='bbox 287 2782 445 2826; x_wconf 88' lang='lat' dir='ltr'><em>Menipp.</em></span> <span class='ocrx_word' id='word_1_435' title='bbox 466 2782 523 2816; x_wconf 90' lang='lat'><em>96.</em></span> <span class='ocrx_word' id='word_1_436' title='bbox 542 2793 579 2826; x_wconf 85' lang='lat' dir='ltr'><em>p.</em></span> <span class='ocrx_word' id='word_1_437' title='bbox 602 2780 683 2816; x_wconf 90' lang='grc'><strong>235.</strong></span> <span class='ocrx_word' id='word_1_438' title='bbox 710 2781 866 2826; x_wconf 83' lang='lat' dir='ltr'><em>interpp.</em></span> <span class='ocrx_word' id='word_1_439' title='bbox 894 2781 939 2814; x_wconf 83' lang='lat' dir='ltr'><em>ad</em></span> <span class='ocrx_word' id='word_1_440' title='bbox 963 2781 1064 2818; x_wconf 82' lang='lat' dir='ltr'><em>Pind.</em></span> <span class='ocrx_word' id='word_1_441' title='bbox 1088 2780 1227 2825; x_wconf 78' lang='lat' dir='ltr'><strong>Olymp.</strong></span> <span class='ocrx_word' id='word_1_442' title='bbox 1254 2783 1288 2824; x_wconf 85' lang='lat'><em>1,</em></span> <span class='ocrx_word' id='word_1_443' title='bbox 1316 2782 1350 2816; x_wconf 92' lang='lat'><em>1.</em></span> <span class='ocrx_word' id='word_1_444' title='bbox 1378 2781 1556 2816; x_wconf 72' lang='lat' dir='ltr'><em>Demosth.</em></span> 
     </span>
     <span class='ocr_line' id='line_1_41' title="bbox 49 2836 1556 2884; baseline 0.001 -12"><span class='ocrx_word' id='word_1_445' title='bbox 49 2838 141 2875; x_wconf 84' lang='lat' dir='ltr'><strong>Phil.</strong></span> <span class='ocrx_word' id='word_1_446' title='bbox 159 2840 207 2874; x_wconf 84' lang='grc' dir='ltr'><em>Π.</em></span> <span class='ocrx_word' id='word_1_447' title='bbox 228 2851 265 2884; x_wconf 87' lang='lat' dir='ltr'><em>p.</em></span> <span class='ocrx_word' id='word_1_448' title='bbox 281 2839 341 2874; x_wconf 84' lang='lat'><em>73.</em></span> <span class='ocrx_word' id='word_1_449' title='bbox 363 2839 407 2872; x_wconf 91' lang='lat' dir='ltr'><em>de</em></span> <span class='ocrx_word' id='word_1_450' title='bbox 427 2838 504 2871; x_wconf 82' lang='lat' dir='ltr'><strong>fals.</strong></span> <span class='ocrx_word' id='word_1_451' title='bbox 525 2838 632 2881; x_wconf 81' lang='lat' dir='ltr'><em>legat.</em></span> <span class='ocrx_word' id='word_1_452' title='bbox 656 2849 693 2882; x_wconf 89' lang='lat' dir='ltr'><em>p.</em></span> <span class='ocrx_word' id='word_1_453' title='bbox 708 2836 789 2872; x_wconf 85' lang='lat'><strong>355.</strong></span> <span class='ocrx_word' id='word_1_454' title='bbox 809 2837 841 2871; x_wconf 85' lang='lat' dir='ltr'><em>J.</em></span> <span class='ocrx_word' id='word_1_455' title='bbox 856 2837 898 2871; x_wconf 89' lang='lat' dir='ltr'><em>Z.</em></span> <span class='ocrx_word' id='word_1_456' title='bbox 914 2837 1071 2872; x_wconf 76' lang='lat' dir='ltr'><em>Platuer.</em></span> <span class='ocrx_word' id='word_1_457' title='bbox 1093 2837 1130 2871; x_wconf 87' lang='lat' dir='ltr'><em>in</em></span> <span class='ocrx_word' id='word_1_458' title='bbox 1150 2836 1290 2872; x_wconf 84' lang='lat' dir='ltr'><em>Prolns.</em></span> <span class='ocrx_word' id='word_1_459' title='bbox 1306 2836 1383 2873; x_wconf 87' lang='lat' dir='ltr'><em>XV.</em></span> <span class='ocrx_word' id='word_1_460' title='bbox 1403 2837 1449 2872; x_wconf 87' lang='lat' dir='ltr'><em>de</em></span> <span class='ocrx_word' id='word_1_461' title='bbox 1467 2849 1556 2883; x_wconf 75' lang='lat' dir='ltr'><em>aqua</em></span> 
     </span>
    </p>
   </div>
   <div class='ocr_carea' id='block_1_5' title="bbox 48 2894 1338 3008">
    <p class='ocr_par' dir='ltr' id='par_1_6' title="bbox 48 2894 1338 3008">
     <span class='ocr_line' id='line_1_42' title="bbox 48 2894 621 2940; baseline -0.002 -12"><span class='ocrx_word' id='word_1_462' title='bbox 48 2894 191 2929; x_wconf 69' lang='lat' dir='ltr'><em>sennua</em></span> <span class='ocrx_word' id='word_1_463' title='bbox 209 2895 397 2930; x_wconf 83' lang='lat' dir='ltr'><em>salubriori</em></span> <span class='ocrx_word' id='word_1_464' title='bbox 414 2895 460 2929; x_wconf 90' lang='lat'><em>11.</em></span> <span class='ocrx_word' id='word_1_465' title='bbox 483 2906 520 2940; x_wconf 88' lang='lat' dir='ltr'><em>p.</em></span> <span class='ocrx_word' id='word_1_466' title='bbox 544 2895 621 2929; x_wconf 90' lang='lat'><strong>121.</strong></span> 
     </span>
     <span class='ocr_line' id='line_1_43' title="bbox 102 2954 1338 3008; baseline 0.001 -11"><span class='ocrx_word' id='word_1_467' title='bbox 102 2962 244 2997; x_wconf 65' lang='lat' dir='ltr'><em>Horum.</em></span> <span class='ocrx_word' id='word_1_468' title='bbox 269 2963 319 2997; x_wconf 87' lang='lat'><em>11.</em></span> <span class='ocrx_word' id='word_1_469' title='bbox 1169 2954 1223 2996; x_wconf 75' lang='lat'><em>32</em></span> <span class='ocrx_word' id='word_1_470' title='bbox 1248 2955 1338 3008; x_wconf 89' lang='lat'><strong>(10)</strong></span> 
     </span>
    </p>
   </div>
  </div>
 </body>
</html>
