1910 3138
100 173 180 214 161
229 170 583 212 comNT.1N
601 170 727 210 non
746 169 847 213 Lm.
867 170 898 210 1.
927 168 1093 209 EPIST.
1111 142 1499 209 monueram.
1539 166 1624 208 509

97 285 329 336 comparatio
355 288 434 334 est,
462 284 537 321 vid.
561 297 649 324 ann.
673 285 722 323 ad
739 285 782 334 3,
811 286 880 331 2-1.
907 289 947 322 et
975 282 1154 321 Nitzsclz.
1187 282 1236 320 ad
1262 281 1358 320 Plat.
1381 281 1471 321 Jon.
1498 294 1535 333 p.
1554 282 1624 323 33.

94 351 260 391 Verbum
285 356 412 390 autem
437 365 598 390 examen
626 353 676 390 de
703 353 786 390 aliis
806 365 956 403 quoque
978 350 1198 389 animalibus
1215 355 1258 388 ut
1277 349 1431 399 avibus,
1457 349 1625 400 conchis,

95 419 251 458 locustis
274 424 350 458 etc.
379 424 597 471 usurpatum
622 419 834 470 (Drakenb.
866 420 915 456 ad
941 418 1030 460 Liv.
1062 419 1134 468 38,
1157 418 1228 468 46,
1252 418 1311 469 5.)
1343 417 1453 456 facile
1475 419 1525 456 ad
1553 417 1624 456 ho-

94 486 215 526 mines
238 487 409 538 transiit,
445 488 519 526 vid.
548 487 695 526 Mitseh.
720 488 768 524 ad
797 486 875 524 od.
907 489 946 535 1,
973 487 1044 536 35,
1071 487 1139 527 31.
1172 486 1333 524 Biinem.
1370 484 1421 523 ad
1447 483 1623 524 Lactant.

98 554 190 595 lust.
211 554 253 603 4,
283 555 351 604 10,
385 558 448 598 14.
475 556 639 594 Beneck.
669 555 718 593 ad
742 555 879 594 Justin.
909 555 976 602 25,
1006 557 1047 604 2,
1075 555 1116 595 8.

206 621 252 660 V.
271 622 326 663 23
341 645 393 651 —
410 623 476 664 25.
518 624 664 660 Parios
681 636 750 673 ego
764 645 821 652 —-
830 624 988 674 pn'mus
1006 620 1126 660 verba
1145 619 1390 671 Iffcamben.
1426 621 1512 659 Jam
1529 620 1623 660 Hor.

97 688 148 726 de
178 702 248 728 sua
275 694 440 728 veterum
475 696 672 740 poetarum
707 691 939 729 Graecorum
967 691 1174 728 imitatione
1198 689 1315 728 libera
1343 689 1491 726 Parim
1505 691 1625 736 jam-—

98 756 220 808 boe*)
257 763 416 809 propter
442 759 675 796 inventorem
708 758 971 797 Archilochum
997 771 1020 796 a
1045 757 1142 795 Paro
1176 756 1297 794 insula
1325 758 1379 794 sic
1405 757 1625 795 denomina-

96 828 157 862 tos
186 828 463 865 commemorat.
521 825 660 863 Errant
688 831 812 864 autem
848 826 895 875 ii,
926 827 990 877 qui
1017 829 1058 863 ut
1087 824 1285 862 Bartlu'us
1321 825 1435 874 (Λᾶν.
1463 826 1505 874 8,
1536 824 1624 876 18.)

96 897 136 930 et
167 891 312 930 Oehler
336 894 404 945 (ad
435 893 595 931 Terent.
618 893 727 931 Varr.
765 894 846 932 Sat.
878 894 1046 945 Menipp.
1083 907 1120 944 p.
1149 893 1243 933 156.
1272 892 1339 940 53,
1371 890 1457 942 15.)
1493 904 1625 930 versus

92 960 279 1010 iambicos
306 960 368 998 hic
392 961 591 1011 significari
633 962 852 1011 opinantur,
889 961 1073 1010 siquidem
1108 959 1288 997 Varronis
1322 959 1625 1009 elegantissimos

91 1027 262 1078 jambos,
299 1027 366 1078 qui
393 1027 544 1078 quidem
575 1028 717 1078 aliquot
741 1028 1003 1078 reperiuntur,
1045 1040 1203 1078 arguere
1239 1028 1389 1077 dicunt,
1425 1027 1625 1064 Horatium

94 1095 236 1134 frustra
263 1095 314 1133 de
335 1094 455 1133 Pariis
486 1107 510 1132 a
539 1109 582 1133 se
604 1095 719 1133 Latio
748 1095 905 1146 primum
935 1096 1099 1134 ostensis
1128 1096 1328 1145 gloriatum
1360 1107 1468 1140 esse;
1507 1099 1546 1132 at
1573 1094 1623 1132 de

93 1167 177 1200 toto
205 1162 417 1201 Archilochi
445 1164 595 1201 satirico
625 1175 766 1213 genere
792 1163 853 1200 hic
882 1163 1031 1211 agitur,
1066 1164 1116 1201 de
1144 1176 1219 1213 quo
1255 1163 1331 1201 vid.
1368 1161 1546 1200 Schmid.
1573 1162 1622 1199 ad

96 1233 136 1279 2,
159 1233 201 1280 2,
227 1231 295 1272 59.
329 1230 452 1270 orell.
476 1231 526 1268 ad
557 1232 601 1271 A.
634 1231 680 1268 Ρ.
703 1231 771 1272 79.
811 1230 883 1268 ΤΙι.
919 1229 1069 1268 Obbar.
1097 1231 1146 1268 ad
1170 1231 1247 1268 Od.
1274 1231 1313 1278 1,
1334 1231 1401 1279 16,
1425 1232 1463 1271 2.
1488 1232 1623 1268 Bern-

93 1298 224 1350 hardy
237 1298 475 1348 „Grundriss
490 1300 561 1337 der'
573 1299 723 1340 Griech.
741 1297 979 1337 Litteratur“
1000 1298 1047 1336 11.
1072 1311 1110 1349 p.
1126 1298 1222 1339 333.
1248 1297 1450 1335 chkeri
1469 1298 1623 1346 „kleine

93 1366 314 1405 Schristen“
350 1366 378 1406 Ῑ.
414 1381 453 1418 p.
481 1368 536 1407 77
566 1379 649 1416 sqq.
678 1366 761 1404 coll.
800 1366 935 1404 Bentl.
970 1367 1020 1404 ad
1052 1366 1175 1417 Epod.
1207 1364 1271 1416 14,
1302 1366 1343 1406 3.
1385 1365 1621 1403 Hirstenav.

92 1436 142 1472 «le
175 1434 307 1474 Carm.
342 1433 440 1485 aliq.
470 1435 573 1471 Hor.
608 1433 791 1472 Clzronol.
827 1449 865 1485 p,
896 1435 962 1475 13.
998 1448 1037 1472 ν.
1067 1434 1231 1471 Heu-ede
1272 1431 1419 1471 Studia
1449 1434 1550 1469 critt.
1576 1434 1620 1470 in

97 1502 141 1542 C'.
171 1502 306 1539 Lucil.
334 1516 373 1552 p.
395 1502 489 1542 298.
523 1501 670 1538 Weber
695 1502 720 1540 l.
747 1502 772 1543 Ι.
796 1503 915 1541 Hess.
944 1503 994 1540 ad
1023 1503 1118 1541 Tac.
1145 1502 1244 1540 Dial-
1269 1503 1333 1543 10.
1358 1515 1395 1551 p.
1418 1501 1485 1541 66.
1525 1500 1621 1538 Illud

91 1569 240 1619 quidem
265 1568 428 1617 jambico
457 1572 580 1605 metro
619 1574 832 1607 contentum
859 1570 1039 1608 Horatius
1069 1584 1112 1608 se
1144 1571 1322 1620 primum
1358 1570 1408 1606 ad
1445 1567 1620 1607 Latinam

90 1637 223 1687 poesin
248 1636 486 1673 transtulisse
505 1636 615 1685 dicit,
641 1649 663 1674 a
692 1649 766 1686 qua
793 1638 1038 1688 explicatione
1064 1638 1090 1675 ii
1118 1637 1337 1685 discedunt,
1368 1636 1433 1686 qui
1462 1641 1503 1674 ut
1522 1637 1620 1673 Ha-

92 1703 291 1755 berseldus
315 1707 354 1742 et
378 1703 561 1753 Brittiger
588 1703 655 1754 (ad
682 1702 806 1755 Epod.
835 1718 873 1755 p.
905 1701 1023 1757 278.)
1061 1704 1151 1742 illud
1179 1705 1399 1743 vocabulum
1436 1705 1485 1742 ad
1514 1705 1619 1756 Epo-

91 1773 163 1809 dos
188 1776 367 1822 tanquam
393 1772 543 1822 poetica
570 1771 718 1809 Horatii
742 1772 953 1810 rudimenta
979 1772 1167 1821 referunt,
1205 1772 1273 1810 sed
1308 1772 1619 1822 significationem

90 1853 126 1877 v.
150 1840 310 1890 primus
332 1839 428 1877 bene
455 1840 630 1876 enodavit
658 1840 696 1881 J,
731 1840 783 1877 Η.
822 1839 982 1877 Vossius
1006 1840 1055 1877 ad
1082 1840 1185 1890 Virg.
1212 1841 1284 1878 Ge.
1309 1839 1351 1888 3,
1385 1841 1449 1880 10.
1478 1840 1618 1891 quippe

91 1907 156 1957 qui
183 1905 337 1944 Lucret.
369 1906 408 1954 1,
432 1907 527 1946 925.
563 1906 699 1944 Horat.
735 1906 811 1944 od.
837 1907 880 1957 3,
908 1908 980 1956 30,
1012 1908 1079 1948 13.
1119 1907 1233 1959 Prop.
1258 1908 1301 1957 3,
1332 1910 1372 1956 1,
1399 1909 1439 1948 3.
1483 1909 1614 1946 Manil.

92 1976 133 2022 1,
162 1973 201 2014 4.
242 1974 443 2012 conferret.
484 1974 542 2012 Ex
574 1974 647 2012 alia
676 1981 783 2025 parte
814 1976 979 2026 assurgit
1010 1975 1093 2012 Jul.
1126 1976 1207 2014 Jos.
1242 1976 1423 2025 Scaliger
1449 1976 1614 2030 (Poetic.

61 2086 65 2094 Δ
88 2040 153 2079 VI.
180 2055 220 2093 p.
239 2040 342 2089 805)
366 2041 434 2078 hac
462 2041 605 2080 Poetae
634 2043 908 2080 criminatione:
936 2043 1048 2090 „Hos
1077 2043 1176 2080 enim
1200 2042 1331 2080 Parios
1356 2043 1505 2093 jambos
1536 2044 1617 2081 Ro-

89 2122 219 2147 manos
248 2109 295 2146 ab
330 2123 373 2147 se
397 2112 515 2160 primo
546 2111 669 2149 factos
698 2115 839 2148 temere
864 2110 1055 2159 gloriatur.
1102 2111 1198 2154 Quis
1227 2111 1324 2147 enim
1351 2111 1514 2148 nescita
1539 2111 1616 2149 Ca-

89 2177 182 2215 tullo
206 2178 244 2214 id
269 2182 379 2214 antea
407 2178 618 2216 felicissime
647 2179 899 2216 factitatumf‘
948 2177 1091 2215 Contra
1115 2178 1276 2228 judicem
1300 2178 1405 2226 justo
1426 2179 1614 2216 morosio-

89 2257 169 2283 rem
207 2245 374 2296 ‹lisputat
410 2245 609 2283 Dae-erius
620 2274 634 2291 ,
676 2259 833 2297 quocum
880 2245 927 2281 de
967 2245 1200 2293 gloriationis
1243 2257 1357 2281 causa
1397 2247 1614 2284 conferendi

90 2318 177 2351 sunt
200 2313 268 2351 W
259 2312 449 2349 eie-bertus
473 2327 510 2363 p.
533 2312 614 2361 92„
649 2313 693 2350 C.
717 2313 933 2350 Passovius
960 2312 1012 2351 N.
1033 2313 1141 2358 153„
1166 2309 1394 2348 Paldamus
1411 2313 1447 2350 in
1471 2313 1611 2364 „R6m.

88 2380 251 2418 Erotik“
270 2395 310 2431 p,
330 2381 412 2429 40„
438 2394 517 2416 van
536 2380 699 2417 Hem-de
723 2381 746 2417 l.
771 2379 795 2417 l.
817 2394 855 2430 p.
874 2381 983 2427 296„
1015 2377 1295 2416 Schwenckius
1313 2379 1351 2416 in
1371 2379 1470 2421 Mus.
1490 2381 1612 2419 Rhen.

89 2447 113 2484 1.
142 2447 167 2486 l.
198 2461 237 2498 p-
266 2447 360 2488 470.
406 2448 447 2486 ln
475 2447 591 2485 verbo
626 2449 787 2497 denique
823 2446 976 2484 ostendi
1009 2447 1195 2496 quandam
1224 2446 1400 2484 fiduciam
1439 2449 1496 2485 sui
1523 2461 1612 2500 per-

198 2570 235 2614 *)
255 2572 406 2616 Propter
427 2574 516 2607 hunc
536 2574 646 2607 locum
673 2574 873 2617 ambigunt,
901 2577 1012 2606 utrum
1035 2571 1210 2606 Horatius
1225 2573 1353 2606 librum
1374 2572 1523 2618 Epo-ion
1543 2573 1608 2609 hoc

86 2628 165 2674 ipso
185 2628 343 2670 nomine,
363 2630 618 2672 anjamborum
638 2635 677 2662 ut
698 2629 810 2673 Epod.
834 2627 888 2671 14,
912 2630 947 2663 7.
969 2629 1038 2662 Od.
1058 2630 1088 2671 1,
1111 2630 1163 2671 16,
1178 2629 1213 2665 3.
1233 2626 1290 2664 24.
1314 2629 1434 2675 Epist.
1450 2631 1482 2673 2,
1498 2632 1532 2674 2,
1547 2630 1605 2666 59.

86 2683 320 2729 inscripserit.
341 2685 544 2729 Quanquam
558 2684 594 2717 in
609 2690 790 2730 utramque
806 2690 940 2729 partem
954 2689 1099 2718 auctore
1107 2685 1262 2719 Frank-io
1273 2683 1366 2732 (Vit.
1379 2686 1466 2721 Hor.
1480 2699 1516 2732 p.
1527 2684 1605 2732 46.)

87 2739 285 2786 nuperrime
304 2740 527 2785 disputarunt
550 2741 682 2784 Teuffel
702 2742 738 2774 in
765 2740 934 2783 „Horaz“
957 2741 1113 2784 Tiibing.
1134 2739 1237 2780 1843.
1264 2753 1300 2786 p.
1319 2741 1397 2784 35„
1418 2742 1456 2777 in
1481 2743 1605 2787 „Zeit—

88 2796 213 2831 schrift
230 2797 257 2831 f.
282 2796 318 2834 d.
339 2798 408 2830 A.“
430 2793 528 2831 1845.
551 2796 597 2830 N.
620 2797 678 2830 77.
701 2809 737 2842 p.
757 2798 836 2832 616.
858 2802 964 2842 atque
980 2797 1016 2830 in
1037 2797 1159 2842 Paulyi
1186 2798 1606 2846 ‚‚Rea1-Eneyclopidie“

87 2854 154 2888 111.
174 2866 211 2899 p.
228 2851 341 2897 1476„
365 2853 489 2888 Weber
507 2853 530 2887 1.
551 2852 574 2889 l.
596 2865 632 2898 p.
657 2854 736 2888 208.
758 2853 805 2887 N.
826 2854 917 2897 169„
938 2852 981 2887 lis
1001 2858 1115 2890 tamen
1139 2854 1204 2888 sub
1220 2854 1341 2899 judice
1360 2860 1429 2890 est.

141 2920 284 2955 Hom.
303 2921 350 2955 11.
1216 2915 1269 2958 33
1296 2918 1387 2971 (11)
