1910 3138
234 206 318 250 546
377 210 659 252 COMMENT.
692 213 749 252 IN
774 212 898 254 HOR.
930 211 1033 253 LIB.
1061 214 1088 252 L
1127 214 1291 254 EPIST.
1322 216 1619 257 VICESlMAM.
1689 217 1770 261 198

233 328 277 376 7,
306 328 396 375 31.,
433 327 485 364 ita
515 329 555 364 ut
583 325 765 364 Horatius
802 327 976 377 finxerit,
1013 327 1122 366 malle
1151 328 1307 379 librum,
1343 330 1375 368 si
1401 330 1524 370 Roma
1552 331 1769 371 abeundum

234 399 358 444 esset,
395 395 556 432 Africam
577 398 709 446 petere
733 408 845 446 quam
870 396 1137 447 Hispaniam.“
1186 396 1239 435 At
1262 398 1418 435 vinctus
1435 398 1496 439 hic
1516 399 1651 450 jocose
1670 400 1768 438 libro

231 471 368 519 sponte
392 463 579 515 fugienti
604 467 665 512 et,
706 477 821 514 quum
857 464 1069 502 libertatem
1097 478 1141 503 ex
1169 465 1296 503 scrinii
1325 467 1482 510 vinculis
1509 481 1547 510 v.
1575 469 1618 510 3.
1651 482 1768 520 quae-

231 538 360 583 sisset,
391 535 430 571 in
457 544 592 571 novam
623 532 731 581 quasi
758 533 1013 583 captivitatem
1039 533 1218 572 incidenti
1243 536 1462 586 opponitur.
1518 536 1593 581 Qui
1622 544 1768 574 unctus

229 603 379 653 legunt,
412 600 567 639 verbum
595 600 654 638 vel
682 601 731 638 ad
761 602 895 639 sordes
922 601 1018 639 libro
1045 601 1183 651 illitas,
1218 602 1275 640 vel
1304 604 1353 640 ad
1381 617 1548 654 merces,
1576 610 1767 644 acromata

228 674 269 709 et
289 673 499 721 unguenta,
532 681 627 719 quae
651 667 793 706 chartis
817 668 955 720 ineptis
984 669 1043 720 (2,
1066 669 1106 720 1,
1127 669 1245 721 269.)
1273 672 1415 710 amiciri
1441 672 1611 723 soleant,
1639 673 1700 711 vel
1717 673 1767 711 ad

227 739 488 788 mangonicam
517 741 659 785 artem,
694 750 769 787 qua
797 736 858 776 ille
895 751 918 776 a
954 739 1093 777 lenone
1127 752 1259 777 rursus
1289 740 1456 791 depexus
1470 741 1512 794 *)
1541 745 1582 780 et
1609 746 1766 781 ornatus

224 808 406 860 prodeat,
445 807 547 845 varie
578 806 762 845 referunt.
826 806 1108 845 Commemorat
1144 811 1269 845 autem
1306 807 1466 846 Uticam
1494 812 1536 847 et
1569 809 1765 857 Ilerdam,

224 880 356 928 utpote
385 875 500 914 urbes
524 874 637 913 rebus
663 874 717 911 ibi
746 874 867 925 gestis
894 875 1064 925 insignes
1095 879 1133 913 et
1162 875 1245 914 sine
1270 875 1385 914 dubio
1417 875 1601 918 latinitate
1622 878 1767 931 (Wal-

225 946 299 981 teri
332 943 594 995 „Geschichte
623 942 692 981 des
723 942 835 981 Rom.
869 943 1042 981 Rechts“
1074 946 1114 993 1,
1142 943 1214 994 36,
1245 945 1340 985 299.
1367 958 1407 996 p.
1434 944 1538 998 384)
1551 945 1616 998 **)
1645 947 1767 984 dona-

222 1017 295 1055 tas.
341 1013 384 1050 In
413 1025 493 1051 rem
517 1014 738 1062 comparant
769 1010 845 1052 od,
877 1013 918 1062 2,
949 1012 1016 1059 20,
1053 1013 1116 1052 19.
1146 1026 1207 1049 me
1228 1014 1382 1063 peritus
1409 1014 1552 1051 Diseet
1579 1012 1684 1056 Iber.

336 1081 383 1119 V.
418 1078 470 1121 14
496 1101 554 1108 —
586 1079 653 1119 16.
709 1077 875 1115 Ridebit
903 1081 1072 1116 monitor
1104 1103 1161 1109 —-
1193 1079 1355 1122 laboret.
1410 1081 1492 1119 Hac
1526 1082 1605 1120 sive
1638 1081 1766 1120 fabula

220 1149 390 1201 Aesopia
414 1149 494 1187 sive
534 1147 607 1185 alia
632 1147 909 1186 narratiuncula
937 1149 985 1186 de
1014 1148 1120 1187 asino
1149 1149 1185 1186 in
1223 1162 1337 1200 rupes
1365 1153 1569 1200 protruso‚
1607 1151 1632 1190 i.
1662 1162 1696 1191 e.
1725 1151 1765 1189 in

220 1218 440 1268 voraginem
467 1216 716 1268 praecipitato
744 1215 909 1267 (Erasm.
935 1215 1085 1267 Adagg.
1118 1219 1157 1266 2,
1186 1217 1227 1267 5,
1258 1217 1332 1268 52)
1359 1217 1478 1256 Poeta
1506 1217 1670 1268 maligno
1697 1218 1762 1258 illo

219 1286 416 1324 monitoris
439 1285 518 1322 risu
541 1284 697 1322 ridicule
725 1284 890 1334 indicat,
921 1284 984 1334 qui
1013 1285 1110 1323 bene
1139 1286 1307 1324 monenti
1333 1299 1410 1324 non
1434 1286 1608 1324 admittat
1623 1299 1763 1336 ¹*auu-es,

218 1368 302 1393 eum
336 1366 427 1392 suae
455 1353 691 1406 pervicaciae
729 1365 874 1404 poenas
905 1353 996 1390 dare
1032 1353 1146 1404 idque
1183 1354 1345 1404 merito,
1383 1354 1472 1404 quia
1508 1352 1649 1391 volenti
1685 1367 1761 1393 non

217 1422 284 1460 fiat
320 1422 454 1472 injuria
483 1421 652 1472 (Digest.
676 1420 832 1461 XLVII.
872 1421 938 1462 10.
966 1421 1025 1459 tit.
1055 1424 1120 1462 10.
1150 1421 1183 1469 §.
1216 1422 1286 1473 5.).
1335 1422 1567 1460 Sententiam
1596 1434 1620 1459 a
1646 1422 1762 1460 Wte-

217 1490 355 1527 landio
385 1491 507 1528 facete
536 1490 774 1542 explanatam
802 1489 1019 1528 obscuravit
1048 1489 1237 1527 Rosellus
1249 1518 1266 1536 ,
1296 1503 1410 1541 quum
1432 1502 1501 1529 sua
1519 1489 1652 1527 horum
1673 1501 1759 1529 ver-

214 1559 347 1596 borum
378 1559 624 1597 distinctione
651 1560 969 1610 comparationem
998 1554 1072 1609 „vo
1098 1572 1178 1596 non
1208 1558 1444 1605 exauditus,
1479 1571 1558 1597 non
1584 1555 1630 1598 vd
1654 1558 1759 1597 ride-

216 1626 274 1663 bit
302 1627 507 1678 spectare“
536 1628 691 1665 diceret.
739 1625 1013 1665 Protrudendi
1038 1627 1131 1676 vim,
1158 1639 1314 1678 quacum
1339 1626 1439 1665 conf.
1470 1628 1585 1670 Ovid.
1605 1629 1699 1669 Met.
1716 1631 1758 1680 3,

214 1695 282 1735 80.
311 1694 508 1732 obstantes
527 1695 742 1746 proturbat
763 1703 922 1747 pectore
947 1695 1072 1733 silvas
1104 1699 1257 1745 praeter
1290 1695 1385 1734 alios
1417 1700 1521 1734 recte
1555 1698 1640 1736 tuiti
1669 1702 1758 1736 sunt

214 1762 425 1801 Fabricius
460 1767 497 1801 et
526 1764 609 1800 Fea
620 1792 636 1809 ,
675 1763 897 1814 quibuscum
932 1763 1185 1802 conserendus
1224 1768 1282 1802 est
1311 1763 1525 1801 Hoc-heder
1550 1766 1600 1803 ad
1633 1764 1679 1804 A.
1709 1765 1755 1805 Ρ.

212 1831 310 1873 462.
352 1831 585 1870 Sententiam
622 1844 756 1869 versus
793 1833 858 1872 16.
899 1831 1009 1869 simili
1039 1831 1211 1882 exemplo
1251 1832 1475 1883 comprobat
1506 1834 1553 1871 A.
1583 1832 1629 1871 P.
1658 1831 1756 1875 467.

327 2002 363 2049 *)
383 2005 425 2038 In
440 2003 703 2038 similitudinem
716 2003 820 2049 pueri
836 2003 984 2038 Orellius
998 2003 1118 2037 laudat
1137 2003 1216 2037 Liv.
1235 2002 1292 2047 25,
1308 2005 1340 2048 2,
1357 2005 1391 2039 9.
1410 2004 1454 2039 de
1470 2005 1639 2041 uxoribus
1654 2005 1753 2040 adul·

211 2062 299 2096 teris
315 2062 351 2096 in
366 2061 507 2096 exilium
524 2061 633 2104 actis,
656 2060 867 2103 Schmidius,
890 2060 950 2105 qui
966 2060 1103 2104 quidem
1107 2061 1225 2105 filiam
1241 2060 1424 2106 intelligit,
1444 2061 1612 2098 Heinecc.
1629 2061 1750 2108 Antiq.

210 2120 310 2153 Rom.
331 2118 484 2164 Jurispr.
506 2119 551 2153 ad
571 2116 689 2153 Instit.
704 2114 739 2161 4,
758 2118 812 2160 18,
834 2116 879 2151 53
894 2135 949 2142 —
964 2116 1020 2152 56.
1044 2117 1206 2151 Lenones
1225 2119 1469 2154 meretriculas
1486 2124 1654 2166 quaestus
1669 2130 1753 2164 gra-

209 2177 262 2211 tia
280 2175 350 2210 alio
372 2182 480 2222 atque
502 2176 572 2210 alio
593 2175 749 2220 misisse,
771 2175 941 2208 observat
964 2173 1181 2207 Torrentius.

300 2231 356 2277 **)
377 2234 470 2267 Mire
484 2231 707 2279 Porphyrion
719 2258 728 2276 ‚
750 2243 770 2265 a
785 2242 852 2276 quo
867 2242 936 2264 non
951 2230 1091 2264 multum
1107 2230 1286 2275 discrepat
1297 2230 1417 2266 Schol.
1439 2233 1572 2278 Cruq.=
1591 2231 1749 2277 ‚,Ilerda‚

207 2290 402 2336 Hispaniae
429 2289 556 2325 civitas
580 2302 621 2325 ac
643 2301 707 2335 per
731 2287 796 2322 hoc
825 2288 995 2322 bellorum
1015 2287 1167 2322 civilium
1188 2298 1294 2322 causa
1323 2288 1435 2322 adhuc
1456 2289 1530 2323 illic
1555 2289 1747 2323 Romanum

207 2348 401 2382 exercitum
422 2347 577 2382 detineri
605 2345 822 2391 significat.“
872 2344 964 2379 Mire
988 2345 1159 2389 Cruquius
1179 2355 1317 2390 quoque
1338 2346 1447 2379 verba
1464 2349 1553 2391 sug.
1573 2346 1681 2380 Iterat.
1702 2345 1747 2394 de

207 2410 328 2448 „metu
348 2404 465 2439 civilis
486 2404 680 2438 tumultus“
702 2403 773 2437 dici
793 2407 906 2448 putat..
948 2400 1118 2435 Similiter
1134 2402 1322 2436 Lambinus
1342 2403 1428 2436 haec
1444 2402 1489 2435 ad
1506 2401 1678 2436 bellorum
1697 2401 1749 2437 ci-

206 2461 325 2496 vilium
345 2461 577 2496 calamitatem
600 2461 733 2503 refert,
756 2466 795 2493 ut
818 2458 1005 2504 praedicat
1024 2457 1213 2502 Horatius,
1236 2470 1296 2492 eos
1318 2469 1419 2493 casus
1438 2469 1502 2493 suo
1525 2458 1616 2493 libro
1635 2458 1747 2494 immi-

206 2529 308 2561 nere,
332 2530 419 2564 quos
440 2518 637 2564 complures
659 2516 793 2550 nobiles
814 2522 851 2550 et
873 2516 949 2549 noti
970 2515 1117 2550 Romani
1136 2521 1286 2561 propter
1303 2515 1396 2549 bella
1425 2514 1545 2550 civilia
1572 2515 1746 2551 subierint

204 2586 247 2608 ac
269 2575 494 2619 pertulerint.
538 2576 649 2609 Recte
668 2574 844 2620 improbat
864 2573 953 2606 banc
973 2571 1185 2608 sententiam
1209 2572 1424 2607 Torrentius.
1468 2572 1583 2607 Nimis
1604 2577 1746 2619 arguta-

204 2637 264 2664 tur
286 2633 360 2665 Fea
382 2643 542 2678 quoque,
566 2643 667 2678 quum
684 2631 752 2665 duo
770 2642 901 2675 genera
917 2628 1035 2672 exilii,
1057 2630 1168 2664 verbo
1189 2628 1357 2674 ‚fugies“
1378 2629 1484 2663 latam
1504 2631 1639 2675 fugam,
1661 2641 1744 2664 ver-

204 2687 259 2720 bis
287 2689 415 2729 ‚‚vinct.
435 2689 551 2723 mitt.“
580 2687 833 2733 relegationem
863 2693 1027 2732 tanquam
1048 2686 1101 2721 rei
1120 2685 1352 2731 significatam
1374 2685 1496 2720 sentit.
1538 2679 1744 2721 Assentitur

204 2743 394 2779 Hoclzeder.
433 2745 670 2779 Voluntariam
688 2750 725 2779 et
742 2743 975 2779 necessariam
997 2743 1112 2789 sugam
1135 2742 1159 2778 i.
1189 2754 1220 2778 e.
1250 2743 1304 2776 vel
1332 2743 1474 2778 exilium
1492 2743 1550 2777 vel
1577 2742 1744 2788 deporta-

202 2799 333 2833 tionem
357 2807 544 2836 senserunt
564 2802 752 2836 Lambinus
773 2813 931 2847 quoque⁷
958 2800 1185 2845 Torrentius,
1218 2801 1390 2844 Piscator,
1417 2799 1646 2845 Desprezt'us,
1667 2797 1739 2840 alii,

205 2855 266 2888 sed
289 2866 352 2889 suo
375 2858 521 2902 quisque
541 2860 643 2893 modo
667 2858 710 2892 ad
732 2858 855 2892 librum
871 2858 1187 2892 accommodarunt.
1237 2857 1341 2891 Nove
1356 2856 1531 2892 Diintzer:
1560 2853 1645 2898 „die
1660 2865 1740 2887 ver-

205 2912 397 2946 brauclitcn
423 2914 629 2959 Exemplare
649 2915 808 2949 schickte
828 2927 905 2949 man
926 2914 1012 2949 iiber
1029 2915 1149 2958 Meet,
1173 2925 1227 2948 wo
1248 2913 1299 2948 sie
1316 2913 1405 2948 noch
1421 2912 1554 2947 Kiiufer
1569 2909 1738 2945 fanden.“

1900 2600 1910 2618 ,Α
1901 2523 1910 2595 :mae-s
