<?xml version="1.0" encoding="UTF-8"?>
<!DOCTYPE html PUBLIC "-//W3C//DTD XHTML 1.0 Transitional//EN"
    "http://www.w3.org/TR/xhtml1/DTD/xhtml1-transitional.dtd">
<html xmlns="http://www.w3.org/1999/xhtml" xml:lang="en" lang="en">
 <head>
  <title>
</title>
<meta http-equiv="Content-Type" content="text/html;charset=utf-8" />
  <meta name='ocr-system' content='tesseract 3.04.00' />
  <meta name='ocr-capabilities' content='ocr_page ocr_carea ocr_par ocr_line ocrx_word'/>
</head>
<body>
  <div class='ocr_page' id='page_1' title='image "./epistolascomment02horauoft_0273.png"; bbox 0 0 1910 3138; ppageno 0'>
   <div class='ocr_carea' id='block_1_1' title="bbox 0 0 146 182">
    <p class='ocr_par' dir='ltr' id='par_1_1' title="bbox 0 0 146 182">
     <span class='ocr_line' id='line_1_1' title="bbox 101 0 146 15; baseline 0 0"><span class='ocrx_word' id='word_1_1' title='bbox 101 0 146 15; x_wconf 62' lang='lat'><strong>&#39;‘3&#39;&#39;</strong></span> 
     </span>
     <span class='ocr_line' id='line_1_2' title="bbox 0 0 102 76; baseline 0.059 -6"><span class='ocrx_word' id='word_1_2' title='bbox 0 0 102 76; x_wconf 56' lang='lat' dir='ltr'><em>w</em></span> 
     </span>
     <span class='ocr_line' id='line_1_3' title="bbox 0 67 70 86; baseline 0 0"><span class='ocrx_word' id='word_1_3' title='bbox 0 67 6 86; x_wconf 71' lang='lat' dir='ltr'><strong>&#39;r</strong></span> <span class='ocrx_word' id='word_1_4' title='bbox 30 70 43 79; x_wconf 46' lang='grc' dir='ltr'>δ</span> <span class='ocrx_word' id='word_1_5' title='bbox 67 67 70 69; x_wconf 70' lang='grc'><strong>’</strong></span> 
     </span>
     <span class='ocr_line' id='line_1_4' title="bbox 2 130 95 158; baseline 0 -7"><span class='ocrx_word' id='word_1_6' title='bbox 2 155 3 158; x_wconf 25' lang='lat'>¹</span> <span class='ocrx_word' id='word_1_7' title='bbox 24 130 28 133; x_wconf 65' lang='grc'>-</span> <span class='ocrx_word' id='word_1_8' title='bbox 87 140 95 151; x_wconf 70' lang='lat' dir='ltr'><em>O</em></span> 
     </span>
     <span class='ocr_line' id='line_1_5' title="bbox 5 164 25 182; baseline 0 0"><span class='ocrx_word' id='word_1_9' title='bbox 5 164 25 182; x_wconf 51' lang='grc' dir='ltr'>ἰ</span> 
     </span>
    </p>
   </div>
   <div class='ocr_carea' id='block_1_2' title="bbox 109 219 1616 282">
    <p class='ocr_par' dir='ltr' id='par_1_2' title="bbox 109 219 1616 282">
     <span class='ocr_line' id='line_1_6' title="bbox 109 219 1616 282; baseline -0.007 -1"><span class='ocrx_word' id='word_1_10' title='bbox 109 236 195 282; x_wconf 74' lang='lat'><strong>&#39;10⁵</strong></span> <span class='ocrx_word' id='word_1_11' title='bbox 241 219 519 278; x_wconf 62' lang='lat' dir='ltr'><strong>mr.</strong></span> <span class='ocrx_word' id='word_1_12' title='bbox 540 233 596 275; x_wconf 77' lang='lat' dir='ltr'><strong>m</strong></span> <span class='ocrx_word' id='word_1_13' title='bbox 614 232 853 274; x_wconf 68' lang='lat' dir='ltr'><strong>nonna.</strong></span> <span class='ocrx_word' id='word_1_14' title='bbox 873 233 902 272; x_wconf 91' lang='lat'><strong>1.</strong></span> <span class='ocrx_word' id='word_1_15' title='bbox 932 227 1488 279; x_wconf 77' lang='lat' dir='ltr'><strong>EP18T.QmNT.Dch.</strong></span> <span class='ocrx_word' id='word_1_16' title='bbox 1532 228 1616 271; x_wconf 61' lang='grc' dir='ltr'><strong>εστι</strong></span> 
     </span>
    </p>
   </div>
   <div class='ocr_carea' id='block_1_3' title="bbox 21 353 1629 2038">
    <p class='ocr_par' dir='ltr' id='par_1_3' title="bbox 107 353 1622 954">
     <span class='ocr_line' id='line_1_7' title="bbox 110 353 1615 415; baseline -0.007 -12"><span class='ocrx_word' id='word_1_17' title='bbox 110 356 328 415; x_wconf 60' lang='lat' dir='ltr'><strong>amnt,</strong></span> <span class='ocrx_word' id='word_1_18' title='bbox 352 357 448 412; x_wconf 78' lang='lat' dir='ltr'><strong>quae</strong></span> <span class='ocrx_word' id='word_1_19' title='bbox 475 357 602 397; x_wconf 67' lang='lat' dir='ltr'><strong>tribus</strong></span> <span class='ocrx_word' id='word_1_20' title='bbox 629 360 732 397; x_wconf 64' lang='lat' dir='ltr'><strong>ursis</strong></span> <span class='ocrx_word' id='word_1_21' title='bbox 752 359 853 396; x_wconf 70' lang='lat' dir='ltr'><strong>satis</strong></span> <span class='ocrx_word' id='word_1_22' title='bbox 880 364 987 398; x_wconf 72' lang='lat' dir='ltr'><strong>esset.</strong></span> <span class='ocrx_word' id='word_1_23' title='bbox 1021 358 1079 396; x_wconf 81' lang='lat' dir='ltr'><strong>lta</strong></span> <span class='ocrx_word' id='word_1_24' title='bbox 1105 356 1334 409; x_wconf 68' lang='lat' dir='ltr'>Antiphanes</span> <span class='ocrx_word' id='word_1_25' title='bbox 1350 368 1414 408; x_wconf 78' lang='lat' dir='ltr'><strong>ap.</strong></span> <span class='ocrx_word' id='word_1_26' title='bbox 1433 353 1615 395; x_wconf 82' lang='lat' dir='ltr'><strong>Athenae.</strong></span> 
     </span>
     <span class='ocr_line' id='line_1_8' title="bbox 110 418 1618 481; baseline -0.007 -9"><span class='ocrx_word' id='word_1_27' title='bbox 110 424 169 481; x_wconf 84' lang='grc'><strong>83</strong></span> <span class='ocrx_word' id='word_1_28' title='bbox 185 423 254 471; x_wconf 62' lang='lat'><strong>80.</strong></span> <span class='ocrx_word' id='word_1_29' title='bbox 280 427 338 481; x_wconf 80' lang='lat' dir='ltr'><strong>(p.</strong></span> <span class='ocrx_word' id='word_1_30' title='bbox 370 428 463 471; x_wconf 82' lang='lat'><strong>127.</strong></span> <span class='ocrx_word' id='word_1_31' title='bbox 491 427 602 479; x_wconf 87' lang='lat' dir='ltr'><strong>Cas.)</strong></span> <span class='ocrx_word' id='word_1_32' title='bbox 639 423 947 480; x_wconf 76' lang='grc' dir='ltr'><strong><em>καταβεβρωκως</em></strong></span> <span class='ocrx_word' id='word_1_33' title='bbox 978 426 1082 466; x_wconf 76' lang='grc' dir='ltr'>σιτία</span> <span class='ocrx_word' id='word_1_34' title='bbox 1109 424 1205 473; x_wconf 72' lang='grc' dir='ltr'><strong><em>ἴσως</em></strong></span> <span class='ocrx_word' id='word_1_35' title='bbox 1231 420 1456 476; x_wconf 69' lang='grc' dir='ltr'><strong>ἔλεφῦντων</strong></span> <span class='ocrx_word' id='word_1_36' title='bbox 1482 418 1618 463; x_wconf 65' lang='lat' dir='ltr'><strong>rme}-</strong></span> 
     </span>
     <span class='ocr_line' id='line_1_9' title="bbox 108 490 1619 550; baseline -0.005 -13.989"><span class='ocrx_word' id='word_1_37' title='bbox 108 494 205 550; x_wconf 52' lang='lat' dir='ltr'><strong>W.</strong></span> <span class='ocrx_word' id='word_1_38' title='bbox 246 496 387 536; x_wconf 84' lang='lat' dir='ltr'><strong>Parum</strong></span> <span class='ocrx_word' id='word_1_39' title='bbox 411 496 526 547; x_wconf 85' lang='lat' dir='ltr'><strong>igitur</strong></span> <span class='ocrx_word' id='word_1_40' title='bbox 551 495 648 534; x_wconf 86' lang='lat' dir='ltr'><strong>hanc</strong></span> <span class='ocrx_word' id='word_1_41' title='bbox 667 497 837 548; x_wconf 87' lang='lat' dir='ltr'><strong>jocosam</strong></span> <span class='ocrx_word' id='word_1_42' title='bbox 859 493 1030 532; x_wconf 84' lang='lat' dir='ltr'><strong>veritatis</strong></span> <span class='ocrx_word' id='word_1_43' title='bbox 1054 491 1348 544; x_wconf 81' lang='lat' dir='ltr'><strong>superlationem</strong></span> <span class='ocrx_word' id='word_1_44' title='bbox 1369 492 1488 531; x_wconf 80' lang='lat' dir='ltr'><strong>sensit</strong></span> <span class='ocrx_word' id='word_1_45' title='bbox 1515 490 1619 528; x_wconf 76' lang='lat' dir='ltr'><strong>Cru-</strong></span> 
     </span>
     <span class='ocr_line' id='line_1_10' title="bbox 109 557 1619 618; baseline -0.005 -15"><span class='ocrx_word' id='word_1_46' title='bbox 109 563 252 618; x_wconf 70' lang='lat' dir='ltr'><strong>quiue,</strong></span> <span class='ocrx_word' id='word_1_47' title='bbox 277 576 391 615; x_wconf 87' lang='lat' dir='ltr'><strong>quum</strong></span> <span class='ocrx_word' id='word_1_48' title='bbox 419 563 691 615; x_wconf 80' lang='lat' dir='ltr'><strong>suspicaretur·</strong></span> <span class='ocrx_word' id='word_1_49' title='bbox 723 562 876 613; x_wconf 87' lang='lat' dir='ltr'><strong>„Quid‚</strong></span> <span class='ocrx_word' id='word_1_50' title='bbox 907 562 938 599; x_wconf 90' lang='lat' dir='ltr'><strong>si</strong></span> <span class='ocrx_word' id='word_1_51' title='bbox 965 565 1070 599; x_wconf 86' lang='lat' dir='ltr'><strong>notet</strong></span> <span class='ocrx_word' id='word_1_52' title='bbox 1108 560 1296 597; x_wconf 74' lang='lat' dir='ltr'><strong>Ursinam</strong></span> <span class='ocrx_word' id='word_1_53' title='bbox 1323 557 1531 610; x_wconf 44' lang='lat' dir='ltr'><strong>gentum&amp;</strong></span> <span class='ocrx_word' id='word_1_54' title='bbox 1558 557 1619 596; x_wconf 80' lang='lat' dir='ltr'><strong>Ad</strong></span> 
     </span>
     <span class='ocr_line' id='line_1_11' title="bbox 107 626 1620 686; baseline -0.005 -15"><span class='ocrx_word' id='word_1_55' title='bbox 107 628 300 686; x_wconf 72' lang='lat' dir='ltr'><strong>notionem</strong></span> <span class='ocrx_word' id='word_1_56' title='bbox 341 635 468 671; x_wconf 77' lang='lat' dir='ltr'><strong>autem</strong></span> <span class='ocrx_word' id='word_1_57' title='bbox 507 630 661 670; x_wconf 81' lang='lat' dir='ltr'><strong>vilitatis</strong></span> <span class='ocrx_word' id='word_1_58' title='bbox 707 629 973 668; x_wconf 85' lang='lat' dir='ltr'><strong>intendendam</strong></span> <span class='ocrx_word' id='word_1_59' title='bbox 1018 628 1135 667; x_wconf 87' lang='lat' dir='ltr'><strong>Poeta</strong></span> <span class='ocrx_word' id='word_1_60' title='bbox 1179 628 1401 679; x_wconf 86' lang='lat' dir='ltr'><strong>interposito</strong></span> <span class='ocrx_word' id='word_1_61' title='bbox 1440 626 1620 678; x_wconf 71' lang='lat' dir='ltr'><strong>Epitheto</strong></span> 
     </span>
     <span class='ocr_line' id='line_1_12' title="bbox 108 688 1620 750; baseline -0.005 -12"><span class='ocrx_word' id='word_1_62' title='bbox 108 702 304 750; x_wconf 74' lang='lat' dir='ltr'><strong>utramque</strong></span> <span class='ocrx_word' id='word_1_63' title='bbox 325 711 405 737; x_wconf 88' lang='lat' dir='ltr'><strong>rem</strong></span> <span class='ocrx_word' id='word_1_64' title='bbox 422 702 461 736; x_wconf 84' lang='lat' dir='ltr'><strong>et</strong></span> <span class='ocrx_word' id='word_1_65' title='bbox 479 711 659 735; x_wconf 74' lang='lat' dir='ltr'><strong>omasum</strong></span> <span class='ocrx_word' id='word_1_66' title='bbox 684 701 724 736; x_wconf 84' lang='lat' dir='ltr'><strong>et</strong></span> <span class='ocrx_word' id='word_1_67' title='bbox 751 698 946 748; x_wconf 82' lang='lat' dir='ltr'><strong>agninam</strong></span> <span class='ocrx_word' id='word_1_68' title='bbox 973 696 1186 746; x_wconf 82' lang='lat' dir='ltr'><strong>conjunxit,</strong></span> <span class='ocrx_word' id='word_1_69' title='bbox 1209 698 1251 733; x_wconf 84' lang='lat' dir='ltr'><strong>ut</strong></span> <span class='ocrx_word' id='word_1_70' title='bbox 1272 695 1316 733; x_wconf 88' lang='lat' dir='ltr'><strong>C.</strong></span> <span class='ocrx_word' id='word_1_71' title='bbox 1335 688 1376 734; x_wconf 70' lang='lat' dir='ltr'><strong>S.</strong></span> <span class='ocrx_word' id='word_1_72' title='bbox 1398 695 1467 736; x_wconf 87' lang='lat'><strong>31.</strong></span> <span class='ocrx_word' id='word_1_73' title='bbox 1490 706 1620 746; x_wconf 72' lang='lat' dir='ltr'><strong>aquae</strong></span> 
     </span>
     <span class='ocr_line' id='line_1_13' title="bbox 108 762 1618 816; baseline -0.004 -11"><span class='ocrx_word' id='word_1_74' title='bbox 108 765 287 805; x_wconf 64' lang='lat' dir='ltr'><strong>salubres</strong></span> <span class='ocrx_word' id='word_1_75' title='bbox 301 772 339 804; x_wconf 78' lang='lat' dir='ltr'><strong>et</strong></span> <span class='ocrx_word' id='word_1_76' title='bbox 355 766 467 804; x_wconf 69' lang='lat' dir='ltr'><strong>Iovis</strong></span> <span class='ocrx_word' id='word_1_77' title='bbox 484 779 619 805; x_wconf 82' lang='lat' dir='ltr'><strong>aurae.</strong></span> <span class='ocrx_word' id='word_1_78' title='bbox 645 766 727 803; x_wconf 89' lang='lat' dir='ltr'><strong>Vid.</strong></span> <span class='ocrx_word' id='word_1_79' title='bbox 746 765 902 803; x_wconf 81' lang='lat' dir='ltr'><strong>Excurs.</strong></span> <span class='ocrx_word' id='word_1_80' title='bbox 923 765 972 803; x_wconf 91' lang='lat' dir='ltr'><strong>ad</strong></span> <span class='ocrx_word' id='word_1_81' title='bbox 993 765 1115 816; x_wconf 85' lang='lat' dir='ltr'><strong>Epist.</strong></span> <span class='ocrx_word' id='word_1_82' title='bbox 1137 765 1177 804; x_wconf 91' lang='grc'><strong>7.</strong></span> <span class='ocrx_word' id='word_1_83' title='bbox 1198 777 1237 815; x_wconf 86' lang='lat' dir='ltr'><strong>p.</strong></span> <span class='ocrx_word' id='word_1_84' title='bbox 1259 762 1354 804; x_wconf 84' lang='lat'><strong>402.</strong></span> <span class='ocrx_word' id='word_1_85' title='bbox 1378 767 1416 802; x_wconf 85' lang='lat' dir='ltr'><strong>et</strong></span> <span class='ocrx_word' id='word_1_86' title='bbox 1435 762 1618 801; x_wconf 80' lang='lat' dir='ltr'><strong>Wiistem.</strong></span> 
     </span>
     <span class='ocr_line' id='line_1_14' title="bbox 109 830 1619 885; baseline -0.003 -11"><span class='ocrx_word' id='word_1_87' title='bbox 109 834 159 874; x_wconf 74' lang='lat' dir='ltr'><strong>ad</strong></span> <span class='ocrx_word' id='word_1_88' title='bbox 189 835 273 874; x_wconf 68' lang='lat' dir='ltr'><strong>snt.</strong></span> <span class='ocrx_word' id='word_1_89' title='bbox 310 835 358 885; x_wconf 84' lang='lat'><strong>1,</strong></span> <span class='ocrx_word' id='word_1_90' title='bbox 386 834 435 884; x_wconf 79' lang='grc'><strong>3,</strong></span> <span class='ocrx_word' id='word_1_91' title='bbox 467 833 561 875; x_wconf 86' lang='grc'><strong>130.</strong></span> <span class='ocrx_word' id='word_1_92' title='bbox 615 833 738 884; x_wconf 86' lang='lat' dir='ltr'><strong>Hujus</strong></span> <span class='ocrx_word' id='word_1_93' title='bbox 779 833 956 871; x_wconf 79' lang='lat' dir='ltr'><strong>vilitatem</strong></span> <span class='ocrx_word' id='word_1_94' title='bbox 991 835 1179 871; x_wconf 67' lang='lat' dir='ltr'><strong>testantur</strong></span> <span class='ocrx_word' id='word_1_95' title='bbox 1219 830 1380 872; x_wconf 84' lang='lat' dir='ltr'><strong>Taubm.</strong></span> <span class='ocrx_word' id='word_1_96' title='bbox 1415 831 1464 869; x_wconf 74' lang='lat' dir='ltr'><strong>ad</strong></span> <span class='ocrx_word' id='word_1_97' title='bbox 1496 830 1619 869; x_wconf 79' lang='lat' dir='ltr'><strong>Plaut.</strong></span> 
     </span>
     <span class='ocr_line' id='line_1_15' title="bbox 109 899 1622 954; baseline -0.001 -15"><span class='ocrx_word' id='word_1_98' title='bbox 109 902 259 954; x_wconf 77' lang='lat' dir='ltr'><strong>captiv.</strong></span> <span class='ocrx_word' id='word_1_99' title='bbox 286 900 329 951; x_wconf 79' lang='grc'><strong>4,</strong></span> <span class='ocrx_word' id='word_1_100' title='bbox 353 903 392 951; x_wconf 84' lang='grc'><strong>2,</strong></span> <span class='ocrx_word' id='word_1_101' title='bbox 416 901 486 942; x_wconf 83' lang='lat'><strong>39.</strong></span> <span class='ocrx_word' id='word_1_102' title='bbox 526 900 641 942; x_wconf 89' lang='lat' dir='ltr'><strong>Voss.</strong></span> <span class='ocrx_word' id='word_1_103' title='bbox 669 901 719 939; x_wconf 85' lang='lat' dir='ltr'><strong>ad</strong></span> <span class='ocrx_word' id='word_1_104' title='bbox 745 900 852 951; x_wconf 87' lang='lat' dir='ltr'><strong>Virg.</strong></span> <span class='ocrx_word' id='word_1_105' title='bbox 880 900 961 939; x_wconf 89' lang='lat' dir='ltr'><strong>Ecl.</strong></span> <span class='ocrx_word' id='word_1_106' title='bbox 993 901 1032 950; x_wconf 85' lang='lat'><strong>1,</strong></span> <span class='ocrx_word' id='word_1_107' title='bbox 1065 900 1147 950; x_wconf 89' lang='lat'><strong>19.,</strong></span> <span class='ocrx_word' id='word_1_108' title='bbox 1175 900 1224 937; x_wconf 90' lang='lat' dir='ltr'><strong>de</strong></span> <span class='ocrx_word' id='word_1_109' title='bbox 1250 899 1347 937; x_wconf 87' lang='lat' dir='ltr'><strong>illius</strong></span> <span class='ocrx_word' id='word_1_110' title='bbox 1375 899 1506 938; x_wconf 80' lang='lat' dir='ltr'><strong>viliore</strong></span> <span class='ocrx_word' id='word_1_111' title='bbox 1533 911 1622 951; x_wconf 84' lang='lat' dir='ltr'><strong>pre-</strong></span> 
     </span>
    </p>

    <p class='ocr_par' dir='ltr' id='par_1_4' title="bbox 80 966 1624 1428">
     <span class='ocr_line' id='line_1_16' title="bbox 80 966 1622 1020; baseline -0.003 -11"><span class='ocrx_word' id='word_1_112' title='bbox 80 974 82 978; x_wconf 79' lang='grc'>’</span> <span class='ocrx_word' id='word_1_113' title='bbox 106 970 163 1009; x_wconf 86' lang='lat' dir='ltr'><strong>tio</strong></span> <span class='ocrx_word' id='word_1_114' title='bbox 192 969 353 1008; x_wconf 83' lang='lat' dir='ltr'><strong>dubitari</strong></span> <span class='ocrx_word' id='word_1_115' title='bbox 380 972 537 1020; x_wconf 86' lang='lat' dir='ltr'><strong>posset,</strong></span> <span class='ocrx_word' id='word_1_116' title='bbox 564 968 637 1005; x_wconf 87' lang='lat' dir='ltr'><strong>nisi</strong></span> <span class='ocrx_word' id='word_1_117' title='bbox 667 966 789 1006; x_wconf 82' lang='lat' dir='ltr'><strong>Poeta</strong></span> <span class='ocrx_word' id='word_1_118' title='bbox 814 969 896 1020; x_wconf 88' lang='lat' dir='ltr'><strong>ipse</strong></span> <span class='ocrx_word' id='word_1_119' title='bbox 924 981 1003 1007; x_wconf 89' lang='lat' dir='ltr'><strong>rem</strong></span> <span class='ocrx_word' id='word_1_120' title='bbox 1031 968 1151 1018; x_wconf 87' lang='lat' dir='ltr'><strong>digito</strong></span> <span class='ocrx_word' id='word_1_121' title='bbox 1178 970 1449 1017; x_wconf 81' lang='lat' dir='ltr'><strong>monstrasset,</strong></span> <span class='ocrx_word' id='word_1_122' title='bbox 1482 968 1622 1019; x_wconf 88' lang='lat' dir='ltr'><strong>quippe</strong></span> 
     </span>
     <span class='ocr_line' id='line_1_17' title="bbox 108 1035 1622 1088; baseline -0.003 -12"><span class='ocrx_word' id='word_1_123' title='bbox 108 1049 221 1088; x_wconf 85' lang='lat' dir='ltr'><strong>quem</strong></span> <span class='ocrx_word' id='word_1_124' title='bbox 241 1036 332 1075; x_wconf 89' lang='lat' dir='ltr'><strong>illud</strong></span> <span class='ocrx_word' id='word_1_125' title='bbox 353 1036 393 1073; x_wconf 86' lang='lat' dir='ltr'><strong>in</strong></span> <span class='ocrx_word' id='word_1_126' title='bbox 419 1036 627 1088; x_wconf 86' lang='lat' dir='ltr'><strong>priscorum</strong></span> <span class='ocrx_word' id='word_1_127' title='bbox 652 1035 797 1074; x_wconf 89' lang='lat' dir='ltr'><strong>deliciis</strong></span> <span class='ocrx_word' id='word_1_128' title='bbox 823 1035 912 1074; x_wconf 89' lang='lat' dir='ltr'><strong>olim</strong></span> <span class='ocrx_word' id='word_1_129' title='bbox 934 1035 1100 1075; x_wconf 87' lang='lat' dir='ltr'><strong>habitum</strong></span> <span class='ocrx_word' id='word_1_130' title='bbox 1129 1049 1215 1075; x_wconf 88' lang='lat' dir='ltr'><strong>esse</strong></span> <span class='ocrx_word' id='word_1_131' title='bbox 1243 1049 1321 1074; x_wconf 88' lang='lat' dir='ltr'><strong>non</strong></span> <span class='ocrx_word' id='word_1_132' title='bbox 1346 1036 1508 1085; x_wconf 81' lang='lat' dir='ltr'><strong>fugeret.</strong></span> <span class='ocrx_word' id='word_1_133' title='bbox 1537 1035 1622 1073; x_wconf 81' lang='lat' dir='ltr'><strong>vid.</strong></span> 
     </span>
     <span class='ocr_line' id='line_1_18' title="bbox 108 1101 1623 1156; baseline -0.002 -12"><span class='ocrx_word' id='word_1_134' title='bbox 108 1105 206 1144; x_wconf 73' lang='lat' dir='ltr'><strong>Plin.</strong></span> <span class='ocrx_word' id='word_1_135' title='bbox 232 1103 282 1144; x_wconf 83' lang='grc' dir='ltr'><strong>Η.</strong></span> <span class='ocrx_word' id='word_1_136' title='bbox 303 1103 357 1143; x_wconf 82' lang='grc' dir='ltr'><strong>Ν.</strong></span> <span class='ocrx_word' id='word_1_137' title='bbox 383 1103 428 1153; x_wconf 83' lang='grc'><strong>8,</strong></span> <span class='ocrx_word' id='word_1_138' title='bbox 451 1101 520 1144; x_wconf 79' lang='grc'><strong>45.</strong></span> <span class='ocrx_word' id='word_1_139' title='bbox 555 1102 677 1141; x_wconf 78' lang='lat' dir='ltr'><strong>Naev.</strong></span> <span class='ocrx_word' id='word_1_140' title='bbox 706 1103 746 1141; x_wconf 88' lang='lat' dir='ltr'><strong>in</strong></span> <span class='ocrx_word' id='word_1_141' title='bbox 766 1102 912 1145; x_wconf 79' lang='lat' dir='ltr'><strong>Erular.</strong></span> <span class='ocrx_word' id='word_1_142' title='bbox 944 1106 981 1144; x_wconf 93' lang='lat'><strong>1.</strong></span> <span class='ocrx_word' id='word_1_143' title='bbox 1006 1117 1046 1156; x_wconf 87' lang='lat' dir='ltr'><strong>p.</strong></span> <span class='ocrx_word' id='word_1_144' title='bbox 1073 1105 1167 1146; x_wconf 83' lang='lat'><strong>151.</strong></span> <span class='ocrx_word' id='word_1_145' title='bbox 1192 1101 1415 1155; x_wconf 78' lang='lat' dir='ltr'><strong>Klussm.*)</strong></span> <span class='ocrx_word' id='word_1_146' title='bbox 1443 1102 1623 1155; x_wconf 85' lang='lat' dir='ltr'><strong>Dioxipp.</strong></span> 
     </span>
     <span class='ocr_line' id='line_1_19' title="bbox 109 1170 1621 1225; baseline -0.002 -14"><span class='ocrx_word' id='word_1_147' title='bbox 109 1185 172 1225; x_wconf 81' lang='lat' dir='ltr'><strong>ap.</strong></span> <span class='ocrx_word' id='word_1_148' title='bbox 201 1170 384 1211; x_wconf 73' lang='lat' dir='ltr'><strong>Athenae.</strong></span> <span class='ocrx_word' id='word_1_149' title='bbox 411 1170 462 1221; x_wconf 83' lang='grc'><strong>3,</strong></span> <span class='ocrx_word' id='word_1_150' title='bbox 492 1171 559 1213; x_wconf 87' lang='lat'><strong>21.</strong></span> <span class='ocrx_word' id='word_1_151' title='bbox 587 1182 628 1221; x_wconf 84' lang='lat' dir='ltr'><strong>p.</strong></span> <span class='ocrx_word' id='word_1_152' title='bbox 659 1170 753 1211; x_wconf 90' lang='grc'>100.</span> <span class='ocrx_word' id='word_1_153' title='bbox 792 1170 919 1210; x_wconf 82' lang='lat' dir='ltr'><strong>Alexis</strong></span> <span class='ocrx_word' id='word_1_154' title='bbox 953 1170 1043 1210; x_wconf 87' lang='lat' dir='ltr'><strong>ibid.</strong></span> <span class='ocrx_word' id='word_1_155' title='bbox 1078 1173 1129 1222; x_wconf 83' lang='lat'><strong>2,</strong></span> <span class='ocrx_word' id='word_1_156' title='bbox 1164 1172 1230 1212; x_wconf 91' lang='grc'><strong>10.</strong></span> <span class='ocrx_word' id='word_1_157' title='bbox 1267 1171 1294 1209; x_wconf 83' lang='lat' dir='ltr'><strong>f.</strong></span> <span class='ocrx_word' id='word_1_158' title='bbox 1333 1184 1373 1223; x_wconf 88' lang='lat' dir='ltr'><strong>p.</strong></span> <span class='ocrx_word' id='word_1_159' title='bbox 1404 1172 1499 1212; x_wconf 88' lang='lat'><strong>190.</strong></span> <span class='ocrx_word' id='word_1_160' title='bbox 1530 1172 1621 1209; x_wconf 81' lang='lat' dir='ltr'><strong>Cas.</strong></span> 
     </span>
     <span class='ocr_line' id='line_1_20' title="bbox 108 1237 1624 1291; baseline -0.002 -11"><span class='ocrx_word' id='word_1_161' title='bbox 108 1240 319 1291; x_wconf 75' lang='lat' dir='ltr'><strong>Utrumque</strong></span> <span class='ocrx_word' id='word_1_162' title='bbox 354 1241 482 1278; x_wconf 77' lang='lat' dir='ltr'><strong>autem</strong></span> <span class='ocrx_word' id='word_1_163' title='bbox 522 1237 644 1276; x_wconf 87' lang='lat' dir='ltr'><strong>cibum</strong></span> <span class='ocrx_word' id='word_1_164' title='bbox 677 1242 755 1276; x_wconf 80' lang='lat' dir='ltr'><strong>tum</strong></span> <span class='ocrx_word' id='word_1_165' title='bbox 791 1251 1062 1291; x_wconf 83' lang='lat' dir='ltr'><strong>usquequaque</strong></span> <span class='ocrx_word' id='word_1_166' title='bbox 1098 1239 1244 1278; x_wconf 83' lang='lat' dir='ltr'><strong>obvium</strong></span> <span class='ocrx_word' id='word_1_167' title='bbox 1274 1239 1436 1291; x_wconf 83' lang='lat' dir='ltr'><strong>indeque</strong></span> <span class='ocrx_word' id='word_1_168' title='bbox 1462 1253 1486 1278; x_wconf 89' lang='lat' dir='ltr'><strong>a</strong></span> <span class='ocrx_word' id='word_1_169' title='bbox 1513 1239 1624 1290; x_wconf 86' lang='lat' dir='ltr'><strong>gulae</strong></span> 
     </span>
     <span class='ocr_line' id='line_1_21' title="bbox 109 1306 1623 1361; baseline -0.003 -13"><span class='ocrx_word' id='word_1_170' title='bbox 109 1307 329 1361; x_wconf 77' lang='lat' dir='ltr'><strong>proceribus</strong></span> <span class='ocrx_word' id='word_1_171' title='bbox 357 1308 614 1356; x_wconf 81' lang='lat' dir='ltr'><strong>contemptum</strong></span> <span class='ocrx_word' id='word_1_172' title='bbox 639 1307 749 1344; x_wconf 89' lang='lat' dir='ltr'><strong>etiam</strong></span> <span class='ocrx_word' id='word_1_173' title='bbox 779 1306 828 1344; x_wconf 92' lang='lat' dir='ltr'><strong>ob</strong></span> <span class='ocrx_word' id='word_1_174' title='bbox 856 1314 940 1346; x_wconf 80' lang='lat' dir='ltr'><strong>eam</strong></span> <span class='ocrx_word' id='word_1_175' title='bbox 969 1319 1118 1346; x_wconf 83' lang='lat' dir='ltr'><strong>causam</strong></span> <span class='ocrx_word' id='word_1_176' title='bbox 1143 1309 1431 1356; x_wconf 76' lang='lat' dir='ltr'><strong>commemorat,</strong></span> <span class='ocrx_word' id='word_1_177' title='bbox 1461 1308 1563 1357; x_wconf 90' lang='lat' dir='ltr'><strong>qnod</strong></span> <span class='ocrx_word' id='word_1_178' title='bbox 1590 1307 1623 1343; x_wconf 91' lang='lat' dir='ltr'><strong>is</strong></span> 
     </span>
     <span class='ocr_line' id='line_1_22' title="bbox 110 1373 1624 1428; baseline -0.001 -12"><span class='ocrx_word' id='word_1_179' title='bbox 110 1376 160 1416; x_wconf 72' lang='lat' dir='ltr'><strong>ad</strong></span> <span class='ocrx_word' id='word_1_180' title='bbox 195 1374 403 1428; x_wconf 85' lang='lat' dir='ltr'><strong>explendos</strong></span> <span class='ocrx_word' id='word_1_181' title='bbox 441 1373 632 1412; x_wconf 86' lang='lat' dir='ltr'><strong>hominum</strong></span> <span class='ocrx_word' id='word_1_182' title='bbox 651 1374 690 1426; x_wconf 85' lang='lat'><strong>*)</strong></span> <span class='ocrx_word' id='word_1_183' title='bbox 728 1377 918 1414; x_wconf 88' lang='lat' dir='ltr'><strong>voracium</strong></span> <span class='ocrx_word' id='word_1_184' title='bbox 965 1375 1148 1427; x_wconf 87' lang='lat' dir='ltr'><strong>(quorum</strong></span> <span class='ocrx_word' id='word_1_185' title='bbox 1190 1375 1360 1428; x_wconf 82' lang='lat' dir='ltr'><strong>exempla</strong></span> <span class='ocrx_word' id='word_1_186' title='bbox 1402 1374 1521 1413; x_wconf 88' lang='lat' dir='ltr'><strong>habes</strong></span> <span class='ocrx_word' id='word_1_187' title='bbox 1563 1387 1624 1426; x_wconf 88' lang='lat' dir='ltr'><strong>ap.</strong></span> 
     </span>
    </p>

    <p class='ocr_par' dir='ltr' id='par_1_5' title="bbox 82 1438 1627 1562">
     <span class='ocr_line' id='line_1_23' title="bbox 82 1438 1625 1494; baseline -0.002 -11"><span class='ocrx_word' id='word_1_188' title='bbox 82 1440 87 1442; x_wconf 13' lang='grc' dir='ltr'>ἡ</span> <span class='ocrx_word' id='word_1_189' title='bbox 111 1438 293 1483; x_wconf 67' lang='lat' dir='ltr'><strong>Athenae.</strong></span> <span class='ocrx_word' id='word_1_190' title='bbox 316 1443 384 1493; x_wconf 87' lang='lat'><strong>10,</strong></span> <span class='ocrx_word' id='word_1_191' title='bbox 406 1439 542 1482; x_wconf 81' lang='lat'><strong>1—4.</strong></span> <span class='ocrx_word' id='word_1_192' title='bbox 561 1459 618 1476; x_wconf 83' lang='lat'>=</span> <span class='ocrx_word' id='word_1_193' title='bbox 642 1443 807 1485; x_wconf 83' lang='lat'><strong>1—12.</strong></span> <span class='ocrx_word' id='word_1_194' title='bbox 827 1443 1020 1494; x_wconf 83' lang='lat' dir='ltr'><strong>Schwgh.)</strong></span> <span class='ocrx_word' id='word_1_195' title='bbox 1044 1448 1197 1482; x_wconf 85' lang='lat' dir='ltr'><strong>ventres</strong></span> <span class='ocrx_word' id='word_1_196' title='bbox 1218 1443 1625 1482; x_wconf 87' lang='lat' dir='ltr'><strong>accommodatissimus</strong></span> 
     </span>
     <span class='ocr_line' id='line_1_24' title="bbox 109 1510 1627 1562; baseline -0.001 -12"><span class='ocrx_word' id='word_1_197' title='bbox 109 1512 213 1550; x_wconf 79' lang='lat' dir='ltr'><strong>visus</strong></span> <span class='ocrx_word' id='word_1_198' title='bbox 244 1514 318 1549; x_wconf 86' lang='lat' dir='ltr'><strong>est.</strong></span> <span class='ocrx_word' id='word_1_199' title='bbox 375 1510 619 1560; x_wconf 83' lang='lat' dir='ltr'><strong>Quapropter</strong></span> <span class='ocrx_word' id='word_1_200' title='bbox 654 1523 731 1547; x_wconf 90' lang='lat' dir='ltr'><strong>non</strong></span> <span class='ocrx_word' id='word_1_201' title='bbox 767 1511 953 1549; x_wconf 88' lang='lat' dir='ltr'><strong>assentior</strong></span> <span class='ocrx_word' id='word_1_202' title='bbox 984 1511 1133 1549; x_wconf 78' lang='lat' dir='ltr'><strong>Bothio</strong></span> <span class='ocrx_word' id='word_1_203' title='bbox 1141 1539 1159 1557; x_wconf 82' lang='lat'><em>,</em></span> <span class='ocrx_word' id='word_1_204' title='bbox 1198 1524 1311 1562; x_wconf 89' lang='lat' dir='ltr'><strong>quum</strong></span> <span class='ocrx_word' id='word_1_205' title='bbox 1340 1524 1521 1548; x_wconf 74' lang='lat' dir='ltr'><strong>omasum</strong></span> <span class='ocrx_word' id='word_1_206' title='bbox 1549 1510 1627 1548; x_wconf 74' lang='lat' dir='ltr'><strong>vile</strong></span> 
     </span>
    </p>

    <p class='ocr_par' dir='ltr' id='par_1_6' title="bbox 21 1576 1627 1766">
     <span class='ocr_line' id='line_1_25' title="bbox 21 1576 1627 1629; baseline -0.001 -12"><span class='ocrx_word' id='word_1_207' title='bbox 21 1591 37 1604; x_wconf 69' lang='lat'>⁸</span> <span class='ocrx_word' id='word_1_208' title='bbox 110 1578 210 1617; x_wconf 79' lang='lat' dir='ltr'><strong>fame</strong></span> <span class='ocrx_word' id='word_1_209' title='bbox 248 1577 369 1616; x_wconf 79' lang='lat' dir='ltr'><strong>enecti</strong></span> <span class='ocrx_word' id='word_1_210' title='bbox 403 1576 511 1614; x_wconf 87' lang='lat' dir='ltr'><strong>bovis</strong></span> <span class='ocrx_word' id='word_1_211' title='bbox 546 1576 759 1628; x_wconf 87' lang='lat' dir='ltr'><strong>nulliusque</strong></span> <span class='ocrx_word' id='word_1_212' title='bbox 794 1578 907 1629; x_wconf 88' lang='lat' dir='ltr'><strong>pretii</strong></span> <span class='ocrx_word' id='word_1_213' title='bbox 943 1579 1061 1618; x_wconf 85' lang='lat' dir='ltr'><strong>fuisse</strong></span> <span class='ocrx_word' id='word_1_214' title='bbox 1099 1583 1242 1622; x_wconf 86' lang='lat' dir='ltr'><strong>censet.</strong></span> <span class='ocrx_word' id='word_1_215' title='bbox 1293 1579 1465 1616; x_wconf 76' lang='lat' dir='ltr'><strong>Patinas</strong></span> <span class='ocrx_word' id='word_1_216' title='bbox 1499 1582 1627 1618; x_wconf 86' lang='lat' dir='ltr'><strong>autem</strong></span> 
     </span>
     <span class='ocr_line' id='line_1_26' title="bbox 113 1644 1627 1699; baseline 0 -15"><span class='ocrx_word' id='word_1_217' title='bbox 113 1648 276 1684; x_wconf 75' lang='lat' dir='ltr'><strong>coenare</strong></span> <span class='ocrx_word' id='word_1_218' title='bbox 312 1644 440 1682; x_wconf 74' lang='lat' dir='ltr'><strong>omasi</strong></span> <span class='ocrx_word' id='word_1_219' title='bbox 477 1644 613 1682; x_wconf 82' lang='lat' dir='ltr'><strong>dicitur</strong></span> <span class='ocrx_word' id='word_1_220' title='bbox 653 1649 696 1683; x_wconf 87' lang='lat' dir='ltr'><strong>ut</strong></span> <span class='ocrx_word' id='word_1_221' title='bbox 728 1645 891 1696; x_wconf 79' lang='lat' dir='ltr'><strong>set-cula</strong></span> <span class='ocrx_word' id='word_1_222' title='bbox 926 1659 1088 1684; x_wconf 84' lang='lat' dir='ltr'><strong>coenare</strong></span> <span class='ocrx_word' id='word_1_223' title='bbox 1129 1660 1192 1699; x_wconf 88' lang='lat' dir='ltr'><strong>ap.</strong></span> <span class='ocrx_word' id='word_1_224' title='bbox 1226 1647 1310 1688; x_wconf 83' lang='lat' dir='ltr'><strong>Juv.</strong></span> <span class='ocrx_word' id='word_1_225' title='bbox 1350 1648 1400 1695; x_wconf 91' lang='lat'><strong>1,</strong></span> <span class='ocrx_word' id='word_1_226' title='bbox 1437 1645 1526 1696; x_wconf 58' lang='lat'><strong>94„</strong></span> <span class='ocrx_word' id='word_1_227' title='bbox 1562 1645 1627 1685; x_wconf 83' lang='lat' dir='ltr'><strong>ubi</strong></span> 
     </span>
     <span class='ocr_line' id='line_1_27' title="bbox 114 1711 1627 1766; baseline -0.001 -14"><span class='ocrx_word' id='word_1_228' title='bbox 114 1713 288 1765; x_wconf 77' lang='lat' dir='ltr'><strong>Ruperti</strong></span> <span class='ocrx_word' id='word_1_229' title='bbox 312 1714 411 1751; x_wconf 89' lang='lat' dir='ltr'><strong>hunc</strong></span> <span class='ocrx_word' id='word_1_230' title='bbox 437 1711 559 1749; x_wconf 82' lang='lat' dir='ltr'><strong>locum</strong></span> <span class='ocrx_word' id='word_1_231' title='bbox 586 1711 755 1753; x_wconf 83' lang='lat' dir='ltr'><strong>contulit.</strong></span> <span class='ocrx_word' id='word_1_232' title='bbox 814 1714 878 1752; x_wconf 91' lang='lat' dir='ltr'><strong>Sic</strong></span> <span class='ocrx_word' id='word_1_233' title='bbox 910 1715 1055 1764; x_wconf 85' lang='lat' dir='ltr'><strong>patina</strong></span> <span class='ocrx_word' id='word_1_234' title='bbox 1082 1715 1256 1766; x_wconf 70' lang='lat' dir='ltr'><strong>piscium</strong></span> <span class='ocrx_word' id='word_1_235' title='bbox 1266 1744 1283 1762; x_wconf 89' lang='lat'><em>‚</em></span> <span class='ocrx_word' id='word_1_236' title='bbox 1320 1714 1469 1752; x_wconf 84' lang='lat' dir='ltr'><strong>olerum</strong></span> <span class='ocrx_word' id='word_1_237' title='bbox 1494 1722 1532 1752; x_wconf 83' lang='lat' dir='ltr'><strong>et</strong></span> <span class='ocrx_word' id='word_1_238' title='bbox 1551 1727 1627 1765; x_wconf 84' lang='lat' dir='ltr'><strong>po-</strong></span> 
     </span>
    </p>

    <p class='ocr_par' dir='ltr' id='par_1_7' title="bbox 22 1781 1629 2038">
     <span class='ocr_line' id='line_1_28' title="bbox 22 1781 1628 1838; baseline 0 -18"><span class='ocrx_word' id='word_1_239' title='bbox 22 1824 28 1831; x_wconf 48' lang='lat'><em>,</em></span> <span class='ocrx_word' id='word_1_240' title='bbox 114 1794 268 1820; x_wconf 86' lang='lat' dir='ltr'><strong>morum</strong></span> <span class='ocrx_word' id='word_1_241' title='bbox 295 1785 368 1819; x_wconf 86' lang='lat' dir='ltr'><strong>etc.</strong></span> <span class='ocrx_word' id='word_1_242' title='bbox 401 1795 462 1834; x_wconf 81' lang='lat' dir='ltr'><strong>ap.</strong></span> <span class='ocrx_word' id='word_1_243' title='bbox 491 1783 599 1835; x_wconf 83' lang='lat' dir='ltr'><strong>Apic.</strong></span> <span class='ocrx_word' id='word_1_244' title='bbox 632 1782 681 1835; x_wconf 84' lang='lat'><strong>4,</strong></span> <span class='ocrx_word' id='word_1_245' title='bbox 710 1785 771 1833; x_wconf 84' lang='grc'><strong>2.,</strong></span> <span class='ocrx_word' id='word_1_246' title='bbox 806 1782 870 1821; x_wconf 89' lang='lat' dir='ltr'><strong>ubi</strong></span> <span class='ocrx_word' id='word_1_247' title='bbox 898 1782 984 1821; x_wconf 85' lang='lat' dir='ltr'><strong>vide</strong></span> <span class='ocrx_word' id='word_1_248' title='bbox 1011 1781 1147 1821; x_wconf 87' lang='lat' dir='ltr'><strong>Lister.</strong></span> <span class='ocrx_word' id='word_1_249' title='bbox 1175 1797 1216 1835; x_wconf 91' lang='lat' dir='ltr'><strong>p.</strong></span> <span class='ocrx_word' id='word_1_250' title='bbox 1247 1783 1341 1824; x_wconf 89' lang='lat'><strong>125.</strong></span> <span class='ocrx_word' id='word_1_251' title='bbox 1379 1781 1467 1838; x_wconf 69' lang='lat' dir='ltr'><strong>coll.</strong></span> <span class='ocrx_word' id='word_1_252' title='bbox 1497 1781 1628 1821; x_wconf 76' lang='lat' dir='ltr'><strong>Barth.</strong></span> 
     </span>
     <span class='ocr_line' id='line_1_29' title="bbox 51 1848 1629 1907; baseline 0.001 -20"><span class='ocrx_word' id='word_1_253' title='bbox 51 1903 54 1907; x_wconf 11' lang='grc' dir='ltr'><strong><em>ἵ</em></strong></span> <span class='ocrx_word' id='word_1_254' title='bbox 114 1849 211 1888; x_wconf 82' lang='lat' dir='ltr'><strong>Adv.</strong></span> <span class='ocrx_word' id='word_1_255' title='bbox 235 1863 275 1901; x_wconf 89' lang='lat' dir='ltr'><strong>p.</strong></span> <span class='ocrx_word' id='word_1_256' title='bbox 305 1848 425 1891; x_wconf 88' lang='grc'><strong>1799.</strong></span> <span class='ocrx_word' id='word_1_257' title='bbox 481 1851 709 1890; x_wconf 81' lang='lat' dir='ltr'><strong>Hocbecleri</strong></span> <span class='ocrx_word' id='word_1_258' title='bbox 741 1854 866 1889; x_wconf 85' lang='lat' dir='ltr'><strong>autem</strong></span> <span class='ocrx_word' id='word_1_259' title='bbox 896 1850 1204 1902; x_wconf 80' lang='lat' dir='ltr'><strong>explicationem,</strong></span> <span class='ocrx_word' id='word_1_260' title='bbox 1241 1864 1315 1902; x_wconf 86' lang='lat' dir='ltr'><strong>qua</strong></span> <span class='ocrx_word' id='word_1_261' title='bbox 1348 1851 1520 1889; x_wconf 82' lang='lat' dir='ltr'><strong>Maenius</strong></span> <span class='ocrx_word' id='word_1_262' title='bbox 1557 1863 1629 1901; x_wconf 84' lang='lat' dir='ltr'><strong>pa-</strong></span> 
     </span>
     <span class='ocr_line' id='line_1_30' title="bbox 111 1904 1629 1971; baseline -0.001 -15"><span class='ocrx_word' id='word_1_263' title='bbox 111 1917 212 1956; x_wconf 84' lang='lat' dir='ltr'><strong>tinas</strong></span> <span class='ocrx_word' id='word_1_264' title='bbox 250 1917 353 1968; x_wconf 81' lang='lat' dir='ltr'><strong>ipsas</strong></span> <span class='ocrx_word' id='word_1_265' title='bbox 395 1917 569 1958; x_wconf 83' lang='lat' dir='ltr'><strong>dentibus</strong></span> <span class='ocrx_word' id='word_1_266' title='bbox 609 1904 793 1958; x_wconf 79' lang='lat' dir='ltr'><strong>invasisse</strong></span> <span class='ocrx_word' id='word_1_267' title='bbox 834 1919 1023 1968; x_wconf 83' lang='lat' dir='ltr'><strong>creditur,</strong></span> <span class='ocrx_word' id='word_1_268' title='bbox 1065 1919 1104 1956; x_wconf 94' lang='lat' dir='ltr'><strong>in</strong></span> <span class='ocrx_word' id='word_1_269' title='bbox 1138 1919 1211 1957; x_wconf 89' lang='lat' dir='ltr'><strong>hoc</strong></span> <span class='ocrx_word' id='word_1_270' title='bbox 1251 1919 1442 1971; x_wconf 87' lang='lat' dir='ltr'><strong>superlate</strong></span> <span class='ocrx_word' id='word_1_271' title='bbox 1479 1918 1629 1956; x_wconf 87' lang='lat' dir='ltr'><strong>dicendi</strong></span> 
     </span>
     <span class='ocr_line' id='line_1_31' title="bbox 114 1985 1628 2038; baseline -0.002 -14"><span class='ocrx_word' id='word_1_272' title='bbox 114 1997 255 2036; x_wconf 86' lang='lat' dir='ltr'><strong>genere</strong></span> <span class='ocrx_word' id='word_1_273' title='bbox 291 1985 418 2024; x_wconf 88' lang='lat' dir='ltr'><strong>mirari</strong></span> <span class='ocrx_word' id='word_1_274' title='bbox 452 1999 530 2024; x_wconf 90' lang='lat' dir='ltr'><strong>non</strong></span> <span class='ocrx_word' id='word_1_275' title='bbox 566 1987 727 2027; x_wconf 89' lang='lat' dir='ltr'><strong>debebat</strong></span> <span class='ocrx_word' id='word_1_276' title='bbox 764 1985 970 2035; x_wconf 76' lang='lat' dir='ltr'><strong>Dic‘ntzer5</strong></span> <span class='ocrx_word' id='word_1_277' title='bbox 1011 1987 1143 2024; x_wconf 86' lang='lat' dir='ltr'><strong>similia</strong></span> <span class='ocrx_word' id='word_1_278' title='bbox 1179 1987 1276 2025; x_wconf 88' lang='lat' dir='ltr'><strong>enim</strong></span> <span class='ocrx_word' id='word_1_279' title='bbox 1314 1987 1489 2038; x_wconf 89' lang='lat' dir='ltr'><strong>leguntur</strong></span> <span class='ocrx_word' id='word_1_280' title='bbox 1527 1986 1628 2036; x_wconf 91' lang='lat' dir='ltr'><strong>apud</strong></span> 
     </span>
    </p>
   </div>
   <div class='ocr_carea' id='block_1_4' title="bbox 108 2051 1628 2162">
    <p class='ocr_par' dir='ltr' id='par_1_8' title="bbox 108 2051 1628 2162">
     <span class='ocr_line' id='line_1_32' title="bbox 113 2051 1628 2107; baseline -0.003 -12"><span class='ocrx_word' id='word_1_281' title='bbox 113 2053 296 2092; x_wconf 61' lang='lat' dir='ltr'><strong>Athenae·</strong></span> <span class='ocrx_word' id='word_1_282' title='bbox 316 2052 358 2103; x_wconf 80' lang='grc'><strong>4,</strong></span> <span class='ocrx_word' id='word_1_283' title='bbox 378 2054 444 2096; x_wconf 74' lang='grc'><strong>20.</strong></span> <span class='ocrx_word' id='word_1_284' title='bbox 462 2068 501 2105; x_wconf 83' lang='grc' dir='ltr'><strong>Ρ.</strong></span> <span class='ocrx_word' id='word_1_285' title='bbox 522 2056 615 2097; x_wconf 86' lang='grc'><strong>169.</strong></span> <span class='ocrx_word' id='word_1_286' title='bbox 634 2061 672 2095; x_wconf 86' lang='lat' dir='ltr'><strong>et</strong></span> <span class='ocrx_word' id='word_1_287' title='bbox 691 2056 733 2104; x_wconf 88' lang='lat'><strong>3,</strong></span> <span class='ocrx_word' id='word_1_288' title='bbox 754 2055 822 2098; x_wconf 87' lang='lat'><strong>24.</strong></span> <span class='ocrx_word' id='word_1_289' title='bbox 842 2069 880 2107; x_wconf 90' lang='lat' dir='ltr'><strong>p.</strong></span> <span class='ocrx_word' id='word_1_290' title='bbox 904 2056 995 2097; x_wconf 90' lang='lat'><strong>107.</strong></span> <span class='ocrx_word' id='word_1_291' title='bbox 1015 2054 1098 2093; x_wconf 89' lang='lat' dir='ltr'><strong>coll.</strong></span> <span class='ocrx_word' id='word_1_292' title='bbox 1116 2055 1274 2094; x_wconf 88' lang='lat' dir='ltr'><strong>Becker.</strong></span> <span class='ocrx_word' id='word_1_293' title='bbox 1295 2054 1394 2093; x_wconf 89' lang='lat' dir='ltr'><strong>Gall.</strong></span> <span class='ocrx_word' id='word_1_294' title='bbox 1408 2055 1456 2092; x_wconf 84' lang='grc' dir='ltr'><strong>ΙΙ.</strong></span> <span class='ocrx_word' id='word_1_295' title='bbox 1480 2068 1516 2106; x_wconf 90' lang='lat' dir='ltr'><strong>p.</strong></span> <span class='ocrx_word' id='word_1_296' title='bbox 1536 2051 1628 2093; x_wconf 86' lang='lat'><strong>183.</strong></span> 
     </span>
     <span class='ocr_line' id='line_1_33' title="bbox 108 2119 263 2162; baseline 0 -3"><span class='ocrx_word' id='word_1_297' title='bbox 108 2119 168 2159; x_wconf 78' lang='lat' dir='ltr'><strong>N.</strong></span> <span class='ocrx_word' id='word_1_298' title='bbox 197 2119 263 2162; x_wconf 85' lang='lat'><strong>14.</strong></span> 
     </span>
    </p>
   </div>
   <div class='ocr_carea' id='block_1_5' title="bbox 139 2209 417 2214">
    <p class='ocr_par' dir='ltr' id='par_1_9' title="bbox 139 2209 417 2214">
     <span class='ocr_line' id='line_1_34' title="bbox 139 2209 417 2214; baseline 0 0"><span class='ocrx_word' id='word_1_299' title='bbox 139 2209 417 2214; x_wconf 95' lang='lat' dir='ltr'><strong> </strong></span> 
     </span>
    </p>
   </div>
   <div class='ocr_carea' id='block_1_6' title="bbox 1 2255 1630 2866">
    <p class='ocr_par' dir='ltr' id='par_1_10' title="bbox 1 2255 1630 2866">
     <span class='ocr_line' id='line_1_35' title="bbox 115 2255 1630 2305; baseline -0.002 -14"><span class='ocrx_word' id='word_1_300' title='bbox 115 2267 185 2301; x_wconf 79' lang='lat' dir='ltr'><strong>geu</strong></span> <span class='ocrx_word' id='word_1_301' title='bbox 204 2256 292 2292; x_wconf 82' lang='lat' dir='ltr'><strong>Leib</strong></span> <span class='ocrx_word' id='word_1_302' title='bbox 310 2258 393 2292; x_wconf 86' lang='lat' dir='ltr'><strong>kein</strong></span> <span class='ocrx_word' id='word_1_303' title='bbox 410 2258 562 2294; x_wconf 80' lang='lat' dir='ltr'><strong>Prasser</strong></span> <span class='ocrx_word' id='word_1_304' title='bbox 580 2259 694 2295; x_wconf 62' lang='lat' dir='ltr'><strong>:eines</strong></span> <span class='ocrx_word' id='word_1_305' title='bbox 713 2260 936 2303; x_wconf 82' lang='lat' dir='ltr'><strong>Gelichters,</strong></span> <span class='ocrx_word' id='word_1_306' title='bbox 964 2260 1046 2296; x_wconf 86' lang='lat' dir='ltr'><strong>kein</strong></span> <span class='ocrx_word' id='word_1_307' title='bbox 1067 2259 1308 2305; x_wconf 76' lang='lat' dir='ltr'><strong>gutmfithiger</strong></span> <span class='ocrx_word' id='word_1_308' title='bbox 1327 2258 1466 2293; x_wconf 87' lang='lat' dir='ltr'><strong>Narr.“</strong></span> <span class='ocrx_word' id='word_1_309' title='bbox 1495 2255 1630 2290; x_wconf 82' lang='lat' dir='ltr'><strong>Contra</strong></span> 
     </span>
     <span class='ocr_line' id='line_1_36' title="bbox 1 2311 1630 2362; baseline -0.001 -15"><span class='ocrx_word' id='word_1_310' title='bbox 1 2319 23 2334; x_wconf 51' lang='grc' dir='ltr'><em>Ι</em></span> <span class='ocrx_word' id='word_1_311' title='bbox 121 2311 236 2347; x_wconf 59' lang='lat' dir='ltr'><strong>Vota.-</strong></span> <span class='ocrx_word' id='word_1_312' title='bbox 261 2313 403 2358; x_wconf 83' lang='lat' dir='ltr'><strong>„Hatte</strong></span> <span class='ocrx_word' id='word_1_313' title='bbox 420 2325 489 2349; x_wconf 87' lang='lat' dir='ltr'><strong>nun</strong></span> <span class='ocrx_word' id='word_1_314' title='bbox 507 2316 626 2350; x_wconf 83' lang='lat' dir='ltr'><strong>dieser</strong></span> <span class='ocrx_word' id='word_1_315' title='bbox 639 2317 764 2351; x_wconf 87' lang='lat' dir='ltr'><strong>einmal</strong></span> <span class='ocrx_word' id='word_1_316' title='bbox 782 2317 1019 2362; x_wconf 74' lang='lat' dir='ltr'><strong>spasstrohen</strong></span> <span class='ocrx_word' id='word_1_317' title='bbox 1038 2317 1109 2350; x_wconf 91' lang='lat' dir='ltr'><strong>und</strong></span> <span class='ocrx_word' id='word_1_318' title='bbox 1127 2317 1380 2350; x_wconf 82' lang='lat' dir='ltr'><strong>Furchtsamen</strong></span> <span class='ocrx_word' id='word_1_319' title='bbox 1402 2312 1517 2347; x_wconf 86' lang='lat' dir='ltr'><strong>nichts</strong></span> <span class='ocrx_word' id='word_1_320' title='bbox 1542 2313 1630 2347; x_wconf 87' lang='lat' dir='ltr'><strong>oder</strong></span> 
     </span>
     <span class='ocr_line' id='line_1_37' title="bbox 117 2368 1629 2417; baseline 0.001 -15"><span class='ocrx_word' id='word_1_321' title='bbox 117 2377 165 2401; x_wconf 73' lang='lat' dir='ltr'>n</span> <span class='ocrx_word' id='word_1_322' title='bbox 183 2369 299 2413; x_wconf 76' lang='lat' dir='ltr'><strong>wenig</strong></span> <span class='ocrx_word' id='word_1_323' title='bbox 317 2372 536 2407; x_wconf 76' lang='lat' dir='ltr'><strong>entwandt.“</strong></span> <span class='ocrx_word' id='word_1_324' title='bbox 566 2373 739 2408; x_wconf 75' lang='lat' dir='ltr'><strong>scheller.-</strong></span> <span class='ocrx_word' id='word_1_325' title='bbox 757 2374 885 2417; x_wconf 78' lang='lat' dir='ltr'><strong>„Hatt&#39;</strong></span> <span class='ocrx_word' id='word_1_326' title='bbox 903 2385 943 2407; x_wconf 85' lang='lat' dir='ltr'><strong>er</strong></span> <span class='ocrx_word' id='word_1_327' title='bbox 957 2373 1084 2407; x_wconf 79' lang='lat' dir='ltr'><strong>einmal</strong></span> <span class='ocrx_word' id='word_1_328' title='bbox 1096 2383 1167 2406; x_wconf 82' lang='lat' dir='ltr'><strong>von</strong></span> <span class='ocrx_word' id='word_1_329' title='bbox 1182 2373 1348 2406; x_wconf 71' lang='lat' dir='ltr'><strong>Gt&#39;innern</strong></span> <span class='ocrx_word' id='word_1_330' title='bbox 1363 2370 1428 2403; x_wconf 89' lang='lat' dir='ltr'><strong>der</strong></span> <span class='ocrx_word' id='word_1_331' title='bbox 1442 2368 1629 2404; x_wconf 70' lang='lat' dir='ltr'><strong>Schwiink&#39;</strong></span> 
     </span>
     <span class='ocr_line' id='line_1_38' title="bbox 119 2423 1630 2473; baseline 0.003 -17"><span class='ocrx_word' id='word_1_332' title='bbox 119 2423 192 2458; x_wconf 77' lang='lat' dir='ltr'><strong>und</strong></span> <span class='ocrx_word' id='word_1_333' title='bbox 207 2424 460 2461; x_wconf 75' lang='lat' dir='ltr'><strong>Furchtsamen</strong></span> <span class='ocrx_word' id='word_1_334' title='bbox 474 2439 539 2473; x_wconf 83' lang='lat' dir='ltr'><strong>gar</strong></span> <span class='ocrx_word' id='word_1_335' title='bbox 551 2428 667 2463; x_wconf 81' lang='lat' dir='ltr'><strong>nichts</strong></span> <span class='ocrx_word' id='word_1_336' title='bbox 684 2449 732 2454; x_wconf 96' lang='lat'><strong>—</strong></span> <span class='ocrx_word' id='word_1_337' title='bbox 752 2429 959 2464; x_wconf 79' lang='lat' dir='ltr'><strong>erwischt.“</strong></span> <span class='ocrx_word' id='word_1_338' title='bbox 989 2428 1158 2463; x_wconf 80' lang='lat' dir='ltr'><strong>Similiter</strong></span> <span class='ocrx_word' id='word_1_339' title='bbox 1173 2429 1209 2463; x_wconf 85' lang='lat' dir='ltr'><strong>J.</strong></span> <span class='ocrx_word' id='word_1_340' title='bbox 1224 2427 1372 2469; x_wconf 79' lang='lat' dir='ltr'><strong>Merkel,</strong></span> <span class='ocrx_word' id='word_1_341' title='bbox 1392 2425 1457 2459; x_wconf 89' lang='lat' dir='ltr'><strong>sed</strong></span> <span class='ocrx_word' id='word_1_342' title='bbox 1470 2425 1630 2460; x_wconf 62' lang='lat' dir='ltr'><strong>Pansam:</strong></span> 
     </span>
     <span class='ocr_line' id='line_1_39' title="bbox 118 2477 650 2523; baseline 0.015 -11"><span class='ocrx_word' id='word_1_343' title='bbox 118 2477 350 2523; x_wconf 76' lang='lat' dir='ltr'><strong>„Auswurfes</strong></span> <span class='ocrx_word' id='word_1_344' title='bbox 366 2482 650 2519; x_wconf 78' lang='lat' dir='ltr'><strong>Beschiitzern.“</strong></span> 
     </span>
     <span class='ocr_line' id='line_1_40' title="bbox 198 2530 1630 2587; baseline 0.003 -19"><span class='ocrx_word' id='word_1_345' title='bbox 198 2531 232 2577; x_wconf 69' lang='lat'><strong>³⁸)</strong></span> <span class='ocrx_word' id='word_1_346' title='bbox 250 2533 348 2569; x_wconf 70' lang='grc' dir='ltr'><strong><em>Οῗων</em></strong></span> <span class='ocrx_word' id='word_1_347' title='bbox 361 2530 394 2570; x_wconf 80' lang='grc' dir='ltr'><strong>δ’</strong></span> <span class='ocrx_word' id='word_1_348' title='bbox 409 2533 584 2582; x_wconf 75' lang='grc' dir='ltr'><strong>ἐπιθυμεῖ</strong></span> <span class='ocrx_word' id='word_1_349' title='bbox 594 2538 806 2587; x_wconf 77' lang='grc' dir='ltr'>βρωμάτων,</span> <span class='ocrx_word' id='word_1_350' title='bbox 822 2536 872 2580; x_wconf 74' lang='grc' dir='ltr'><strong>ὥς</strong></span> <span class='ocrx_word' id='word_1_351' title='bbox 890 2541 1088 2585; x_wconf 68' lang='grc' dir='ltr'>μουσικῶνς</span> <span class='ocrx_word' id='word_1_352' title='bbox 1107 2534 1282 2581; x_wconf 75' lang='grc' dir='ltr'><strong>ἤνυστρα,</strong></span> <span class='ocrx_word' id='word_1_353' title='bbox 1301 2533 1454 2579; x_wconf 78' lang='grc' dir='ltr'><strong>μήτρας,</strong></span> <span class='ocrx_word' id='word_1_354' title='bbox 1472 2534 1630 2580; x_wconf 69' lang='grc' dir='ltr'><strong>χόλικας.</strong></span> 
     </span>
     <span class='ocr_line' id='line_1_41' title="bbox 194 2588 1629 2640; baseline 0.003 -15"><span class='ocrx_word' id='word_1_355' title='bbox 194 2588 247 2635; x_wconf 76' lang='lat'><strong>**)</strong></span> <span class='ocrx_word' id='word_1_356' title='bbox 275 2591 457 2636; x_wconf 70' lang='lat' dir='ltr'><strong>omasum,</strong></span> <span class='ocrx_word' id='word_1_357' title='bbox 483 2593 685 2631; x_wconf 86' lang='lat' dir='ltr'><strong>intestinum</strong></span> <span class='ocrx_word' id='word_1_358' title='bbox 708 2597 891 2640; x_wconf 90' lang='lat' dir='ltr'><strong>bubulum,</strong></span> <span class='ocrx_word' id='word_1_359' title='bbox 918 2596 1023 2630; x_wconf 83' lang='lat' dir='ltr'><strong>etiam</strong></span> <span class='ocrx_word' id='word_1_360' title='bbox 1043 2596 1120 2628; x_wconf 88' lang='lat' dir='ltr'><strong>Sat.</strong></span> <span class='ocrx_word' id='word_1_361' title='bbox 1142 2596 1183 2637; x_wconf 85' lang='lat'><strong>2,</strong></span> <span class='ocrx_word' id='word_1_362' title='bbox 1206 2593 1247 2636; x_wconf 87' lang='lat'><strong>5,</strong></span> <span class='ocrx_word' id='word_1_363' title='bbox 1266 2589 1324 2627; x_wconf 84' lang='lat'><strong>40.</strong></span> <span class='ocrx_word' id='word_1_364' title='bbox 1353 2593 1397 2627; x_wconf 80' lang='lat' dir='ltr'><strong>ad</strong></span> <span class='ocrx_word' id='word_1_365' title='bbox 1416 2593 1517 2628; x_wconf 76' lang='lat' dir='ltr'><strong>Furii</strong></span> <span class='ocrx_word' id='word_1_366' title='bbox 1535 2594 1629 2629; x_wconf 81' lang='lat' dir='ltr'><strong>illius</strong></span> 
     </span>
     <span class='ocr_line' id='line_1_42' title="bbox 120 2646 1628 2687; baseline 0.005 -8"><span class='ocrx_word' id='word_1_367' title='bbox 120 2646 351 2682; x_wconf 70' lang='lat' dir='ltr'><strong>voracitatem</strong></span> <span class='ocrx_word' id='word_1_368' title='bbox 378 2647 595 2685; x_wconf 74' lang='lat' dir='ltr'><strong>indicandam</strong></span> <span class='ocrx_word' id='word_1_369' title='bbox 619 2652 877 2687; x_wconf 86' lang='lat' dir='ltr'><strong>commemorari</strong></span> <span class='ocrx_word' id='word_1_370' title='bbox 900 2657 999 2686; x_wconf 88' lang='lat' dir='ltr'><strong>recte</strong></span> <span class='ocrx_word' id='word_1_371' title='bbox 1023 2651 1218 2684; x_wconf 77' lang='lat' dir='ltr'><strong>arbitratur</strong></span> <span class='ocrx_word' id='word_1_372' title='bbox 1240 2647 1453 2685; x_wconf 69' lang='lat' dir='ltr'><strong>Weichertm</strong></span> <span class='ocrx_word' id='word_1_373' title='bbox 1470 2649 1507 2685; x_wconf 85' lang='lat' dir='ltr'><strong>in</strong></span> <span class='ocrx_word' id='word_1_374' title='bbox 1524 2652 1628 2687; x_wconf 82' lang='lat' dir='ltr'><strong>Poet.</strong></span> 
     </span>
     <span class='ocr_line' id='line_1_43' title="bbox 119 2700 1630 2749; baseline 0.004 -12"><span class='ocrx_word' id='word_1_375' title='bbox 119 2701 183 2737; x_wconf 73' lang='lat' dir='ltr'><strong>lat.</strong></span> <span class='ocrx_word' id='word_1_376' title='bbox 210 2702 326 2749; x_wconf 88' lang='lat' dir='ltr'><strong>Reliq.</strong></span> <span class='ocrx_word' id='word_1_377' title='bbox 357 2715 395 2749; x_wconf 88' lang='lat' dir='ltr'><strong>p.</strong></span> <span class='ocrx_word' id='word_1_378' title='bbox 422 2700 507 2738; x_wconf 83' lang='lat'><strong>344.</strong></span> <span class='ocrx_word' id='word_1_379' title='bbox 534 2707 804 2743; x_wconf 81' lang='lat' dir='ltr'><strong>assentientibus</strong></span> <span class='ocrx_word' id='word_1_380' title='bbox 835 2709 961 2742; x_wconf 74' lang='lat' dir='ltr'><strong>Orellio</strong></span> <span class='ocrx_word' id='word_1_381' title='bbox 989 2713 1027 2741; x_wconf 84' lang='lat' dir='ltr'><strong>et</strong></span> <span class='ocrx_word' id='word_1_382' title='bbox 1056 2706 1322 2742; x_wconf 74' lang='lat' dir='ltr'><strong>Wiistcmanno.</strong></span> <span class='ocrx_word' id='word_1_383' title='bbox 1359 2706 1491 2741; x_wconf 59' lang='lat' dir='ltr'><strong>Stude&amp;</strong></span> <span class='ocrx_word' id='word_1_384' title='bbox 1515 2712 1630 2743; x_wconf 80' lang='lat' dir='ltr'><strong>autem</strong></span> 
     </span>
     <span class='ocr_line' id='line_1_44' title="bbox 121 2758 1628 2810; baseline 0.004 -17"><span class='ocrx_word' id='word_1_385' title='bbox 121 2758 259 2805; x_wconf 80' lang='lat' dir='ltr'><strong>(Antiq.</strong></span> <span class='ocrx_word' id='word_1_386' title='bbox 281 2758 432 2794; x_wconf 80' lang='lat' dir='ltr'><strong>Conviv.</strong></span> <span class='ocrx_word' id='word_1_387' title='bbox 455 2761 489 2804; x_wconf 89' lang='lat'><strong>2,</strong></span> <span class='ocrx_word' id='word_1_388' title='bbox 508 2761 542 2796; x_wconf 89' lang='lat'><strong>8.</strong></span> <span class='ocrx_word' id='word_1_389' title='bbox 563 2773 600 2806; x_wconf 87' lang='lat' dir='ltr'><strong>p.</strong></span> <span class='ocrx_word' id='word_1_390' title='bbox 621 2760 721 2808; x_wconf 84' lang='lat'><strong>260.)</strong></span> <span class='ocrx_word' id='word_1_391' title='bbox 750 2763 890 2810; x_wconf 84' lang='lat' dir='ltr'><strong>opinio,</strong></span> <span class='ocrx_word' id='word_1_392' title='bbox 911 2774 1067 2797; x_wconf 70' lang='lat' dir='ltr'><strong>omasum</strong></span> <span class='ocrx_word' id='word_1_393' title='bbox 1085 2762 1247 2807; x_wconf 76' lang='lat' dir='ltr'><strong>agninum</strong></span> <span class='ocrx_word' id='word_1_394' title='bbox 1265 2773 1331 2808; x_wconf 85' lang='lat' dir='ltr'><strong>pro</strong></span> <span class='ocrx_word' id='word_1_395' title='bbox 1349 2762 1414 2797; x_wconf 80' lang='lat' dir='ltr'><strong>vili</strong></span> <span class='ocrx_word' id='word_1_396' title='bbox 1433 2767 1471 2798; x_wconf 85' lang='lat' dir='ltr'><strong>et</strong></span> <span class='ocrx_word' id='word_1_397' title='bbox 1487 2764 1628 2810; x_wconf 80' lang='lat' dir='ltr'><strong>plebejo</strong></span> 
     </span>
     <span class='ocr_line' id='line_1_45' title="bbox 122 2814 1628 2866; baseline 0.005 -17"><span class='ocrx_word' id='word_1_398' title='bbox 122 2814 200 2859; x_wconf 73' lang='lat' dir='ltr'><strong>cibo</strong></span> <span class='ocrx_word' id='word_1_399' title='bbox 225 2820 304 2850; x_wconf 82' lang='lat' dir='ltr'><strong>esse</strong></span> <span class='ocrx_word' id='word_1_400' title='bbox 322 2816 493 2862; x_wconf 87' lang='lat' dir='ltr'><strong>positum,</strong></span> <span class='ocrx_word' id='word_1_401' title='bbox 515 2816 681 2852; x_wconf 86' lang='lat' dir='ltr'><strong>bubulum</strong></span> <span class='ocrx_word' id='word_1_402' title='bbox 698 2819 735 2853; x_wconf 89' lang='lat' dir='ltr'><strong>iu</strong></span> <span class='ocrx_word' id='word_1_403' title='bbox 753 2819 889 2854; x_wconf 83' lang='lat' dir='ltr'><strong>deliciis</strong></span> <span class='ocrx_word' id='word_1_404' title='bbox 909 2829 1103 2853; x_wconf 85' lang='lat' dir='ltr'><strong>mensarum</strong></span> <span class='ocrx_word' id='word_1_405' title='bbox 1122 2819 1251 2861; x_wconf 82' lang='lat' dir='ltr'><strong>fuisse,</strong></span> <span class='ocrx_word' id='word_1_406' title='bbox 1271 2829 1315 2852; x_wconf 81' lang='lat' dir='ltr'><strong>ex</strong></span> <span class='ocrx_word' id='word_1_407' title='bbox 1332 2819 1423 2854; x_wconf 78' lang='lat' dir='ltr'><strong>mala</strong></span> <span class='ocrx_word' id='word_1_408' title='bbox 1439 2820 1541 2866; x_wconf 78' lang='lat' dir='ltr'><strong>liujus</strong></span> <span class='ocrx_word' id='word_1_409' title='bbox 1560 2821 1628 2856; x_wconf 89' lang='lat' dir='ltr'><strong>loci</strong></span> 
     </span>
    </p>
   </div>
   <div class='ocr_carea' id='block_1_7' title="bbox 122 2869 1628 2973">
    <p class='ocr_par' dir='ltr' id='par_1_11' title="bbox 122 2869 1628 2973">
     <span class='ocr_line' id='line_1_46' title="bbox 122 2869 1628 2922; baseline 0.006 -18"><span class='ocrx_word' id='word_1_410' title='bbox 122 2869 181 2904; x_wconf 78' lang='lat' dir='ltr'><strong>vel</strong></span> <span class='ocrx_word' id='word_1_411' title='bbox 201 2872 378 2918; x_wconf 78' lang='lat' dir='ltr'><strong>scriptura</strong></span> <span class='ocrx_word' id='word_1_412' title='bbox 400 2873 459 2907; x_wconf 78' lang='lat' dir='ltr'><strong>vel</strong></span> <span class='ocrx_word' id='word_1_413' title='bbox 485 2873 779 2918; x_wconf 80' lang='lat' dir='ltr'><strong>interpretatione</strong></span> <span class='ocrx_word' id='word_1_414' title='bbox 799 2880 879 2909; x_wconf 84' lang='lat' dir='ltr'><strong>orta</strong></span> <span class='ocrx_word' id='word_1_415' title='bbox 899 2875 1050 2910; x_wconf 87' lang='lat' dir='ltr'><strong>videtur.</strong></span> <span class='ocrx_word' id='word_1_416' title='bbox 1080 2875 1133 2911; x_wconf 89' lang='lat' dir='ltr'><strong>De</strong></span> <span class='ocrx_word' id='word_1_417' title='bbox 1154 2874 1324 2910; x_wconf 77' lang='lat' dir='ltr'><strong>vocabulo</strong></span> <span class='ocrx_word' id='word_1_418' title='bbox 1344 2875 1502 2922; x_wconf 62' lang='lat' dir='ltr'><strong>agnina</strong></span> <span class='ocrx_word' id='word_1_419' title='bbox 1524 2879 1628 2913; x_wconf 75' lang='lat' dir='ltr'><strong>abso-</strong></span> 
     </span>
     <span class='ocr_line' id='line_1_47' title="bbox 123 2925 888 2973; baseline 0.003 -12"><span class='ocrx_word' id='word_1_420' title='bbox 123 2925 196 2961; x_wconf 80' lang='lat' dir='ltr'><strong>lute</strong></span> <span class='ocrx_word' id='word_1_421' title='bbox 216 2929 332 2973; x_wconf 85' lang='lat' dir='ltr'><strong>posito</strong></span> <span class='ocrx_word' id='word_1_422' title='bbox 354 2930 518 2964; x_wconf 80' lang='lat' dir='ltr'><strong>dixerunt</strong></span> <span class='ocrx_word' id='word_1_423' title='bbox 538 2930 613 2964; x_wconf 83' lang='lat' dir='ltr'><strong>Fca</strong></span> <span class='ocrx_word' id='word_1_424' title='bbox 632 2935 668 2964; x_wconf 84' lang='lat' dir='ltr'><strong>et</strong></span> <span class='ocrx_word' id='word_1_425' title='bbox 687 2930 888 2966; x_wconf 70' lang='lat' dir='ltr'><strong>Schmidius.</strong></span> 
     </span>
    </p>
   </div>
  </div>
 </body>
</html>
