2034 3224
384 240 444 283 24
882 237 1162 294 ,EXCURSUS
1190 236 1263 279 An
1294 240 1340 279 v.
1371 241 1439 284 12.
1880 241 1939 289 ιι

389 367 646 419 Nunquamne
671 365 889 418 Horatium,
933 364 996 415 qui
1033 363 1162 404 villam
1193 364 1374 405 Sabinam
1396 370 1477 405 tam
1504 375 1620 418 saepe
1647 366 1870 420 significarit
1897 372 1938 408 et

388 436 515 488 Epist.
548 438 588 487 1,
622 435 687 477 16.
717 435 886 487 pluribus
914 432 1179 484 descripserit,
1207 446 1257 472 ne
1284 433 1403 473 verbo
1431 434 1583 486 quidem
1596 434 1719 488 -ffhujus
1745 437 1801 476 rei
1828 446 1938 476 men-

388 504 531 543 tionem
557 502 769 555 injecisse?
794 501 878 541 Huc
905 499 1056 538 accedit
1081 500 1278 552 utriusque
1306 502 1382 541 loci
1411 503 1590 543 distantia
1617 507 1659 543 et
1685 505 1790 556 quod
1808 504 1937 544 villam

389 572 573 611 urbanam
613 572 735 624 ipsam
774 572 813 609 in
840 567 982 606 Sabina
1021 567 1086 607 illa
1118 568 1216 607 valle
1257 570 1368 610 sitam
1403 573 1524 611 fuisse
1558 571 1661 612 haud
1694 572 1872 624 ambigue
1886 573 1939 612 ‘in

389 639 560 691 pluribus
593 639 688 678 locis
726 641 769 676 ut
809 634 933 687 Epist.
975 637 1023 686 1,
1065 636 1132 678 10.
1172 637 1240 677 16.
1283 637 1366 677 Sat.
1397 642 1445 690 2,
1480 641 1521 681 6.
1565 640 1669 692 (nam
1702 641 1787 681 Sat.
1823 640 1937 692 2,³3,

389 708 543 749 5—10.
570 720 671 746 nunc
697 718 774 744 non
803 701 914 755 curo)
950 704 1142 755 significat
1167 705 1304 745 Poeta.
1344 706 1485 747 Restat
1511 708 1630 759 igitur
1645 708 1848 748 Tiburtina
1871 708 1940 749 illa

390 775 548 825 domus,
592 787 703 826 quam
744 774 846 811 fama
886 772 1106 824 posteritati
1149 773 1259 825 larga
1292 774 1454 814 tradidit
1479 786 1606 817 uranu.
1662 775 1716 815 At
1749 777 1836 828 quis
1854 781 1939 827 est,

390 843 454 894 qui
495 843 632 882 famam
673 840 897 892 gliscentem
939 844 1055 893 atque
1084 853 1183 881 vana
1223 840 1340 895 saepe
1378 846 1420 881 et
1444 843 1614 894 ingentia
1645 840 1838 884 dicentem
1865 857 1939 897 pro

389 924 433 950 re
459 912 653 962 comperta
679 909 836 948 habeat!
864 907 1017 947 Etenim
1043 908 1146 949 illam
1173 911 1319 963 ipsam,
1363 920 1475 962 quae1
1498 910 1618 951 hodie
1638 912 1692 951 de
1721 913 1837 951 domo
1865 897 1903 951 T
1904 913 1940 950 i-

390 979 536 1018 burtina
584 978 741 1030 prodita
787 977 972 1016 memoria
1020 980 1103 1028 est,
1150 979 1237 1030 jure
1280 979 1495 1030 meritoque
1539 979 1582 1018 in
1620 979 1782 1020 *dubim
1826 984 1941 1019 vocat

388 1042 591 1098 αὐτόπτης
628 1045 713 1083 Fea
739 1043 772 1084 Ι.
815 1058 856 1097 p.
895 1044 1036 1087 XLIII.
1080 1047 1143 1084 ed.
1185 1045 1301 1085 Both.
1358 1041 1563 1099 Reliquum
1603 1048 1737 1099 igitur·
1758 1048 1862 1098 erit,
1885 1052 1942 1087 ἰι

387 1115 479 1154 locis
521 1113 696 1154 omnibus
732 1111 890 1165 (quibus
919 1113 1226 1153 duodevicesima
1252 1127 1406 1166 quoque
1437 1115 1612 1167 Epistola
1638 1117 1735 1155 sine>
1757 1115 1876 1156 dubio
1901 1119 1940 1154 aa

386 1198 424 1226 u.
453 1183 538 1225 734
571 1182 738 1233 scripta,
778 1180 819 1218 in
853 1193 928 1232 qua
954 1181 1138 1221 Horatius
1175 1181 1293 1220 solius
1326 1181 1531 1232 Digentiae
1572 1184 1806 1225 mentionem
1833 1185 1941 1235 facit,

385 1250 669 1291 annumeranda
708 1249 879 1300 videtur)
904 1250 978 1289 rite
1005 1250 1206 1302 perpensis
1236 1250 1448 1302 credamus,
1483 1252 1686 1291 Horatium
1711 1252 1943 1304 posteriori-

385 1320 458 1359 bus
488 1320 643 1371 quidem
668 1318 769 1357 vitae
793 1318 903 1356 annis
931 1317 1055 1357 Tibur
1080 1318 1237 1357 alternis
1272 1319 1497 1370 incoluisse,
1527 1314 1597 1359 sed
1629 1319 1792 1372 ambigi,
1826 1320 1942 1360 illane

386 1390 523 1427 domus
549 1387 729 1426 mercede
756 1385 921 1438 quadam
945 1398 1094 1437 annua,
1125 1399 1175 1424 an
1199 1388 1470 1439 possessione,
1513 1401 1563 1427 an
1598 1387 1826 1428 liberalitate
1858 1387 1942 1429 An·-

385 1457 488 1507 gusti
515 1455 575 1494 vel
605 1455 861 1505 Maecenatis,
902 1454 1006 1505 quod
1033 1454 1122 1493 mihi
1150 1455 1300 1506 quidem
1328 1456 1408 1495 veri
1438 1455 1558 1495 simile
1589 1455 1774 1508 videtur,
1805 1457 1842 1497 ei
1857 1468 1945 1509 pa-

385 1523 514 1564 tuerit.
563 1523 677 1562 Conf.
706 1522 832 1574 Epist.
864 1523 903 1572 1,
932 1523 975 1563 7.
1026 1522 1134 1562 Idem
1162 1523 1264 1575 fere,
1294 1537 1507 1577 quanquam
1534 1539 1605 1565 suo
1638 1526 1800 1578 quisque
1825 1524 1943 1564 modo

387 1592 557 1631 sentiunt
590 1591 682 1630 Car.
711 1591 930 1629 Passovius
956 1590 1010 1630 N.
1042 1591 1155 1643 235„
1190 1592 1502 1631 Strodtmannus
1527 1593 1568 1632 in
1587 1592 1728 1644 Progr.
1758 1590 1940 1631 scholast.

386 1657 634 1710 Flendsburg
662 1659 789 1701 1839.
817 1672 860 1711 p.
888 1657 979 1697 XXI
1010 1671 1097 1710 sqq.
1156 1659 1334 1712 („Probe
1366 1662 1470 1701 einer
1496 1674 1622 1703 neuen
1648 1660 1944 1710 Uebersetzung

387 1730 457 1767 des
484 1727 637 1777 Horaz,
669 1728 784 1767 nebst
821 1727 926 1766 einer
957 1727 1274 1778 biographischen
1307 1730 1441 1769 Scizze
1475 1729 1546 1769 des
1577 1726 1802 1769 Di‹.·.lite1’⁸“v
1826 1723 1948 1779 εἴα),

388 1795 620 1834 Ραὶᾰαηιιιε
651 1795 678 1833 l.
708 1795 734 1834 l.
768 1809 809 1847 p.
833 1794 890 1835 36
910 1799 993 1847 sq.>
1027 1795 1074 1834 In
1104 1795 1173 1834 hac
1209 1800 1337 1836 autem
1369 1810 1493 1837 rerum
1518 1795 1786 1838 incertitudine
1811 1794 1942 1836 nenio

388 1877 503 1914 sane,
537 1862 674 1914 quibus
708 1877 802 1902 usus
835 1864 1072 1915 argumentis
1115 1863 1453 1904 Walekenaerizoe
1484 1865 1517 1904 Ι.
1560 1878 1603 1918 p.
1645 1864 1744 1906 380.
1787 1862 1942 1904 dixerit-’2

388 1932 537 1983 „Cette
569 1930 692 1970 annee
724 1930 838 1983 [721]
872 1931 1024 1970 Horace
1052 1932 1154 1971 avait
1186 1933 1267 1983 pn's
1297 1944 1342 1972 ce
1375 1933 1491 1985 parti,
1527 1937 1567 1973 et
1602 1933 1629 1972 il
1662 1931 1789 1985 parait
1807 1944 1882 1984 que
1898 1942 1946 1970 sa

389 2000 544 2039 fortune
577 2012 738 2049 acerne,
788 1998 863 2038 soit
895 2011 966 2050 par
999 1999 1036 2037 la
1068 1999 1179 2050 place
1213 2000 1262 2039 de
1301 2001 1425 2040 scribe
1457 2002 1509 2040 du
1539 2001 1669 2040 tresor
1701 2000 1792 2051 qn’il
1827 2012 1945 2039 occu·—

389 2068 473 2120 pait
499 2080 662 2117 encore,
698 2068 774 2106 soit
804 2079 875 2119 par
906 2066 963 2106 les
977 2066 1170 2118 largesses
1199 2068 1249 2106 de
1266 2068 1443 2119 Mecene,
1477 2069 1553 2108 soit
1578 2067 1774 2121 peut—&tre
1790 2079 1862 2120 par
1877 2078 1945 2106 ces

390 2138 492 2177 deux
521 2146 701 2187 moyenS,
738 2133 790 2172 lui
822 2135 924 2173 avait
955 2138 1099 2187 permis
1134 2137 1183 2175 de
1223 2135 1366 2176 rebatir
1397 2135 1448 2174 ou
1480 2133 1726 2188 d'aggrandir
1755 2135 1795 2175 la
1818 2135 1946 2188 pefite

392 2205 480 2244 villa
505 2203 606 2256 (Sat.
628 2205 670 2252 2,
695 2203 738 2253 3,
762 2201 833 2254 10)
852 2202 939 2253 qu’il
964 2205 1065 2244 avait
1092 2205 1248 2256 aequise
1267 2204 1291 2242 a
1309 2203 1447 2243 Tibur.
1476 2203 1508 2243 Il
1524 2217 1575 2243 ne
1593 2203 1738 2243 semble
1755 2202 1946 2256 pasavoir

392 2273 563 2324 possede
581 2271 683 2310 alors
710 2284 755 2310 ce
773 2270 949 2310 domaine
969 2274 1018 2311 de
1036 2273 1176 2311 Sabine
1195 2272 1291 2310 dans
1321 2271 1357 2310 le
1384 2270 1510 2311 vallon
1539 2272 1588 2310 de
1615 2270 1818 2324 Digentia,
1848 2272 1947 2310 dont

392 2341 554 2380 Mecene
595 2339 648 2378 lui
696 2339 742 2377 fit
779 2338 857 2377 don
893 2340 917 2379 a
951 2353 1026 2380 une
1065 2342 1215 2394 epoque
1249 2341 1502 2391 posterieure.
1578 2339 1610 2378 Il
1641 2339 1731 2379 n’en
1760 2339 1833 2378 fait
1871 2349 1947 2390 pas

396 2409 578 2458 mention,
598 2410 637 2446 et
653 2420 697 2445 ce
711 2406 786 2445 lieu
802 2406 866 2446 erit
887 2408 951 2447 ete'
970 2412 1058 2461 trop
1079 2407 1231 2459 §loigne
1250 2420 1350 2459 pour
1368 2421 1443 2447 une
1462 2407 1628 2447 absence
1645 2408 1754 2446 aussi
1767 2405 1946 2446 courte.“

396 2473 500 2512 Idem
524 2475 570 2512 V.
599 2475 638 2516 d.
668 2474 869 2514 Horatium
896 2477 936 2516 in
963 2477 1050 2516 villa
1071 2475 1274 2517 Tiburtina
1300 2473 1349 2526 (Ι.
1373 2489 1414 2527 p.
1437 2476 1558 2524 270.)
1586 2473 1821 2514 habitantem
1839 2474 1946 2524 flacit,

399 2552 514 2591 quum
542 2541 575 2577 is
596 2542 817 2593 Septimium
840 2543 918 2582 Od.
941 2547 982 2595 2,
1003 2547 1061 2595 6.,
1089 2543 1194 2596 quod
1214 2554 1366 2581 carmen
1386 2555 1423 2581 a.
1438 2557 1478 2581 u.
1495 2543 1579 2585 718
1601 2542 1785 2594 scriptum
1811 2541 1947 2594 opina-¹

398 2610 487 2654 tur,
521 2605 742 2649 invitaverit.
800 2609 854 2649 At
891 2611 1027 2650 vellem
1059 2611 1125 2650 Vir
1165 2610 1405 2649 doctissimus
1447 2610 1671 2661 Germanis,
1707 2621 1806 2660 qnos
1849 2607 1948 2648 bene

400 2671 507 2710 novit
534 2671 662 2711 talium
695 2689 820 2715 rerum
855 2677 1045 2729 arbitros,
1083 2676 1309 2718 attentiores
1344 2689 1469 2715 aures
1486 2677 1740 2729 praebuisset.
1796 2671 1946 2715 Etenim

402 2738 584 2778 Horatius
623 2740 657 2777 si
689 2741 770 2779 Sat.
794 2745 842 2793 2,
870 2746 912 2795 3,
949 2746 991 2787 5.
1019 2747 1087 2789 10.
1118 2759 1227 2786 suam
1244 2743 1428 2784 intellexit
1454 2745 1594 2797 villam,
1627 2755 1674 2785 ea
1691 2740 1947 2786 non‘ffitalia

403 2818 451 2843 ac
469 2803 634 2855 Sabina,
667 2806 896 2849 Maecenatis
915 2812 1141 2854 liberalitate
1158 2813 1232 2854 sibi
1251 2812 1355 2852 data.
1386 2812 1500 2852 Conf.
1531 2815 1624 2855 Car.
1648 2810 1817 2851 Rankii
1835 2809 1946 2850 Fast.

404 2872 541 2912 Horat.
563 2883 603 2922 p.
625 2871 693 2914 52.
718 2874 812 2914 116.
842 2875 886 2913 In
905 2878 980 2918 Od.
1011 2884 1053 2933 2,
1081 2883 1122 2923 6.
1166 2880 1257 2921 nihil
1283 2881 1450 2920 invenies
1483 2882 1556 2921 nisi
1584 2877 1732 2920 laudem
1758 2879 1948 2930 quandam

408 2944 448 2980 et
482 2938 726 2993 Praewnium
757 2938 937 2993 Tiburis,
984 2960 1059 2998 quo
1087 2947 1233 3001 Poeta,
1269 2953 1315 2988 ut
1347 2947 1420 2988 sibi
1461 2947 1663 3000 aliquando
1701 2946 1813 2986 liceat
1850 2948 1948 2986 vitae
