1910 3138
611 810 1468 948 COMMENTARiI

1009 1047 1070 1081 IN

269 1178 531 1226 HORA'I'II
559 1178 678 1227 LIB.
704 1181 741 1226 1.
793 1180 1154 1229 EPIS'POLAM
1181 1179 1470 1230 TERTIAM
1494 1179 1803 1229 DECIMAM.

269 1490 383 1554 Hoc
411 1516 550 1555 bellum
578 1517 808 1570 Epistolium
835 1533 962 1558 merus
996 1519 1135 1569 ingenii
1163 1519 1361 1560 Horatiani
1394 1518 1499 1558 lusus
1528 1519 1676 1559 videtur
1707 1531 1805 1558 esse.

270 1582 438 1622 Tantum
469 1587 565 1624 enim
595 1587 736 1638 abfuit,
773 1592 816 1626 ut
844 1587 964 1626 Poeta
997 1589 1140 1640 scripta
1168 1601 1234 1627 sua
1262 1589 1435 1638 cuiquam
1462 1588 1641 1626 recitaret
1669 1586 1806 1625 Gram-

269 1653 566 1704 maticorumque
601 1657 769 1694 favorem
799 1656 1026 1708 laudemque
1056 1661 1228 1709 captaret
1261 1656 1362 1706 (Sat.
1396 1657 1432 1702 1,
1462 1654 1505 1705 4,
1535 1655 1605 1697 23.
1636 1655 1704 1696 73·
1736 1655 1805 1704 10,
1905 1707 1910 1719 Α

271 1720 339 1760 76.
388 1721 513 1771 Epist.
547 1724 586 1771 1,
619 1722 685 1771 19,
715 1722 804 1776 40),
834 1729 876 1762 ut
905 1738 997 1775 quas
1037 1738 1158 1775 nugas
1187 1724 1397 1771 meditatus
1419 1727 1544 1774 esset,
1580 1723 1626 1761 iis
1654 1724 1806 1774 pondus

271 1788 414 1826 addere
442 1789 570 1826 nollet.
628 1790 764 1841 Neque
799 1796 924 1831 tamen
953 1793 1077 1831 facere
1107 1793 1258 1844 potuit,
1289 1793 1378 1842 quin
1405 1805 1502 1843 quae
1530 1791 1673 1829 luserat
1700 1790 1805 1828 Jovis

271 1856 423 1893 auribus
456 1861 624 1894 servaret
658 1856 746 1908 (19,
781 1858 878 1911 43),
910 1862 1012 1911 quod
1050 1874 1162 1912 quam
1197 1861 1411 1898 verecunde
1455 1860 1505 1898 sit
1543 1859 1682 1896 factum
1714 1857 1806 1896 haec

193 1951 199 1959 .
270 1923 354 1974 ipsa
380 1923 554 1975 Epistola
583 1924 760 1963 declarat.
821 1926 948 1965 Finxit
980 1929 1095 1978 igitur
1136 1928 1334 1981 epistolam
1362 1931 1497 1979 utpote
1532 1927 1583 1964 ad
1618 1926 1804 1974 Vinnium,

272 1991 451 2030 Sabinum
488 1993 698 2043 quendam,
739 1992 888 2043 datam,
932 1995 990 2032 eui
1023 1996 1071 2032 ad
1105 1995 1319 2046 Augustum
1350 1996 1569 2046 profecturo
1604 1993 1806 2043 diligenter

272 2062 492 2112 praecepit,
532 2066 574 2100 ut
597 2061 635 2098 in
665 2061 860 2099 tradendis
890 2061 992 2099 libris
1023 2063 1100 2099 suis
1132 2068 1170 2100 et
1199 2063 1381 2114 temporis
1405 2067 1444 2101 et
1467 2061 1595 2099 decori
1621 2061 1805 2099 rationem

272 2129 453 2181 haberet,
495 2142 543 2167 ne
576 2129 689 2167 nimia
726 2130 851 2167 studio
891 2143 982 2180 erga
1019 2130 1141 2181 ipsum
1180 2131 1354 2181 profecta
1391 2129 1592 2168 sedulitate
1629 2131 1806 2180 peccaret

273 2196 445 2248 libroque
468 2197 597 2235 odium
617 2197 809 2238 conflaret,
858 2196 1014 2235 Jocatur
1032 2202 1156 2235 autem
1176 2199 1214 2235 in
1239 2197 1399 2235 hominis
1430 2196 1679 2248 cognomine,
1709 2209 1805 2246 quae

274 2266 447 2316 quidem·
466 2264 651 2304 cavillatio
687 2276 813 2315 neque
856 2266 1014 2315 antiquis
1053 2263 1262 2302 hominibus
1295 2278 1418 2315 neque
1457 2263 1616 2303 Horatio
1651 2264 1806 2314 indigna

274 2333 405 2372 haberi
434 2335 561 2373 debet.
621 2333 744 2378 Quam
766 2331 907 2371 urbane
932 2332 1112 2370 Horatius
1140 2333 1178 2370 in
1209 2333 1309 2370 omni
1338 2347 1379 2371 re
1409 2336 1583 2370 versatus
1617 2331 1689 2382 sit,
1721 2331 1806 2383 ple·

275 2402 360 2439 nius
389 2403 617 2454 perspicies,
648 2402 680 2439 si
700 2401 818 2439 simile
839 2404 1124 2451 argumentum,
1154 2403 1196 2438 ut
1216 2398 1306 2437 Tib.
1332 2400 1374 2449 3,
1398 2402 1435 2441 1.
1465 2399 1600 2438 Catull.
1623 2399 1804 2441 1.'Ovid.
1879 2417 1880 2420 ¹

277 2469 398 2510 Trist.
425 2472 464 2521 1,
496 2473 533 2512 1.
564 2483 610 2509 ex
635 2470 747 2508 Pont.
773 2467 813 2519 4,
839 2469 878 2510 5.
902 2468 1019 2521 Mart.
1049 2467 1089 2517 5,
1118 2469 1156 2508 6.
1188 2469 1230 2518 9,
1260 2468 1370 2518 1ΟΟ.,
1397 2481 1479 2506 cum
1498 2469 1571 2506 hoc
1590 2464 1804 2506 contuleris.
1879 2514 1883 2515 ⁷

389 2537 593 2587 Ingeniosa
630 2550 843 2589 quanquam
884 2535 1082 2574 Schmidii
1118 2537 1167 2573 ad
1200 2535 1322 2587 Epist.
1353 2538 1392 2587 2,
1425 2537 1464 2587 1,
1494 2536 1589 2578 220.
1625 2538 1684 2573 est
1711 2546 1805 2571 con-

274 2604 443 2655 jectura,
472 2619 545 2656 qua
571 2607 751 2645 Horatius
781 2606 821 2643 id
851 2605 974 2655 egisse
1003 2604 1255 2652 existimatur,
1283 2609 1326 2643 ut
1348 2606 1552 2656 scriptores
1574 2602 1671 2641 male
1690 2601 1805 2639 sedu-
1869 2619 1874 2628 ·-

279 2671 336 2709 los
366 2673 413 2710 ab
439 2674 652 2725 importuno
681 2674 730 2711 ad
759 2673 971 2724 Augustum
998 2672 1103 2710 aditu
1131 2677 1299 2723 arceret,
1328 2676 1455 2711 tamen
1474 2672 1570 2710 hanc
1591 2668 1804 2720 Epistulam
1879 2694 1898 2733 ζ

279 2738 458 2790 imprimis
497 2754 565 2779 sua
594 2742 758 2779 carmina
793 2740 1083 2780 commendandi
1121 2752 1255 2791 causa,
1284 2754 1400 2792 porro
1431 2750 1509 2777 non
1546 2739 1624 2774 tam
1661 2735 1803 2784 Vinnii,
1881 2732 1906 2779 f«

281 2806 385 2867 cujus
414 2820 548 2847 nomen
584 2809 621 2846 in
653 2810 778 2849 fronte
813 2810 930 2859 gerit,
970 2809 1039 2848 sed
1077 2807 1239 2859 Augusti
1267 2808 1389 2859 gratia
1422 2805 1598 2856 scriptam
1636 2803 1804 2843 dixerim.
