1910 3138
89 203 167 246 131

552 198 691 239 LlBRl
711 199 739 238 1.
764 197 1026 238 EPISTOLA
1043 198 1143 239 XVI.

1535 193 1615 236 291

158 325 447 388 Compedibus
479 339 614 371 saevo
647 329 692 370 te
724 327 803 371 sub
838 325 1016 370 custode
1052 324 1226 370 tenebo·

155 406 297 469 „Ipse
327 407 466 466 deus,
497 405 774 464 simulatque
806 406 983 464 volam,
1015 419 1089 449 me
1132 401 1323 448 salvem
1379 403 1558 464 opinor,

156 487 255 532 Hoc
288 486 438 530 sentit:
481 487 699 545 „mor1ar3
737 499 852 530 mors
887 486 1035 529 ultima
1068 485 1182 529 linea
1217 497 1361 528 rerum
1399 482 1519 528 est-‘⁶

91 631 190 676 odd„
220 637 262 666 ut
277 631 358 666 Aac.
378 631 459 667 519.
490 631 568 666 val.
591 631 693 666 Jahn.
720 632 825 666 Web.

89 687 268 735 Improbat
285 688 461 732 Orelliuz,
481 689 526 723 cf.
550 690 613 732 10,
635 690 691 724 22.
711 700 747 733 p.
769 688 826 723 45.

90 751 129 780 et
152 745 259 780 Bach.
290 745 335 780 ad
354 745 462 780 Ovid.
484 745 572 780 Met.
595 747 634 788 2,
659 741 740 779 474.
775 764 826 770 -—

90 802 134 837 In
153 802 278 837 πιαπίο.
308 802 396 836 Mss.
424 807 461 836 et
480 801 524 835 al.
553 806 590 835 et
614 807 724 835 nostr·
749 813 827 835 exc.

89 857 222 905 paucis.
248 858 342 893 Edd.
362 858 442 892 Ald.
461 858 561 893 Junt.
577 856 725 902 Argent.
744 855 827 904 515.

88 915 171 950 Bae.
191 914 270 951 527.
295 919 333 949 et
355 914 468 949 deinc.
490 914 583 960 pqu.
622 913 669 949 Et
688 905 831 948 πιατιὶοὖι

89 978 136 1006 et.
166 971 236 1006 Με.
266 971 386 1006 Berol.
416 972 449 1007 2.
489 970 584 1005 Mon.
614 971 638 1005 1.
668 971 831 1006 Rudolst.

89 1027 187 1064 Edd.
207 1032 297 1062 vett.
321 1039 411 1062 omn.
431 1028 526 1071 (exc.
544 1027 687 1061 Cadom.
705 1027 832 1061 imani-

87 1085 153 1129 σιἐ)
180 1085 286 1119 etiam
302 1084 386 1119 Asc.
413 1082 494 1119 519.
527 1083 721 1118 Britannic.
747 1083 828 1119 520.

90 1140 191 1188 Lips.
221 1140 315 1194 ξω.
337 1142 374 1178 8.
403 1141 470 1194 lq.
493 1137 826 1195 14:0010n.510.

89 1193 200 1244 Cruq.
219 1179 274 1232 Ῐπ
275 1195 420 1232 αωιίοἱε
430 1195 547 1231 omiss.
554 1198 607 1232 et
622 1195 720 1232 Μοιι.
736 1208 768 1231 a.
785 1197 828 1230 In

89 1253 299 1290 nmnidaetc.
317 1253 389 1289 Ms.
398 1253 473 1287 Fe.
498 1255 536 1297 1,
556 1265 591 1298 g.
620 1253 829 1298 manicisque

87 1315 137 1346 ct.
152 1309 222 1344 Me.
241 1309 365 1346 Comb.
385 1309 427 1343 F.
449 1310 571 1345 Guelf.
591 1310 623 1344 1.
649 1311 758 1348 Bern.
780 1310 825 1344 G.

88 1366 173 1402 Non
189 1366 291 1411 male,
310 1367 342 1402 si
362 1367 618 1412 comparaveris
636 1366 679 1400 A.
691 1367 732 1400 P.
748 1366 826 1401 196.

11 1430 17 1436 ·
89 1423 171 1459 199.
184 1420 269 1458 444.
287 1423 359 1458 oa.
374 1424 411 1466 3,
424 1425 551 1467 21,18.
569 1420 603 1467 4,
622 1421 677 1466 15,
691 1423 750 1458 30.
773 1423 830 1456 ne

87 1480 323 1531 wetmj'n
343 1480 488 1523 manicis
507 1479 619 1514 teneri
639 1479 699 1514 vel
716 1479 831 1515 uani-

88 1535 137 1571 a'n
151 1536 265 1572 tenen·
285 1537 331 1571 cf.
350 1536 461 1572 Drak.
482 1536 526 1570 ad
545 1536 627 1570 Liv.
647 1537 688 1579 8,
709 1537 773 1580 28,
793 1536 826 1570 8.

26 1599 41 1609 κ*
89 1582 171 1626 ωιι.
192 1589 228 1637 4,
246 1591 305 1636 35,
325 1591 361 1627 5.
381 1593 438 1636 22,
457 1589 517 1635 41,
536 1592 571 1627 9.
591 1592 677 1626 Tib.
695 1593 728 1634 2,
742 1588 777 1634 4,
792 1591 826 1626 3.

23 1640 26 1641 ⁷
88 1647 248 1692 Lim-35,
270 1649 325 1691 18,
344 1650 379 1684 6.
408 1648 561 1682 Beneck.
580 1648 626 1682 ad
642 1647 771 1683 Jusfin.
793 1647 829 1692 9,

91 1706 126 1748 2,
142 1705 180 1739 7.
211 1705 346 1739 Differt
360 1709 477 1739 tamen
494 1705 533 1738 in
550 1703 637 1748 hoc,
657 1705 752 1750 quod
768 1704 830 1739 illa

89 1760 344 1811 notionemnvel
361 1761 434 1796 loci
449 1761 509 1801 vel
524 1761 694 1807 temporis
711 1762 830 1805 habet,

91 1820 132 1852 ut
159 1816 284 1864 aliquis
315 1815 365 1853 sit
394 1823 433 1855 et
458 1822 597 1857 maneat.
622 1818 660 1852 in
685 1818 746 1853 ina
774 1830 829 1863 re,

91 1875 179 1908 haec
203 1874 313 1909 solum
338 1875 475 1909 modum
493 1878 531 1909 et
550 1873 721 1909 rationem
738 1874 831 1910 indi-

92 1934 169 1973 cat,
190 1926 317 1977 quib'us
335 1931 413 1976 quis
432 1926 609 1967 tenemur.

128 1998 130 2002 ’
147 1986 193 2021 V.
207 1987 265 2023 77.
298 1988 385 2022 Οιῐπι
402 1979 556 2033 pedibus.
576 1988 647 2023 Ms.
666 1988 770 2022 Dess.
794 1987 828 2023 1.

91 2042 256 2078 Rudolst.
284 2043 377 2078 Edd.
410 2043 509 2078 Med.
533 2040 615 2080 474.
643 2045 700 2079 76.
738 2042 829 2079 Ven.

91 2095 252 2148 4727st9.
265 2119 322 2128 -ο-
340 2100 383 2134 V.
401 2102 460 2136 78.
479 2102 582 2137 nolet.
600 2100 670 2136 Ma.
691 2112 749 2136 un.
770 2112 827 2146 ap.

91 2155 202 2195 Palm.
218 2157 279 2203 (k)
299 2157 423 2193 eomb.
437 2159 485 2193 D.
503 2157 584 2192 Val.
600 2163 698 2203 quat,
709 2157 829 2192 Guelf.

94 2212 128 2246 1.
142 2211 260 2248 Berol.
276 2215 310 2249 1.
326 2214 425 2248 Sant-
440 2213 538 2252 Μὸιι.
554 2226 587 2248 e.
602 2214 671 2250 Ed.
683 2214 829 2250 Cadom.

92 2263 173 2304 480.
190 2289 246 2296 —-
262 2271 385 2306 wlvat.
405 2269 475 2306 Ms.
494 2271 559 2306 Fe.
581 2272 614 2315 2,
631 2268 657 2305 ἱ.
678 2270 774 2305 Μοιι.
795 2271 830 2305 d.

872 632 993 667 salvet.
1015 629 1135 665 Guelf.
1150 630 1185 665 3.
1204 628 1314 665 Goth.
1331 629 1491 664 Ambros.
1503 630 1549 664 H.
1561 649 1617 655 —

873 689 982 722 solvet
1009 688 1145 733 opinor.
1178 685 1332 721 Junetim
1361 685 1441 731 aliq.
1469 686 1549 722 edd.
1578 693 1618 720 ut

875 744 953 779 Ald.
969 745 1049 778 501.
1071 744 1127 779 19.
1147 743 1245 778 Junt.
1266 740 1345 778 514.
1363 743 1419 776 19.
1437 743 1525 777 Veu.
1535 742 1617 778 520.

874 801 956 834 Bas.
976 799 1058 838 531.
1089 799 1197 834 Pulm.
1216 800 1298 836 581.
1342 799 1456 843 Male,
1489 799 1620 835 etenim

872 857 986 893 *arba
997 855 1144 902 opn'nnr,
1162 857 1285 900 credo,
1308 860 1346 889 ut
1366 851 1483 897 δοιίῶ,
1503 852 1617 899 οἶμαι,

872 906 965 959 'quae
995 913 1082 947 alias
1114 913 1405 958 interponuntur,
1444 913 1619 947 interdum

874 975 1155 1016 praeponuntur3
1173 969 1244 1003 vid.
1256 969 1384 1005 Heind.
1397 975 1434 1002 et
1444 969 1620 1004 Wfistem.

874 1027 919 1060 ad
939 1028 1018 1060 Sat.
1040 1030 1073 1067 1,
1092 1026 1128 1070 3,
1148 1026 1207 1062 53.
1227 1030 1264 1060 et
1284 1026 1401 1060 Schm.
1416 1026 1462 1060 ad
1478 1025 1510 1059 h.
1523 1026 1548 1060 l.
1566 1045 1614 1052 —

876 1084 918 1116 V.
936 1084 995 1118 79.
1021 1083 1103 1118 Non
1120 1083 1236 1117 sentit.
1261 1082 1329 1116 Ms-
1349 1083 1414 1116 Fe.
1436 1084 1470 1126 1,
1492 1094 1522 1116 e.
1555 1083 1620 1117 Hic

871 1140 989 1175 ”ntit-
1006 1139 1104 1174 Mon.
1126 1151 1156 1173 e.
1174 1139 1274 1173 Hace
1286 1145 1375 1174 emt.
1394 1139 1464 1172 Με.
1481 1140 1618 1175 Bersn.

874 1207 931 1230 un.
947 1195 1065 1232 Berol.
1078 1197 1112 1231 2.
1132 1195 1236 1230 Dess.
1248 1196 1281 1231 2.
1291 1194 1327 1229 3.
1347 1195 1508 1230 Rudolst.
1521 1195 1618 1231 Mon.

873 1265 917 1287 ιιι.
936 1253 1031 1287 Edd.
1050 1263 1146 1290 saec,
1166 1252 1244 1287 XV.
1274 1263 1365 1286 omn.
1393 1258 1535 1298 except.
1558 1263 1617 1287 un.

873 1309 979 1344 etiam
1007 1308 1110 1355 Lips.
1139 1307 1221 1345 502.
1247 1307 1327 1343 508.
1357 1310 1414 1343 10.
1444 1306 1503 1343 14.
1545 1310 1620 1344 Hoc

872 1372 960 1401 sent.
1000 1366 1092 1400 Edd.
1123 1365 1266 1400 Cadom.
1295 1362 1376 1400 480.
1409 1365 1490 1399 Ald.
1519 1363 1618 1400 Junt.

873 1423 954 1457 Asc.
988 1422 1186 1457 Britannic.
1221 1422 1302 1457 520.
1352 1421 1498 1467 Argent.
1538 1422 1618 1458 515.

873 1479 956 1514 Bas.
975 1478 1057 1514 527.
1087 1478 1187 1514 Glar.
1209 1478 1373 1528 Gymuic.
1394 1479 1518 1515 Lamb.
1540 1479 1620 1514 Mn—

873 1542 942 1571 ret.
964 1540 1034 1570 etc.
1054 1541 1122 1571 etc.
1154 1536 1266 1570 Recte
1287 1534 1444 1581 quidem,
1470 1537 1517 1570 cf.
1538 1536 1618 1570 Sat.

875 1595 914 1636 1,
934 1592 977 1635 3,
996 1592 1052 1627 83.
1084 1589 1128 1635 4,
1152 1590 1230 1627 105.
1259 1591 1380 1637 Epist.
1407 1593 1448 1636 2,
1473 1594 1515 1635 1,
1536 1591 1617 1628 125.

873 1647 992 1682 Beier.
1012 1649 1057 1682 ad
1076 1647 1153 1682 Cic.
1174 1647 1272 1682 Lael.
1293 1647 1349 1692 15,
1369 1649 1404 1682 9.
1428 1649 1619 1684 smerenb.

874 1706 920 1740 ad
945 1705 1023 1739 Cic.
1050 1716 1105 1750 pr.
1135 1703 1242 1740 Arch.
1277 1717 1314 1751 p.
1343 1706 1423 1740 107.
1457 1703 1534 1754 (ed.
1566 1706 1618 1748 1.)

874 1763 991 1798 Hand.
1002 1761 1048 1797 ad
1057 1761 1188 1808 Wopk.
1199 1763 1317 1797 Lectt.
1330 1762 1427 1797 Tull.
1437 1774 1474 1808 p.
1485 1759 1542 1799 24.
1566 1781 1615 1790 —

875 1819 1016 1855 morior.
1042 1817 1188 1854 Corbei.
1214 1819 1285 1853 Ed.
1304 1819 1452 1864 Dorigh.
1482 1839 1530 1845 —
1564 1831 1619 1854 re—

874 1888 953 1911 rum
972 1875 1048 1910 sine
1067 1881 1128 1910 est.
1148 1874 1217 1911 Ms-
1237 1875 1302 1910 Fe.
1324 1877 1364 1919 2,
1383 1876 1420 1911 h.
1439 1876 1561 1911 Guelf.
1582 1877 1616 1909 1.

874 1931 973 1981 Μοιι.
993 1930 1029 1966 b.
1053 1930 1159 1966 Bern.
1184 1931 1210 1969 f.
1230 1932 1278 1968 G.
1306 1931 1354 1966 At
1372 1930 1418 1969 cf.
1435 1932 1554 1967 Schm.
1574 1933 1619 1965 ad

876 1990 932 2032 18,
952 1989 1008 2024 86.
1035 1988 1120 2023 Νοιι
1137 1989 1313 2024 assentfor
1332 1994 1446 2023 autem
1466 1988 1528 2031 iis,
1558 1987 1618 2033 qui

875 2045 1056 2089 „morial-‘⁴
1071 2046 1127 2079 his
1141 2045 1254 2091 signis
1267 2046 1469 2086 includunt3
1485 2044 1618 2078 rectius

874 2102 1131 2137 Lindemannus
1157 2101 1196 2137 in
1229 2103 1355 2137 Sela-t.
1385 2114 1404 2135 e
1428 2107 1520 2147 poet.
1552 2101 1616 2133 lat.

873 2171 982 2193 earm.
1009 2161 1055 2193 H.
1089 2171 1125 2204 p.
1153 2155 1234 2201 43„
1270 2169 1370 2203 quem
1403 2156 1616 2202 sequendum

875 2221 973 2260 puto.
1016 2215 1136 2249 Verba
1162 2215 1296 2258 „Mors
1314 2234 1371 2238 —
1390 2215 1470 2247 est“
1498 2211 1618 2248 laudat

877 2271 1037 2307 vincent.
1057 2270 1192 2306 Bellov.
1217 2270 1326 2316 Spec.
1348 2268 1440 2303 Hist.
1461 2270 1495 2312 7,
1518 2269 1574 2304 68.

1118 2948 1200 2989 19*
1244 2953 1339 3001 (w)
1382 2933 1383 2936 ’
