<?xml version="1.0" encoding="UTF-8"?>
<!DOCTYPE html PUBLIC "-//W3C//DTD XHTML 1.0 Transitional//EN"
    "http://www.w3.org/TR/xhtml1/DTD/xhtml1-transitional.dtd">
<html xmlns="http://www.w3.org/1999/xhtml" xml:lang="en" lang="en">
 <head>
  <title>
</title>
<meta http-equiv="Content-Type" content="text/html;charset=utf-8" />
  <meta name='ocr-system' content='tesseract 3.04.00' />
  <meta name='ocr-capabilities' content='ocr_page ocr_carea ocr_par ocr_line ocrx_word'/>
</head>
<body>
  <div class='ocr_page' id='page_1' title='image "./epistolascomment02horauoft_0195.png"; bbox 0 0 1910 3138; ppageno 0'>
   <div class='ocr_carea' id='block_1_1' title="bbox 87 128 1596 202">
    <p class='ocr_par' dir='ltr' id='par_1_1' title="bbox 87 128 1596 202">
     <span class='ocr_line' id='line_1_1' title="bbox 87 128 1596 202; baseline -0.007 -3"><span class='ocrx_word' id='word_1_1' title='bbox 87 128 145 199; x_wconf 71' lang='lat'><strong>27</strong></span> <span class='ocrx_word' id='word_1_2' title='bbox 207 151 485 194; x_wconf 72' lang='lat' dir='ltr'><strong>comum.</strong></span> <span class='ocrx_word' id='word_1_3' title='bbox 504 151 562 191; x_wconf 81' lang='grc' dir='ltr'><strong>ιΝ</strong></span> <span class='ocrx_word' id='word_1_4' title='bbox 579 150 703 191; x_wconf 77' lang='lat' dir='ltr'><strong>noa.</strong></span> <span class='ocrx_word' id='word_1_5' title='bbox 720 149 821 190; x_wconf 72' lang='lat' dir='ltr'><strong>me.</strong></span> <span class='ocrx_word' id='word_1_6' title='bbox 841 151 871 202; x_wconf 57' lang='grc' dir='ltr'><strong>ξ.</strong></span> <span class='ocrx_word' id='word_1_7' title='bbox 910 148 1080 190; x_wconf 73' lang='lat' dir='ltr'><strong>ems-r.</strong></span> <span class='ocrx_word' id='word_1_8' title='bbox 1097 149 1256 191; x_wconf 78' lang='lat' dir='ltr'><strong>mr.</strong></span> <span class='ocrx_word' id='word_1_9' title='bbox 1278 147 1455 191; x_wconf 63' lang='lat' dir='ltr'><strong>mecm</strong></span> <span class='ocrx_word' id='word_1_10' title='bbox 1514 144 1596 189; x_wconf 79' lang='lat'><strong>18⁷</strong></span> 
     </span>
    </p>
   </div>
   <div class='ocr_carea' id='block_1_2' title="bbox 30 273 1607 1410">
    <p class='ocr_par' dir='ltr' id='par_1_2' title="bbox 30 273 1607 1410">
     <span class='ocr_line' id='line_1_2' title="bbox 84 273 1597 332; baseline -0.005 -13"><span class='ocrx_word' id='word_1_11' title='bbox 84 282 205 332; x_wconf 64' lang='lat' dir='ltr'><strong>gum</strong></span> <span class='ocrx_word' id='word_1_12' title='bbox 220 280 379 331; x_wconf 68' lang='lat' dir='ltr'><strong>propter</strong></span> <span class='ocrx_word' id='word_1_13' title='bbox 399 276 638 316; x_wconf 77' lang='lat' dir='ltr'><strong>timiditatem</strong></span> <span class='ocrx_word' id='word_1_14' title='bbox 659 276 698 315; x_wconf 90' lang='lat' dir='ltr'><strong>in</strong></span> <span class='ocrx_word' id='word_1_15' title='bbox 718 276 831 315; x_wconf 85' lang='lat' dir='ltr'><strong>dictis</strong></span> <span class='ocrx_word' id='word_1_16' title='bbox 857 276 910 314; x_wconf 87' lang='lat' dir='ltr'><strong>sis</strong></span> <span class='ocrx_word' id='word_1_17' title='bbox 935 275 1152 314; x_wconf 81' lang='lat' dir='ltr'><strong>inconstans</strong></span> <span class='ocrx_word' id='word_1_18' title='bbox 1168 274 1231 312; x_wconf 81' lang='lat' dir='ltr'><strong>vel</strong></span> <span class='ocrx_word' id='word_1_19' title='bbox 1250 273 1320 312; x_wconf 84' lang='lat' dir='ltr'><strong>tibi</strong></span> <span class='ocrx_word' id='word_1_20' title='bbox 1344 273 1475 312; x_wconf 62' lang='lat' dir='ltr'><strong>blaeso</strong></span> <span class='ocrx_word' id='word_1_21' title='bbox 1499 274 1597 311; x_wconf 71' lang='lat' dir='ltr'><strong>titu-</strong></span> 
     </span>
     <span class='ocr_line' id='line_1_3' title="bbox 30 341 1596 398; baseline -0.001 -17"><span class='ocrx_word' id='word_1_22' title='bbox 30 353 34 360; x_wconf 91' lang='lat'><em>·</em></span> <span class='ocrx_word' id='word_1_23' title='bbox 87 346 150 393; x_wconf 55' lang='lat' dir='ltr'><strong>ba</strong></span> <span class='ocrx_word' id='word_1_24' title='bbox 174 345 319 398; x_wconf 68' lang='lat' dir='ltr'><strong>lingua</strong></span> <span class='ocrx_word' id='word_1_25' title='bbox 342 356 436 382; x_wconf 68' lang='lat' dir='ltr'><strong>sono</strong></span> <span class='ocrx_word' id='word_1_26' title='bbox 463 342 592 394; x_wconf 85' lang='lat' dir='ltr'><strong>(Ovid.</strong></span> <span class='ocrx_word' id='word_1_27' title='bbox 621 342 668 382; x_wconf 76' lang='lat' dir='ltr'><strong>A.</strong></span> <span class='ocrx_word' id='word_1_28' title='bbox 697 343 745 386; x_wconf 87' lang='grc' dir='ltr'><strong>Δ.</strong></span> <span class='ocrx_word' id='word_1_29' title='bbox 778 345 824 393; x_wconf 85' lang='grc'><strong>1,</strong></span> <span class='ocrx_word' id='word_1_30' title='bbox 852 342 949 384; x_wconf 83' lang='lat'><strong>595.</strong></span> <span class='ocrx_word' id='word_1_31' title='bbox 993 343 1149 381; x_wconf 84' lang='lat' dir='ltr'><strong>Terent.</strong></span> <span class='ocrx_word' id='word_1_32' title='bbox 1176 341 1313 381; x_wconf 74' lang='lat' dir='ltr'><strong>Heaut.</strong></span> <span class='ocrx_word' id='word_1_33' title='bbox 1340 343 1389 394; x_wconf 80' lang='lat'><strong>2,</strong></span> <span class='ocrx_word' id='word_1_34' title='bbox 1418 342 1471 392; x_wconf 72' lang='lat'><strong>3,</strong></span> <span class='ocrx_word' id='word_1_35' title='bbox 1501 342 1596 383; x_wconf 87' lang='grc'><strong>120.</strong></span> 
     </span>
     <span class='ocr_line' id='line_1_4' title="bbox 83 409 1599 463; baseline -0.005 -9"><span class='ocrx_word' id='word_1_36' title='bbox 83 414 207 458; x_wconf 74' lang='lat' dir='ltr'><strong>Phut.</strong></span> <span class='ocrx_word' id='word_1_37' title='bbox 244 411 325 452; x_wconf 71' lang='lat' dir='ltr'><strong>Mil.</strong></span> <span class='ocrx_word' id='word_1_38' title='bbox 358 410 409 463; x_wconf 78' lang='lat' dir='ltr'><strong>gl-</strong></span> <span class='ocrx_word' id='word_1_39' title='bbox 445 412 491 461; x_wconf 86' lang='lat'><strong>2,</strong></span> <span class='ocrx_word' id='word_1_40' title='bbox 527 413 575 460; x_wconf 88' lang='lat'><strong>2,</strong></span> <span class='ocrx_word' id='word_1_41' title='bbox 611 411 678 452; x_wconf 86' lang='lat'><strong>93.</strong></span> <span class='ocrx_word' id='word_1_42' title='bbox 717 410 804 449; x_wconf 89' lang='lat' dir='ltr'><strong>coll.</strong></span> <span class='ocrx_word' id='word_1_43' title='bbox 842 410 1019 451; x_wconf 87' lang='lat' dir='ltr'><strong>Pseudol.</strong></span> <span class='ocrx_word' id='word_1_44' title='bbox 1054 410 1106 462; x_wconf 81' lang='lat'><strong>4,</strong></span> <span class='ocrx_word' id='word_1_45' title='bbox 1141 412 1187 460; x_wconf 90' lang='lat'><strong>1,</strong></span> <span class='ocrx_word' id='word_1_46' title='bbox 1221 410 1290 452; x_wconf 83' lang='lat'><strong>32.</strong></span> <span class='ocrx_word' id='word_1_47' title='bbox 1322 410 1373 449; x_wconf 85' lang='lat' dir='ltr'><strong>ib.</strong></span> <span class='ocrx_word' id='word_1_48' title='bbox 1410 409 1599 460; x_wconf 87' lang='lat' dir='ltr'><strong>Gronov.)</strong></span> 
     </span>
     <span class='ocr_line' id='line_1_5' title="bbox 82 476 1597 533; baseline -0.001 -16"><span class='ocrx_word' id='word_1_49' title='bbox 82 482 150 520; x_wconf 63' lang='lat' dir='ltr'><strong>Sc</strong></span> <span class='ocrx_word' id='word_1_50' title='bbox 171 480 319 533; x_wconf 76' lang='lat' dir='ltr'><strong>lingua</strong></span> <span class='ocrx_word' id='word_1_51' title='bbox 351 477 495 517; x_wconf 67' lang='lat' dir='ltr'><strong>mahat</strong></span> <span class='ocrx_word' id='word_1_52' title='bbox 528 479 662 517; x_wconf 87' lang='lat' dir='ltr'><strong>Senec.</strong></span> <span class='ocrx_word' id='word_1_53' title='bbox 702 478 825 530; x_wconf 83' lang='lat' dir='ltr'><strong>Epist.</strong></span> <span class='ocrx_word' id='word_1_54' title='bbox 857 480 923 520; x_wconf 88' lang='lat'><strong>11.</strong></span> <span class='ocrx_word' id='word_1_55' title='bbox 953 483 991 517; x_wconf 88' lang='lat' dir='ltr'><strong>et</strong></span> <span class='ocrx_word' id='word_1_56' title='bbox 1017 476 1192 516; x_wconf 85' lang='lat' dir='ltr'><strong>Laetant.</strong></span> <span class='ocrx_word' id='word_1_57' title='bbox 1226 477 1276 515; x_wconf 89' lang='lat' dir='ltr'><strong>de</strong></span> <span class='ocrx_word' id='word_1_58' title='bbox 1301 477 1352 516; x_wconf 88' lang='lat' dir='ltr'><strong>Ir.</strong></span> <span class='ocrx_word' id='word_1_59' title='bbox 1377 477 1424 527; x_wconf 84' lang='lat'><strong>5,</strong></span> <span class='ocrx_word' id='word_1_60' title='bbox 1449 478 1490 518; x_wconf 87' lang='grc'><strong>3.</strong></span> <span class='ocrx_word' id='word_1_61' title='bbox 1533 478 1597 515; x_wconf 89' lang='lat' dir='ltr'><strong>Si-</strong></span> 
     </span>
     <span class='ocr_line' id='line_1_6' title="bbox 81 541 1598 597; baseline -0.002 -11"><span class='ocrx_word' id='word_1_62' title='bbox 81 547 220 588; x_wconf 79' lang='lat' dir='ltr'><strong>militer</strong></span> <span class='ocrx_word' id='word_1_63' title='bbox 262 547 423 597; x_wconf 80' lang='lat' dir='ltr'><strong>Graeci,</strong></span> <span class='ocrx_word' id='word_1_64' title='bbox 469 550 511 584; x_wconf 87' lang='lat' dir='ltr'><strong>ut</strong></span> <span class='ocrx_word' id='word_1_65' title='bbox 553 547 731 584; x_wconf 81' lang='lat' dir='ltr'><strong>Socrates</strong></span> <span class='ocrx_word' id='word_1_66' title='bbox 771 558 835 596; x_wconf 90' lang='lat' dir='ltr'><strong>ap.</strong></span> <span class='ocrx_word' id='word_1_67' title='bbox 882 545 999 587; x_wconf 85' lang='lat' dir='ltr'><strong>Orell.</strong></span> <span class='ocrx_word' id='word_1_68' title='bbox 1038 541 1211 587; x_wconf 75' lang='lat' dir='ltr'><strong>Sentent.</strong></span> <span class='ocrx_word' id='word_1_69' title='bbox 1251 549 1343 584; x_wconf 86' lang='lat' dir='ltr'><strong>vett.</strong></span> <span class='ocrx_word' id='word_1_70' title='bbox 1392 545 1528 583; x_wconf 82' lang='lat' dir='ltr'><strong>Graec.</strong></span> <span class='ocrx_word' id='word_1_71' title='bbox 1567 544 1598 583; x_wconf 93' lang='lat'><strong>1.</strong></span> 
     </span>
     <span class='ocr_line' id='line_1_7' title="bbox 83 607 1599 669; baseline -0.003 -15"><span class='ocrx_word' id='word_1_72' title='bbox 83 629 126 668; x_wconf 82' lang='lat' dir='ltr'><strong>p.</strong></span> <span class='ocrx_word' id='word_1_73' title='bbox 152 617 217 658; x_wconf 81' lang='grc'><strong>26-</strong></span> <span class='ocrx_word' id='word_1_74' title='bbox 258 611 450 669; x_wconf 58' lang='lat' dir='ltr'><strong>Koch-cdv</strong></span> <span class='ocrx_word' id='word_1_75' title='bbox 480 614 560 655; x_wconf 79' lang='grc' dir='ltr'><strong><em>ἔστι</em></strong></span> <span class='ocrx_word' id='word_1_76' title='bbox 589 616 645 665; x_wconf 81' lang='grc' dir='ltr'><strong>τῷ</strong></span> <span class='ocrx_word' id='word_1_77' title='bbox 674 612 769 653; x_wconf 80' lang='grc' dir='ltr'><em>ποδὶ</em></span> <span class='ocrx_word' id='word_1_78' title='bbox 803 607 1047 654; x_wconf 74' lang='grc' dir='ltr'><strong><em>ὄλισθαίνειν</em></strong></span> <span class='ocrx_word' id='word_1_79' title='bbox 1072 609 1102 664; x_wconf 80' lang='grc' dir='ltr'><strong><em>ἦ</em></strong></span> <span class='ocrx_word' id='word_1_80' title='bbox 1135 616 1186 669; x_wconf 83' lang='grc' dir='ltr'><strong>τῇ</strong></span> <span class='ocrx_word' id='word_1_81' title='bbox 1210 609 1426 668; x_wconf 59' lang='lat' dir='ltr'><strong>fluit-131⁸).</strong></span> <span class='ocrx_word' id='word_1_82' title='bbox 1480 612 1599 663; x_wconf 82' lang='lat' dir='ltr'><strong>Quid,</strong></span> 
     </span>
     <span class='ocr_line' id='line_1_8' title="bbox 85 679 1601 734; baseline -0.002 -12"><span class='ocrx_word' id='word_1_83' title='bbox 85 683 190 734; x_wconf 86' lang='lat' dir='ltr'><strong>quod</strong></span> <span class='ocrx_word' id='word_1_84' title='bbox 216 681 445 734; x_wconf 68' lang='lat' dir='ltr'><strong>Rappoltus</strong></span> <span class='ocrx_word' id='word_1_85' title='bbox 455 679 514 734; x_wconf 82' lang='grc'><strong>**)</strong></span> <span class='ocrx_word' id='word_1_86' title='bbox 543 681 646 719; x_wconf 85' lang='lat' dir='ltr'><strong>hisce</strong></span> <span class='ocrx_word' id='word_1_87' title='bbox 678 680 802 718; x_wconf 85' lang='lat' dir='ltr'><strong>verbis</strong></span> <span class='ocrx_word' id='word_1_88' title='bbox 830 682 1031 719; x_wconf 81' lang='lat' dir='ltr'>memoriae</span> <span class='ocrx_word' id='word_1_89' title='bbox 1057 680 1370 730; x_wconf 80' lang='lat' dir='ltr'><strong>imbecillitatem,</strong></span> <span class='ocrx_word' id='word_1_90' title='bbox 1397 693 1493 731; x_wconf 76' lang='lat' dir='ltr'><strong>quae</strong></span> <span class='ocrx_word' id='word_1_91' title='bbox 1518 685 1601 719; x_wconf 86' lang='lat' dir='ltr'><strong>tur-</strong></span> 
     </span>
     <span class='ocr_line' id='line_1_9' title="bbox 86 747 1604 802; baseline -0.002 -13"><span class='ocrx_word' id='word_1_92' title='bbox 86 750 170 789; x_wconf 73' lang='lat' dir='ltr'><strong>bui</strong></span> <span class='ocrx_word' id='word_1_93' title='bbox 197 750 415 802; x_wconf 87' lang='lat' dir='ltr'><strong>plerumque</strong></span> <span class='ocrx_word' id='word_1_94' title='bbox 441 747 584 797; x_wconf 85' lang='lat' dir='ltr'><strong>soleat,</strong></span> <span class='ocrx_word' id='word_1_95' title='bbox 627 760 742 798; x_wconf 80' lang='lat' dir='ltr'><strong>quum</strong></span> <span class='ocrx_word' id='word_1_96' title='bbox 766 748 1000 787; x_wconf 84' lang='lat' dir='ltr'><strong>offendamus</strong></span> <span class='ocrx_word' id='word_1_97' title='bbox 1026 753 1092 786; x_wconf 89' lang='lat' dir='ltr'><strong>aut</strong></span> <span class='ocrx_word' id='word_1_98' title='bbox 1119 748 1370 799; x_wconf 74' lang='lat' dir='ltr'><strong>cespstemus,</strong></span> <span class='ocrx_word' id='word_1_99' title='bbox 1411 748 1604 798; x_wconf 76' lang='lat' dir='ltr'><strong>significa-</strong></span> 
     </span>
     <span class='ocr_line' id='line_1_10' title="bbox 88 816 1604 868; baseline -0.002 -10"><span class='ocrx_word' id='word_1_100' title='bbox 88 822 170 858; x_wconf 81' lang='lat' dir='ltr'><strong>tam</strong></span> <span class='ocrx_word' id='word_1_101' title='bbox 199 818 306 856; x_wconf 83' lang='lat' dir='ltr'><strong>videt</strong></span> <span class='ocrx_word' id='word_1_102' title='bbox 314 845 327 865; x_wconf 92' lang='lat'><strong>,</strong></span> <span class='ocrx_word' id='word_1_103' title='bbox 362 819 405 854; x_wconf 90' lang='lat' dir='ltr'><strong>ut</strong></span> <span class='ocrx_word' id='word_1_104' title='bbox 431 816 500 854; x_wconf 87' lang='lat' dir='ltr'><strong>sit:</strong></span> <span class='ocrx_word' id='word_1_105' title='bbox 546 842 574 866; x_wconf 85' lang='lat'><strong>‚,</strong></span> <span class='ocrx_word' id='word_1_106' title='bbox 583 827 675 854; x_wconf 85' lang='lat' dir='ltr'><strong>cave</strong></span> <span class='ocrx_word' id='word_1_107' title='bbox 701 829 750 853; x_wconf 91' lang='lat' dir='ltr'><strong>ne</strong></span> <span class='ocrx_word' id='word_1_108' title='bbox 778 816 878 854; x_wconf 88' lang='lat' dir='ltr'><strong>forte</strong></span> <span class='ocrx_word' id='word_1_109' title='bbox 913 816 1154 868; x_wconf 85' lang='lat' dir='ltr'><strong>impingendo</strong></span> <span class='ocrx_word' id='word_1_110' title='bbox 1183 829 1279 867; x_wconf 89' lang='lat' dir='ltr'><strong>quae</strong></span> <span class='ocrx_word' id='word_1_111' title='bbox 1306 817 1494 855; x_wconf 76' lang='lat' dir='ltr'><strong>inculcata</strong></span> <span class='ocrx_word' id='word_1_112' title='bbox 1516 821 1604 855; x_wconf 88' lang='lat' dir='ltr'><strong>sunt</strong></span> 
     </span>
     <span class='ocr_line' id='line_1_11' title="bbox 89 881 1605 936; baseline -0.003 -10"><span class='ocrx_word' id='word_1_113' title='bbox 89 899 137 926; x_wconf 78' lang='lat' dir='ltr'><strong>ex</strong></span> <span class='ocrx_word' id='word_1_114' title='bbox 162 886 285 924; x_wconf 79' lang='lat' dir='ltr'><strong>animo</strong></span> <span class='ocrx_word' id='word_1_115' title='bbox 320 882 528 923; x_wconf 67' lang='lat' dir='ltr'><strong>amittas.“</strong></span> <span class='ocrx_word' id='word_1_116' title='bbox 586 882 633 921; x_wconf 85' lang='lat' dir='ltr'><strong>In</strong></span> <span class='ocrx_word' id='word_1_117' title='bbox 663 881 763 922; x_wconf 77' lang='lat' dir='ltr'><strong>hanc</strong></span> <span class='ocrx_word' id='word_1_118' title='bbox 787 895 893 922; x_wconf 75' lang='lat' dir='ltr'><strong>mam</strong></span> <span class='ocrx_word' id='word_1_119' title='bbox 921 884 1147 924; x_wconf 64' lang='lat' dir='ltr'><strong>sententian</strong></span> <span class='ocrx_word' id='word_1_120' title='bbox 1180 883 1301 936; x_wconf 76' lang='lat' dir='ltr'><strong>ipsius</strong></span> <span class='ocrx_word' id='word_1_121' title='bbox 1335 884 1605 936; x_wconf 79' lang='lat' dir='ltr'><strong>Porphyrionis</strong></span> 
     </span>
     <span class='ocr_line' id='line_1_12' title="bbox 89 951 1607 1005; baseline -0.001 -14"><span class='ocrx_word' id='word_1_122' title='bbox 89 953 393 1005; x_wconf 76' lang='lat' dir='ltr'><strong>explicationem,</strong></span> <span class='ocrx_word' id='word_1_123' title='bbox 427 963 538 1002; x_wconf 87' lang='lat' dir='ltr'><strong>quam</strong></span> <span class='ocrx_word' id='word_1_124' title='bbox 564 962 679 1002; x_wconf 88' lang='lat' dir='ltr'><strong>supra</strong></span> <span class='ocrx_word' id='word_1_125' title='bbox 710 951 844 1003; x_wconf 83' lang='lat' dir='ltr'><strong>posui,</strong></span> <span class='ocrx_word' id='word_1_126' title='bbox 878 953 1014 990; x_wconf 85' lang='lat' dir='ltr'><strong>inscite</strong></span> <span class='ocrx_word' id='word_1_127' title='bbox 1042 954 1244 1002; x_wconf 87' lang='lat' dir='ltr'><strong>detorquet</strong></span> <span class='ocrx_word' id='word_1_128' title='bbox 1271 956 1311 990; x_wconf 90' lang='lat' dir='ltr'><strong>et</strong></span> <span class='ocrx_word' id='word_1_129' title='bbox 1337 954 1386 991; x_wconf 91' lang='lat' dir='ltr'><strong>de</strong></span> <span class='ocrx_word' id='word_1_130' title='bbox 1411 958 1502 992; x_wconf 87' lang='lat' dir='ltr'><strong>nota</strong></span> <span class='ocrx_word' id='word_1_131' title='bbox 1529 953 1607 991; x_wconf 88' lang='lat' dir='ltr'><strong>asi-</strong></span> 
     </span>
     <span class='ocr_line' id='line_1_13' title="bbox 82 1018 1607 1073; baseline -0.001 -14"><span class='ocrx_word' id='word_1_132' title='bbox 82 1032 223 1064; x_wconf 70' lang='lat' dir='ltr'><strong>¹norum</strong></span> <span class='ocrx_word' id='word_1_133' title='bbox 248 1018 502 1059; x_wconf 77' lang='lat' dir='ltr'><strong>infelicissima</strong></span> <span class='ocrx_word' id='word_1_134' title='bbox 522 1019 724 1071; x_wconf 82' lang='lat' dir='ltr'><strong>memoria,</strong></span> <span class='ocrx_word' id='word_1_135' title='bbox 762 1020 811 1057; x_wconf 84' lang='lat' dir='ltr'><strong>ad</strong></span> <span class='ocrx_word' id='word_1_136' title='bbox 840 1032 987 1059; x_wconf 89' lang='lat' dir='ltr'><strong>omnem</strong></span> <span class='ocrx_word' id='word_1_137' title='bbox 1013 1020 1221 1064; x_wconf 72' lang='lat' dir='ltr'><strong>doctrinam</strong></span> <span class='ocrx_word' id='word_1_138' title='bbox 1253 1020 1385 1073; x_wconf 87' lang='lat' dir='ltr'><strong>inepta</strong></span> <span class='ocrx_word' id='word_1_139' title='bbox 1411 1025 1452 1059; x_wconf 89' lang='lat' dir='ltr'><strong>et</strong></span> <span class='ocrx_word' id='word_1_140' title='bbox 1477 1020 1607 1059; x_wconf 84' lang='lat' dir='ltr'><strong>itenfi-</strong></span> 
     </span>
     <span class='ocr_line' id='line_1_14' title="bbox 91 1085 1605 1139; baseline -0.001 -13"><span class='ocrx_word' id='word_1_141' title='bbox 91 1088 180 1126; x_wconf 84' lang='lat' dir='ltr'><strong>dem</strong></span> <span class='ocrx_word' id='word_1_142' title='bbox 202 1085 350 1124; x_wconf 83' lang='lat' dir='ltr'><strong>stimulo</strong></span> <span class='ocrx_word' id='word_1_143' title='bbox 377 1086 451 1124; x_wconf 91' lang='lat' dir='ltr'><strong>illis</strong></span> <span class='ocrx_word' id='word_1_144' title='bbox 479 1085 694 1125; x_wconf 82' lang='lat' dir='ltr'><strong>refricanda</strong></span> <span class='ocrx_word' id='word_1_145' title='bbox 718 1085 851 1124; x_wconf 78' lang='lat' dir='ltr'><strong>laudat</strong></span> <span class='ocrx_word' id='word_1_146' title='bbox 877 1087 959 1128; x_wconf 78' lang='lat' dir='ltr'><strong>Sat,</strong></span> <span class='ocrx_word' id='word_1_147' title='bbox 989 1089 1011 1127; x_wconf 92' lang='lat'>1</span> <span class='ocrx_word' id='word_1_148' title='bbox 1025 1114 1039 1137; x_wconf 87' lang='lat'>‚</span> <span class='ocrx_word' id='word_1_149' title='bbox 1067 1088 1115 1138; x_wconf 92' lang='lat'><strong>1,</strong></span> <span class='ocrx_word' id='word_1_150' title='bbox 1145 1086 1212 1129; x_wconf 86' lang='lat'><strong>90.</strong></span> <span class='ocrx_word' id='word_1_151' title='bbox 1239 1086 1307 1128; x_wconf 89' lang='grc'><strong>91.</strong></span> <span class='ocrx_word' id='word_1_152' title='bbox 1336 1088 1505 1139; x_wconf 84' lang='lat' dir='ltr'><strong>Sapienti</strong></span> <span class='ocrx_word' id='word_1_153' title='bbox 1528 1088 1605 1126; x_wconf 83' lang='lat' dir='ltr'><strong>sat!</strong></span> 
     </span>
     <span class='ocr_line' id='line_1_15' title="bbox 76 1154 1607 1205; baseline 0.001 -15"><span class='ocrx_word' id='word_1_154' title='bbox 76 1154 194 1200; x_wconf 50' lang='lat' dir='ltr'><strong>.Quid</strong></span> <span class='ocrx_word' id='word_1_155' title='bbox 226 1157 352 1193; x_wconf 79' lang='lat' dir='ltr'><strong>autem</strong></span> <span class='ocrx_word' id='word_1_156' title='bbox 378 1167 426 1193; x_wconf 86' lang='lat' dir='ltr'><strong>ex</strong></span> <span class='ocrx_word' id='word_1_157' title='bbox 454 1155 632 1194; x_wconf 81' lang='lat' dir='ltr'><strong>Caesaris</strong></span> <span class='ocrx_word' id='word_1_158' title='bbox 669 1154 861 1192; x_wconf 84' lang='lat' dir='ltr'><strong>mentione</strong></span> <span class='ocrx_word' id='word_1_159' title='bbox 891 1168 927 1193; x_wconf 78' lang='lat' dir='ltr'><strong>v·</strong></span> <span class='ocrx_word' id='word_1_160' title='bbox 962 1156 1027 1196; x_wconf 89' lang='lat'><strong>18.</strong></span> <span class='ocrx_word' id='word_1_161' title='bbox 1065 1156 1166 1194; x_wconf 83' lang='lat' dir='ltr'><strong>faeta</strong></span> <span class='ocrx_word' id='word_1_162' title='bbox 1195 1157 1234 1193; x_wconf 89' lang='lat' dir='ltr'><strong>iu</strong></span> <span class='ocrx_word' id='word_1_163' title='bbox 1267 1156 1349 1205; x_wconf 85' lang='lat' dir='ltr'><strong>ejus</strong></span> <span class='ocrx_word' id='word_1_164' title='bbox 1388 1155 1607 1193; x_wconf 83' lang='lat' dir='ltr'><strong>facultatem</strong></span> 
     </span>
     <span class='ocr_line' id='line_1_16' title="bbox 88 1221 1606 1275; baseline 0.001 -15"><span class='ocrx_word' id='word_1_165' title='bbox 88 1222 274 1274; x_wconf 74' lang='lat' dir='ltr'><strong>poeticam</strong></span> <span class='ocrx_word' id='word_1_166' title='bbox 298 1221 359 1260; x_wconf 81' lang='lat' dir='ltr'><strong>vel</strong></span> <span class='ocrx_word' id='word_1_167' title='bbox 381 1223 507 1274; x_wconf 88' lang='lat' dir='ltr'><strong>potius</strong></span> <span class='ocrx_word' id='word_1_168' title='bbox 534 1226 681 1260; x_wconf 88' lang='lat' dir='ltr'><strong>rectum</strong></span> <span class='ocrx_word' id='word_1_169' title='bbox 707 1234 753 1260; x_wconf 78' lang='lat' dir='ltr'><strong>ac</strong></span> <span class='ocrx_word' id='word_1_170' title='bbox 785 1221 925 1260; x_wconf 83' lang='lat' dir='ltr'><strong>subtile</strong></span> <span class='ocrx_word' id='word_1_171' title='bbox 951 1224 1001 1261; x_wconf 88' lang='lat' dir='ltr'><strong>de</strong></span> <span class='ocrx_word' id='word_1_172' title='bbox 1027 1223 1183 1262; x_wconf 79' lang='lat' dir='ltr'><strong>aliorum</strong></span> <span class='ocrx_word' id='word_1_173' title='bbox 1205 1228 1404 1275; x_wconf 87' lang='lat' dir='ltr'><strong>poetarum</strong></span> <span class='ocrx_word' id='word_1_174' title='bbox 1430 1223 1606 1275; x_wconf 85' lang='lat' dir='ltr'><strong>operibus</strong></span> 
     </span>
     <span class='ocr_line' id='line_1_17' title="bbox 84 1289 1606 1345; baseline 0.001 -17"><span class='ocrx_word' id='word_1_175' title='bbox 84 1289 265 1342; x_wconf 71' lang='lat' dir='ltr'><strong>iudicium</strong></span> <span class='ocrx_word' id='word_1_176' title='bbox 288 1290 496 1340; x_wconf 82' lang='lat' dir='ltr'><strong>redundet,</strong></span> <span class='ocrx_word' id='word_1_177' title='bbox 523 1290 709 1340; x_wconf 83' lang='lat' dir='ltr'><strong>significat</strong></span> <span class='ocrx_word' id='word_1_178' title='bbox 740 1289 992 1328; x_wconf 66' lang='lat' dir='ltr'><strong>Weichertus</strong></span> <span class='ocrx_word' id='word_1_179' title='bbox 1017 1293 1059 1330; x_wconf 90' lang='lat' dir='ltr'><strong>in</strong></span> <span class='ocrx_word' id='word_1_180' title='bbox 1083 1292 1301 1345; x_wconf 58' lang='lat' dir='ltr'><strong>„Imperat</strong></span> <span class='ocrx_word' id='word_1_181' title='bbox 1326 1292 1480 1330; x_wconf 85' lang='lat' dir='ltr'><strong>Caesar.</strong></span> <span class='ocrx_word' id='word_1_182' title='bbox 1509 1291 1606 1342; x_wconf 80' lang='lat' dir='ltr'><strong>Aug.</strong></span> 
     </span>
     <span class='ocr_line' id='line_1_18' title="bbox 82 1355 1065 1410; baseline 0.004 -16"><span class='ocrx_word' id='word_1_183' title='bbox 82 1357 315 1410; x_wconf 79' lang='lat' dir='ltr'><strong>&#39;scriptorum</strong></span> <span class='ocrx_word' id='word_1_184' title='bbox 338 1356 553 1409; x_wconf 60' lang='lat' dir='ltr'><strong>Reliquiis‘f</strong></span> <span class='ocrx_word' id='word_1_185' title='bbox 579 1355 750 1407; x_wconf 77' lang='lat' dir='ltr'><strong>(Gr-imae</strong></span> <span class='ocrx_word' id='word_1_186' title='bbox 778 1355 907 1408; x_wconf 85' lang='lat'>1841)</span> <span class='ocrx_word' id='word_1_187' title='bbox 934 1371 975 1410; x_wconf 88' lang='lat' dir='ltr'><strong>p.</strong></span> <span class='ocrx_word' id='word_1_188' title='bbox 997 1360 1065 1400; x_wconf 89' lang='grc'><strong>87.</strong></span> 
     </span>
    </p>
   </div>
   <div class='ocr_carea' id='block_1_3' title="bbox 90 1463 379 1471">
    <p class='ocr_par' dir='ltr' id='par_1_3' title="bbox 90 1463 379 1471">
     <span class='ocr_line' id='line_1_19' title="bbox 90 1463 379 1471; baseline 0 1667"><span class='ocrx_word' id='word_1_189' title='bbox 90 1463 379 1471; x_wconf 95' lang='lat' dir='ltr'><strong> </strong></span> 
     </span>
    </p>
   </div>
   <div class='ocr_carea' id='block_1_4' title="bbox 84 1525 1616 2258">
    <p class='ocr_par' dir='ltr' id='par_1_4' title="bbox 92 1525 1612 1687">
     <span class='ocr_line' id='line_1_20' title="bbox 200 1525 1610 1578; baseline 0.001 -15"><span class='ocrx_word' id='word_1_190' title='bbox 200 1525 243 1573; x_wconf 82' lang='grc'><strong>*)</strong></span> <span class='ocrx_word' id='word_1_191' title='bbox 269 1527 358 1563; x_wconf 83' lang='lat' dir='ltr'><strong>Dixi</strong></span> <span class='ocrx_word' id='word_1_192' title='bbox 383 1526 429 1562; x_wconf 82' lang='lat' dir='ltr'><strong>de</strong></span> <span class='ocrx_word' id='word_1_193' title='bbox 455 1526 522 1563; x_wconf 73' lang='lat' dir='ltr'><strong>hac</strong></span> <span class='ocrx_word' id='word_1_194' title='bbox 544 1539 589 1563; x_wconf 86' lang='lat' dir='ltr'><strong>re</strong></span> <span class='ocrx_word' id='word_1_195' title='bbox 612 1528 651 1563; x_wconf 86' lang='lat' dir='ltr'><strong>in</strong></span> <span class='ocrx_word' id='word_1_196' title='bbox 679 1528 869 1575; x_wconf 78' lang='lat' dir='ltr'><strong>seebodii,</strong></span> <span class='ocrx_word' id='word_1_197' title='bbox 900 1530 1095 1575; x_wconf 83' lang='lat' dir='ltr'><strong>‚,Archiv“</strong></span> <span class='ocrx_word' id='word_1_198' title='bbox 1115 1532 1220 1567; x_wconf 83' lang='lat'><strong>1833.</strong></span> <span class='ocrx_word' id='word_1_199' title='bbox 1237 1532 1295 1577; x_wconf 89' lang='lat'><strong>11,</strong></span> <span class='ocrx_word' id='word_1_200' title='bbox 1312 1529 1349 1566; x_wconf 83' lang='lat'><strong>4.</strong></span> <span class='ocrx_word' id='word_1_201' title='bbox 1372 1542 1410 1577; x_wconf 87' lang='lat' dir='ltr'><strong>p.</strong></span> <span class='ocrx_word' id='word_1_202' title='bbox 1429 1527 1499 1567; x_wconf 88' lang='grc'><strong>585</strong></span> <span class='ocrx_word' id='word_1_203' title='bbox 1516 1541 1610 1578; x_wconf 68' lang='lat' dir='ltr'><strong>sqq„</strong></span> 
     </span>
     <span class='ocr_line' id='line_1_21' title="bbox 92 1583 1612 1634; baseline 0.002 -15"><span class='ocrx_word' id='word_1_204' title='bbox 92 1584 139 1619; x_wconf 76' lang='lat' dir='ltr'><strong>de</strong></span> <span class='ocrx_word' id='word_1_205' title='bbox 154 1583 217 1618; x_wconf 87' lang='lat' dir='ltr'><strong>illo</strong></span> <span class='ocrx_word' id='word_1_206' title='bbox 235 1595 272 1618; x_wconf 78' lang='lat' dir='ltr'><strong>v,</strong></span> <span class='ocrx_word' id='word_1_207' title='bbox 284 1586 490 1631; x_wconf 69' lang='lat' dir='ltr'><strong>frangendi</strong></span> <span class='ocrx_word' id='word_1_208' title='bbox 512 1596 575 1620; x_wconf 75' lang='lat' dir='ltr'><strong>usu</strong></span> <span class='ocrx_word' id='word_1_209' title='bbox 600 1585 682 1619; x_wconf 83' lang='lat' dir='ltr'><strong>addi</strong></span> <span class='ocrx_word' id='word_1_210' title='bbox 710 1590 832 1632; x_wconf 75' lang='lat' dir='ltr'><strong>potest</strong></span> <span class='ocrx_word' id='word_1_211' title='bbox 856 1587 935 1623; x_wconf 89' lang='lat' dir='ltr'><strong>Cic.</strong></span> <span class='ocrx_word' id='word_1_212' title='bbox 961 1588 1006 1623; x_wconf 81' lang='lat' dir='ltr'><strong>de</strong></span> <span class='ocrx_word' id='word_1_213' title='bbox 1035 1590 1103 1625; x_wconf 88' lang='lat' dir='ltr'><strong>Or.</strong></span> <span class='ocrx_word' id='word_1_214' title='bbox 1122 1589 1166 1634; x_wconf 84' lang='lat'><strong>3,</strong></span> <span class='ocrx_word' id='word_1_215' title='bbox 1184 1591 1227 1634; x_wconf 85' lang='lat'><strong>2,</strong></span> <span class='ocrx_word' id='word_1_216' title='bbox 1244 1590 1280 1625; x_wconf 85' lang='grc'><strong>7.</strong></span> <span class='ocrx_word' id='word_1_217' title='bbox 1307 1588 1376 1633; x_wconf 79' lang='lat' dir='ltr'><strong>(ib.</strong></span> <span class='ocrx_word' id='word_1_218' title='bbox 1396 1588 1556 1624; x_wconf 78' lang='lat' dir='ltr'><strong>Ellendt.</strong></span> <span class='ocrx_word' id='word_1_219' title='bbox 1574 1587 1612 1622; x_wconf 90' lang='lat' dir='ltr'><strong>in</strong></span> 
     </span>
     <span class='ocr_line' id='line_1_22' title="bbox 94 1640 722 1687; baseline 0.002 -11"><span class='ocrx_word' id='word_1_220' title='bbox 94 1640 153 1676; x_wconf 75' lang='lat' dir='ltr'><strong>ed.</strong></span> <span class='ocrx_word' id='word_1_221' title='bbox 171 1640 273 1684; x_wconf 79' lang='lat' dir='ltr'><strong>min.)</strong></span> <span class='ocrx_word' id='word_1_222' title='bbox 282 1643 463 1687; x_wconf 74' lang='lat' dir='ltr'><strong>frangere</strong></span> <span class='ocrx_word' id='word_1_223' title='bbox 477 1641 722 1677; x_wconf 56' lang='lat' dir='ltr'><strong>content-‘ona</strong></span> 
     </span>
    </p>

    <p class='ocr_par' dir='ltr' id='par_1_5' title="bbox 84 1694 1616 2258">
     <span class='ocr_line' id='line_1_23' title="bbox 182 1694 1611 1748; baseline 0.006 -19"><span class='ocrx_word' id='word_1_224' title='bbox 182 1694 248 1740; x_wconf 86' lang='grc'><strong>**)</strong></span> <span class='ocrx_word' id='word_1_225' title='bbox 267 1696 354 1730; x_wconf 87' lang='lat' dir='ltr'><strong>Cum</strong></span> <span class='ocrx_word' id='word_1_226' title='bbox 372 1696 549 1743; x_wconf 78' lang='lat' dir='ltr'><strong>Rappolto</strong></span> <span class='ocrx_word' id='word_1_227' title='bbox 568 1698 655 1733; x_wconf 81' lang='lat' dir='ltr'><strong>facit</strong></span> <span class='ocrx_word' id='word_1_228' title='bbox 673 1701 818 1744; x_wconf 77' lang='lat' dir='ltr'><strong>praeter</strong></span> <span class='ocrx_word' id='word_1_229' title='bbox 836 1700 1023 1736; x_wconf 65' lang='lat' dir='ltr'><strong>Zur-chium</strong></span> <span class='ocrx_word' id='word_1_230' title='bbox 1042 1701 1323 1748; x_wconf 81' lang='lat' dir='ltr'><strong>elegantissimus</strong></span> <span class='ocrx_word' id='word_1_231' title='bbox 1342 1700 1464 1736; x_wconf 73' lang='lat' dir='ltr'><strong>Duru:</strong></span> <span class='ocrx_word' id='word_1_232' title='bbox 1489 1699 1611 1744; x_wconf 67' lang='lat' dir='ltr'><strong>„Pars</strong></span> 
     </span>
     <span class='ocr_line' id='line_1_24' title="bbox 96 1752 1612 1805; baseline 0.002 -18"><span class='ocrx_word' id='word_1_233' title='bbox 96 1755 154 1797; x_wconf 85' lang='lat' dir='ltr'><strong>et,</strong></span> <span class='ocrx_word' id='word_1_234' title='bbox 171 1752 281 1788; x_wconf 75' lang='lat' dir='ltr'><strong>fidele</strong></span> <span class='ocrx_word' id='word_1_235' title='bbox 301 1754 322 1787; x_wconf 68' lang='lat' dir='ltr'><strong>a</strong></span> <span class='ocrx_word' id='word_1_236' title='bbox 339 1764 419 1787; x_wconf 89' lang='lat' dir='ltr'><strong>mou</strong></span> <span class='ocrx_word' id='word_1_237' title='bbox 437 1753 630 1799; x_wconf 85' lang='lat' dir='ltr'><strong>intention,</strong></span> <span class='ocrx_word' id='word_1_238' title='bbox 650 1755 908 1801; x_wconf 65' lang='lat' dir='ltr'><strong>Depecbe-toi,</strong></span> <span class='ocrx_word' id='word_1_239' title='bbox 929 1770 973 1792; x_wconf 87' lang='lat' dir='ltr'><strong>ne</strong></span> <span class='ocrx_word' id='word_1_240' title='bbox 991 1759 1148 1794; x_wconf 85' lang='lat' dir='ltr'><strong>bronche</strong></span> <span class='ocrx_word' id='word_1_241' title='bbox 1166 1760 1268 1805; x_wconf 89' lang='lat' dir='ltr'><strong>point</strong></span> <span class='ocrx_word' id='word_1_242' title='bbox 1287 1771 1331 1793; x_wconf 90' lang='lat' dir='ltr'><strong>en</strong></span> <span class='ocrx_word' id='word_1_243' title='bbox 1349 1761 1471 1802; x_wconf 81' lang='lat' dir='ltr'><strong>route,</strong></span> <span class='ocrx_word' id='word_1_244' title='bbox 1497 1757 1550 1791; x_wconf 83' lang='lat' dir='ltr'><strong>Et</strong></span> <span class='ocrx_word' id='word_1_245' title='bbox 1567 1767 1612 1790; x_wconf 91' lang='lat' dir='ltr'><strong>ue</strong></span> 
     </span>
     <span class='ocr_line' id='line_1_25' title="bbox 94 1808 1614 1862; baseline 0.003 -20"><span class='ocrx_word' id='word_1_246' title='bbox 94 1819 144 1843; x_wconf 71' lang='lat' dir='ltr'><strong>va</strong></span> <span class='ocrx_word' id='word_1_247' title='bbox 159 1820 226 1855; x_wconf 76' lang='lat' dir='ltr'><strong>pas</strong></span> <span class='ocrx_word' id='word_1_248' title='bbox 244 1808 381 1844; x_wconf 81' lang='lat' dir='ltr'><strong>oublier</strong></span> <span class='ocrx_word' id='word_1_249' title='bbox 398 1813 437 1844; x_wconf 72' lang='lat' dir='ltr'><strong>ta</strong></span> <span class='ocrx_word' id='word_1_250' title='bbox 453 1809 597 1855; x_wconf 62' lang='lat' dir='ltr'><strong>leqonf‘</strong></span> <span class='ocrx_word' id='word_1_251' title='bbox 631 1812 853 1858; x_wconf 79' lang='lat' dir='ltr'><strong>Campenon:</strong></span> <span class='ocrx_word' id='word_1_252' title='bbox 880 1818 950 1858; x_wconf 67' lang='lat' dir='ltr'><strong>,&#39;‚ue</strong></span> <span class='ocrx_word' id='word_1_253' title='bbox 967 1816 1147 1851; x_wconf 84' lang='lat' dir='ltr'><strong>bronchez</strong></span> <span class='ocrx_word' id='word_1_254' title='bbox 1164 1828 1229 1862; x_wconf 85' lang='lat' dir='ltr'><strong>pas</strong></span> <span class='ocrx_word' id='word_1_255' title='bbox 1250 1828 1294 1850; x_wconf 87' lang='lat' dir='ltr'><strong>eu</strong></span> <span class='ocrx_word' id='word_1_256' title='bbox 1313 1820 1437 1858; x_wconf 82' lang='lat' dir='ltr'><strong>route,</strong></span> <span class='ocrx_word' id='word_1_257' title='bbox 1467 1817 1505 1848; x_wconf 88' lang='lat' dir='ltr'><strong>et</strong></span> <span class='ocrx_word' id='word_1_258' title='bbox 1521 1825 1614 1847; x_wconf 86' lang='lat' dir='ltr'><strong>rem-</strong></span> 
     </span>
     <span class='ocr_line' id='line_1_26' title="bbox 95 1864 1614 1918; baseline 0.003 -19"><span class='ocrx_word' id='word_1_259' title='bbox 95 1864 230 1912; x_wconf 74' lang='lat' dir='ltr'><strong>plissez</strong></span> <span class='ocrx_word' id='word_1_260' title='bbox 246 1876 321 1900; x_wconf 78' lang='lat' dir='ltr'><strong>mes</strong></span> <span class='ocrx_word' id='word_1_261' title='bbox 336 1866 530 1903; x_wconf 77' lang='lat' dir='ltr'><strong>intentioris</strong></span> <span class='ocrx_word' id='word_1_262' title='bbox 549 1879 630 1903; x_wconf 76' lang='lat' dir='ltr'><strong>sans</strong></span> <span class='ocrx_word' id='word_1_263' title='bbox 649 1867 727 1903; x_wconf 86' lang='lat' dir='ltr'><strong>rien</strong></span> <span class='ocrx_word' id='word_1_264' title='bbox 748 1870 924 1906; x_wconf 88' lang='lat' dir='ltr'><strong>oublier.“</strong></span> <span class='ocrx_word' id='word_1_265' title='bbox 956 1871 1128 1908; x_wconf 64' lang='lat' dir='ltr'><strong>Docet-ius</strong></span> <span class='ocrx_word' id='word_1_266' title='bbox 1139 1877 1177 1907; x_wconf 90' lang='lat' dir='ltr'><strong>et</strong></span> <span class='ocrx_word' id='word_1_267' title='bbox 1191 1874 1406 1908; x_wconf 74' lang='lat' dir='ltr'><strong>Sanadonus</strong></span> <span class='ocrx_word' id='word_1_268' title='bbox 1420 1880 1614 1918; x_wconf 77' lang='lat' dir='ltr'><strong>quanquam</strong></span> 
     </span>
     <span class='ocr_line' id='line_1_27' title="bbox 97 1919 1613 1975; baseline 0.003 -17"><span class='ocrx_word' id='word_1_269' title='bbox 97 1921 336 1969; x_wconf 67' lang='lat' dir='ltr'><strong>metaphoram</strong></span> <span class='ocrx_word' id='word_1_270' title='bbox 355 1933 391 1958; x_wconf 78' lang='lat' dir='ltr'><strong>v.</strong></span> <span class='ocrx_word' id='word_1_271' title='bbox 411 1925 446 1960; x_wconf 85' lang='lat'><strong>8.</strong></span> <span class='ocrx_word' id='word_1_272' title='bbox 466 1923 525 1959; x_wconf 86' lang='lat' dir='ltr'><strong>hic</strong></span> <span class='ocrx_word' id='word_1_273' title='bbox 542 1925 741 1961; x_wconf 85' lang='lat' dir='ltr'><strong>traductam</strong></span> <span class='ocrx_word' id='word_1_274' title='bbox 760 1919 935 1973; x_wconf 76' lang='lat' dir='ltr'><strong>sentiunt,</strong></span> <span class='ocrx_word' id='word_1_275' title='bbox 962 1933 1078 1964; x_wconf 88' lang='lat' dir='ltr'><strong>tamen</strong></span> <span class='ocrx_word' id='word_1_276' title='bbox 1105 1936 1269 1975; x_wconf 78' lang='lat' dir='ltr'><strong>vertunt,</strong></span> <span class='ocrx_word' id='word_1_277' title='bbox 1301 1931 1338 1964; x_wconf 85' lang='lat' dir='ltr'><strong>et</strong></span> <span class='ocrx_word' id='word_1_278' title='bbox 1355 1928 1431 1963; x_wconf 89' lang='lat' dir='ltr'><strong>ille:</strong></span> <span class='ocrx_word' id='word_1_279' title='bbox 1464 1927 1613 1972; x_wconf 80' lang='lat' dir='ltr'><strong>„Prens</strong></span> 
     </span>
     <span class='ocr_line' id='line_1_28' title="bbox 96 1978 1614 2032; baseline 0.003 -18"><span class='ocrx_word' id='word_1_280' title='bbox 96 1978 183 2015; x_wconf 78' lang='lat' dir='ltr'><strong>bien</strong></span> <span class='ocrx_word' id='word_1_281' title='bbox 200 1978 308 2024; x_wconf 82' lang='lat' dir='ltr'><strong>garde</strong></span> <span class='ocrx_word' id='word_1_282' title='bbox 326 1979 372 2014; x_wconf 79' lang='lat' dir='ltr'><strong>de</strong></span> <span class='ocrx_word' id='word_1_283' title='bbox 388 1991 433 2014; x_wconf 86' lang='lat' dir='ltr'><strong>ne</strong></span> <span class='ocrx_word' id='word_1_284' title='bbox 451 1992 515 2026; x_wconf 82' lang='lat' dir='ltr'><strong>pas</strong></span> <span class='ocrx_word' id='word_1_285' title='bbox 533 1981 724 2028; x_wconf 88' lang='lat' dir='ltr'><strong>broncher,</strong></span> <span class='ocrx_word' id='word_1_286' title='bbox 755 1993 793 2018; x_wconf 79' lang='lat' dir='ltr'><strong>et</strong></span> <span class='ocrx_word' id='word_1_287' title='bbox 811 1985 856 2018; x_wconf 88' lang='lat' dir='ltr'><strong>de</strong></span> <span class='ocrx_word' id='word_1_288' title='bbox 876 1997 921 2019; x_wconf 91' lang='lat' dir='ltr'><strong>ne</strong></span> <span class='ocrx_word' id='word_1_289' title='bbox 939 1997 1005 2031; x_wconf 80' lang='lat' dir='ltr'><strong>pas</strong></span> <span class='ocrx_word' id='word_1_290' title='bbox 1031 1999 1188 2032; x_wconf 70' lang='lat' dir='ltr'><strong>envoyer</strong></span> <span class='ocrx_word' id='word_1_291' title='bbox 1209 1989 1230 2022; x_wconf 69' lang='lat' dir='ltr'><strong>a</strong></span> <span class='ocrx_word' id='word_1_292' title='bbox 1247 1986 1423 2021; x_wconf 82' lang='lat' dir='ltr'><strong>vau-l&#39;eau</strong></span> <span class='ocrx_word' id='word_1_293' title='bbox 1440 1987 1521 2017; x_wconf 85' lang='lat' dir='ltr'><strong>tous</strong></span> <span class='ocrx_word' id='word_1_294' title='bbox 1542 1992 1614 2016; x_wconf 69' lang='lat' dir='ltr'><strong>mes</strong></span> 
     </span>
     <span class='ocr_line' id='line_1_29' title="bbox 99 2034 1614 2090; baseline 0.005 -20"><span class='ocrx_word' id='word_1_295' title='bbox 99 2036 284 2081; x_wconf 77' lang='lat' dir='ltr'><strong>ordres,“</strong></span> <span class='ocrx_word' id='word_1_296' title='bbox 302 2034 382 2071; x_wconf 64' lang='lat' dir='ltr'><strong>hic:</strong></span> <span class='ocrx_word' id='word_1_297' title='bbox 403 2038 579 2083; x_wconf 71' lang='lat' dir='ltr'><strong>,‚Part·}s,</strong></span> <span class='ocrx_word' id='word_1_298' title='bbox 600 2040 725 2074; x_wconf 84' lang='lat' dir='ltr'><strong>adieu:</strong></span> <span class='ocrx_word' id='word_1_299' title='bbox 743 2052 787 2075; x_wconf 91' lang='lat' dir='ltr'><strong>ne</strong></span> <span class='ocrx_word' id='word_1_300' title='bbox 805 2041 893 2075; x_wconf 76' lang='lat' dir='ltr'><strong>faite</strong></span> <span class='ocrx_word' id='word_1_301' title='bbox 908 2042 1014 2088; x_wconf 85' lang='lat' dir='ltr'><strong>point</strong></span> <span class='ocrx_word' id='word_1_302' title='bbox 1030 2044 1075 2078; x_wconf 87' lang='lat' dir='ltr'><strong>de</strong></span> <span class='ocrx_word' id='word_1_303' title='bbox 1092 2045 1177 2079; x_wconf 81' lang='lat' dir='ltr'><strong>faux</strong></span> <span class='ocrx_word' id='word_1_304' title='bbox 1196 2056 1280 2090; x_wconf 79' lang='lat' dir='ltr'><strong>paS‚</strong></span> <span class='ocrx_word' id='word_1_305' title='bbox 1301 2047 1338 2077; x_wconf 85' lang='lat' dir='ltr'><strong>et</strong></span> <span class='ocrx_word' id='word_1_306' title='bbox 1356 2042 1523 2076; x_wconf 62' lang='lat' dir='ltr'><strong>excentez</strong></span> <span class='ocrx_word' id='word_1_307' title='bbox 1541 2048 1614 2071; x_wconf 69' lang='lat' dir='ltr'><strong>mes</strong></span> 
     </span>
     <span class='ocr_line' id='line_1_30' title="bbox 97 2090 1613 2146; baseline 0.004 -20"><span class='ocrx_word' id='word_1_308' title='bbox 97 2090 290 2127; x_wconf 74' lang='lat' dir='ltr'><strong>intentioris</strong></span> <span class='ocrx_word' id='word_1_309' title='bbox 317 2093 363 2127; x_wconf 84' lang='lat' dir='ltr'><strong>de</strong></span> <span class='ocrx_word' id='word_1_310' title='bbox 386 2093 490 2139; x_wconf 83' lang='lat' dir='ltr'><strong>point</strong></span> <span class='ocrx_word' id='word_1_311' title='bbox 513 2106 556 2129; x_wconf 86' lang='lat' dir='ltr'><strong>en</strong></span> <span class='ocrx_word' id='word_1_312' title='bbox 584 2096 697 2142; x_wconf 87' lang='lat' dir='ltr'><strong>point.</strong></span> <span class='ocrx_word' id='word_1_313' title='bbox 707 2097 732 2116; x_wconf 89' lang='lat'><strong>“</strong></span> <span class='ocrx_word' id='word_1_314' title='bbox 774 2097 1024 2134; x_wconf 68' lang='lat' dir='ltr'><strong>Walckenoer:</strong></span> <span class='ocrx_word' id='word_1_315' title='bbox 1054 2100 1209 2145; x_wconf 85' lang='lat' dir='ltr'><strong>„adieu‚</strong></span> <span class='ocrx_word' id='word_1_316' title='bbox 1236 2112 1341 2146; x_wconf 86' lang='lat' dir='ltr'><strong>pars,</strong></span> <span class='ocrx_word' id='word_1_317' title='bbox 1371 2094 1551 2143; x_wconf 78' lang='lat' dir='ltr'><strong>garde-toi</strong></span> <span class='ocrx_word' id='word_1_318' title='bbox 1569 2093 1613 2127; x_wconf 78' lang='lat' dir='ltr'><strong>de</strong></span> 
     </span>
     <span class='ocr_line' id='line_1_31' title="bbox 84 2148 1616 2196; baseline 0.002 -13"><span class='ocrx_word' id='word_1_319' title='bbox 84 2148 298 2193; x_wconf 56' lang='lat' dir='ltr'><strong>bramber,</strong></span> <span class='ocrx_word' id='word_1_320' title='bbox 325 2153 363 2184; x_wconf 85' lang='lat' dir='ltr'><strong>et</strong></span> <span class='ocrx_word' id='word_1_321' title='bbox 379 2149 425 2185; x_wconf 81' lang='lat' dir='ltr'><strong>de</strong></span> <span class='ocrx_word' id='word_1_322' title='bbox 442 2152 588 2186; x_wconf 73' lang='lat' dir='ltr'><strong>fon-faire</strong></span> <span class='ocrx_word' id='word_1_323' title='bbox 609 2154 629 2187; x_wconf 66' lang='lat' dir='ltr'><strong>a</strong></span> <span class='ocrx_word' id='word_1_324' title='bbox 646 2157 703 2188; x_wconf 83' lang='lat' dir='ltr'><strong>tes</strong></span> <span class='ocrx_word' id='word_1_325' title='bbox 727 2153 972 2189; x_wconf 84' lang='lat' dir='ltr'><strong>instructions.</strong></span> <span class='ocrx_word' id='word_1_326' title='bbox 981 2156 1005 2176; x_wconf 87' lang='lat'>“</span> <span class='ocrx_word' id='word_1_327' title='bbox 1051 2157 1223 2193; x_wconf 84' lang='lat' dir='ltr'><strong>Similiter</strong></span> <span class='ocrx_word' id='word_1_328' title='bbox 1249 2157 1325 2191; x_wconf 85' lang='lat' dir='ltr'><strong>fere</strong></span> <span class='ocrx_word' id='word_1_329' title='bbox 1350 2155 1547 2196; x_wconf 79' lang='lat' dir='ltr'><strong>nostrates,</strong></span> <span class='ocrx_word' id='word_1_330' title='bbox 1576 2152 1616 2183; x_wconf 78' lang='lat' dir='ltr'><strong>ut</strong></span> 
     </span>
     <span class='ocr_line' id='line_1_32' title="bbox 94 2203 979 2258; baseline 0.007 -18"><span class='ocrx_word' id='word_1_331' title='bbox 94 2203 259 2242; x_wconf 60' lang='lat' dir='ltr'><strong>‘Vn-au:</strong></span> <span class='ocrx_word' id='word_1_332' title='bbox 277 2205 400 2252; x_wconf 80' lang='lat' dir='ltr'><strong>„noch</strong></span> <span class='ocrx_word' id='word_1_333' title='bbox 420 2209 585 2244; x_wconf 83' lang='lat' dir='ltr'><strong>zerbrich</strong></span> <span class='ocrx_word' id='word_1_334' title='bbox 599 2210 668 2245; x_wconf 87' lang='lat' dir='ltr'><strong>mir</strong></span> <span class='ocrx_word' id='word_1_335' title='bbox 689 2210 759 2246; x_wconf 85' lang='lat' dir='ltr'><strong>den</strong></span> <span class='ocrx_word' id='word_1_336' title='bbox 777 2210 979 2258; x_wconf 81' lang='lat' dir='ltr'><strong>Austrag.“</strong></span> 
     </span>
    </p>
   </div>
  </div>
 </body>
</html>
