<?xml version="1.0" encoding="UTF-8"?>
<!DOCTYPE html PUBLIC "-//W3C//DTD XHTML 1.0 Transitional//EN"
    "http://www.w3.org/TR/xhtml1/DTD/xhtml1-transitional.dtd">
<html xmlns="http://www.w3.org/1999/xhtml" xml:lang="en" lang="en">
 <head>
  <title>
</title>
<meta http-equiv="Content-Type" content="text/html;charset=utf-8" />
  <meta name='ocr-system' content='tesseract 3.04.00' />
  <meta name='ocr-capabilities' content='ocr_page ocr_carea ocr_par ocr_line ocrx_word'/>
</head>
<body>
  <div class='ocr_page' id='page_1' title='image "./epistolascomment02horauoft_0173.png"; bbox 0 0 1910 3138; ppageno 0'>
   <div class='ocr_carea' id='block_1_1' title="bbox 145 164 1271 209">
    <p class='ocr_par' dir='ltr' id='par_1_1' title="bbox 145 164 1271 209">
     <span class='ocr_line' id='line_1_1' title="bbox 145 164 1271 209; baseline -0.004 0"><span class='ocrx_word' id='word_1_1' title='bbox 145 167 171 209; x_wconf 83' lang='lat'>5</span> <span class='ocrx_word' id='word_1_2' title='bbox 585 164 727 205; x_wconf 76' lang='lat' dir='ltr'>LIBRI</span> <span class='ocrx_word' id='word_1_3' title='bbox 753 166 784 204; x_wconf 92' lang='lat'><strong>1.</strong></span> <span class='ocrx_word' id='word_1_4' title='bbox 835 164 1098 204; x_wconf 80' lang='lat' dir='ltr'><strong>EPISTOLA</strong></span> <span class='ocrx_word' id='word_1_5' title='bbox 1125 165 1226 205; x_wconf 82' lang='lat' dir='ltr'><strong>xm.</strong></span> <span class='ocrx_word' id='word_1_6' title='bbox 1267 185 1271 191; x_wconf 94' lang='lat'>·</span> 
     </span>
    </p>
   </div>
   <div class='ocr_carea' id='block_1_2' title="bbox 1589 163 1671 206">
    <p class='ocr_par' dir='ltr' id='par_1_2' title="bbox 1589 163 1671 206">
     <span class='ocr_line' id='line_1_2' title="bbox 1589 163 1671 206; baseline 0 -1"><span class='ocrx_word' id='word_1_7' title='bbox 1589 163 1671 206; x_wconf 85' lang='lat'><strong>165</strong></span> 
     </span>
    </p>
   </div>
   <div class='ocr_carea' id='block_1_3' title="bbox 214 289 1496 352">
    <p class='ocr_par' dir='ltr' id='par_1_3' title="bbox 214 289 1496 352">
     <span class='ocr_line' id='line_1_3' title="bbox 214 289 1496 352; baseline -0.004 -13"><span class='ocrx_word' id='word_1_8' title='bbox 214 291 364 352; x_wconf 71' lang='lat' dir='ltr'><strong><em>Vade,</em></strong></span> <span class='ocrx_word' id='word_1_9' title='bbox 397 292 523 351; x_wconf 83' lang='lat' dir='ltr'><strong>vale,</strong></span> <span class='ocrx_word' id='word_1_10' title='bbox 559 305 667 336; x_wconf 79' lang='lat' dir='ltr'><strong>eave</strong></span> <span class='ocrx_word' id='word_1_11' title='bbox 699 306 756 337; x_wconf 91' lang='lat' dir='ltr'><strong>ne</strong></span> <span class='ocrx_word' id='word_1_12' title='bbox 789 292 945 336; x_wconf 81' lang='lat' dir='ltr'><strong>titubes</strong></span> <span class='ocrx_word' id='word_1_13' title='bbox 980 290 1266 349; x_wconf 79' lang='lat' dir='ltr'><strong>mandataque</strong></span> <span class='ocrx_word' id='word_1_14' title='bbox 1297 289 1496 352; x_wconf 78' lang='lat' dir='ltr'><strong>frangas.</strong></span> 
     </span>
    </p>
   </div>
   <div class='ocr_carea' id='block_1_4' title="bbox 103 426 880 1659">
    <p class='ocr_par' dir='ltr' id='par_1_4' title="bbox 103 426 880 1659">
     <span class='ocr_line' id='line_1_4' title="bbox 139 426 878 471; baseline 0 -9"><span class='ocrx_word' id='word_1_15' title='bbox 139 427 235 471; x_wconf 71' lang='lat' dir='ltr'><strong>lunt,</strong></span> <span class='ocrx_word' id='word_1_16' title='bbox 256 430 296 461; x_wconf 79' lang='lat' dir='ltr'><strong>ut</strong></span> <span class='ocrx_word' id='word_1_17' title='bbox 313 427 460 462; x_wconf 71' lang='lat' dir='ltr'><strong>annotat</strong></span> <span class='ocrx_word' id='word_1_18' title='bbox 476 426 680 462; x_wconf 71' lang='lat' dir='ltr'><strong>Lambinus.</strong></span> <span class='ocrx_word' id='word_1_19' title='bbox 703 427 878 462; x_wconf 78' lang='lat' dir='ltr'><strong>Similiter</strong></span> 
     </span>
     <span class='ocr_line' id='line_1_5' title="bbox 138 482 878 530; baseline -0.001 -11"><span class='ocrx_word' id='word_1_20' title='bbox 138 482 303 519; x_wconf 72' lang='lat' dir='ltr'><strong>Bothiun</strong></span> <span class='ocrx_word' id='word_1_21' title='bbox 319 483 488 528; x_wconf 68' lang='lat' dir='ltr'><strong>emeris,</strong></span> <span class='ocrx_word' id='word_1_22' title='bbox 503 503 559 511; x_wconf 92' lang='lat'><strong>—-·</strong></span> <span class='ocrx_word' id='word_1_23' title='bbox 567 495 683 530; x_wconf 76' lang='lat' dir='ltr'><strong>prece,</strong></span> <span class='ocrx_word' id='word_1_24' title='bbox 697 495 736 519; x_wconf 84' lang='lat' dir='ltr'><strong>n.</strong></span> <span class='ocrx_word' id='word_1_25' title='bbox 748 488 878 530; x_wconf 78' lang='lat' dir='ltr'><strong>porro!</strong></span> 
     </span>
     <span class='ocr_line' id='line_1_6' title="bbox 103 539 879 586; baseline 0 -12"><span class='ocrx_word' id='word_1_26' title='bbox 103 542 107 545; x_wconf 88' lang='lat'>&#39;</span> <span class='ocrx_word' id='word_1_27' title='bbox 136 539 331 586; x_wconf 75' lang='lat' dir='ltr'><strong>pleniorem</strong></span> <span class='ocrx_word' id='word_1_28' title='bbox 349 539 614 579; x_wconf 67' lang='lat' dir='ltr'><strong>distinctionem</strong></span> <span class='ocrx_word' id='word_1_29' title='bbox 642 544 727 586; x_wconf 79' lang='lat' dir='ltr'><strong>post</strong></span> <span class='ocrx_word' id='word_1_30' title='bbox 750 542 879 576; x_wconf 71' lang='lat' dir='ltr'><strong><em>Gaesa-</em></strong></span> 
     </span>
     <span class='ocr_line' id='line_1_7' title="bbox 136 596 880 643; baseline -0.001 -11"><span class='ocrx_word' id='word_1_31' title='bbox 136 596 185 632; x_wconf 61' lang='grc' dir='ltr'><strong>πὶ</strong></span> <span class='ocrx_word' id='word_1_32' title='bbox 201 596 422 643; x_wconf 77' lang='lat' dir='ltr'>improbans,</span> <span class='ocrx_word' id='word_1_33' title='bbox 442 607 546 641; x_wconf 87' lang='lat' dir='ltr'><strong>quum</strong></span> <span class='ocrx_word' id='word_1_34' title='bbox 564 596 679 631; x_wconf 79' lang='lat' dir='ltr'><strong>oratio</strong></span> <span class='ocrx_word' id='word_1_35' title='bbox 699 598 880 643; x_wconf 81' lang='lat' dir='ltr'><strong>pertineat</strong></span> 
     </span>
     <span class='ocr_line' id='line_1_8' title="bbox 136 653 878 700; baseline -0.001 -12"><span class='ocrx_word' id='word_1_36' title='bbox 136 663 247 700; x_wconf 73' lang='lat' dir='ltr'><strong>usque</strong></span> <span class='ocrx_word' id='word_1_37' title='bbox 260 653 306 688; x_wconf 77' lang='lat' dir='ltr'><strong>ad</strong></span> <span class='ocrx_word' id='word_1_38' title='bbox 319 654 466 688; x_wconf 83' lang='lat' dir='ltr'><strong>verbum</strong></span> <span class='ocrx_word' id='word_1_39' title='bbox 479 665 600 700; x_wconf 81' lang='lat' dir='ltr'><strong>porro.</strong></span> <span class='ocrx_word' id='word_1_40' title='bbox 616 654 786 688; x_wconf 89' lang='lat' dir='ltr'><strong>Nonnulli</strong></span> <span class='ocrx_word' id='word_1_41' title='bbox 802 654 878 688; x_wconf 90' lang='lat' dir='ltr'><strong>edi-</strong></span> 
     </span>
     <span class='ocr_line' id='line_1_9' title="bbox 135 709 880 756; baseline 0 -12"><span class='ocrx_word' id='word_1_42' title='bbox 135 714 234 745; x_wconf 69' lang='lat' dir='ltr'><strong>tores</strong></span> <span class='ocrx_word' id='word_1_43' title='bbox 247 713 289 744; x_wconf 74' lang='lat' dir='ltr'><strong>ut</strong></span> <span class='ocrx_word' id='word_1_44' title='bbox 301 709 349 745; x_wconf 82' lang='lat' dir='ltr'><strong>H.</strong></span> <span class='ocrx_word' id='word_1_45' title='bbox 365 709 556 756; x_wconf 77' lang='lat' dir='ltr'><strong>Stephan.:</strong></span> <span class='ocrx_word' id='word_1_46' title='bbox 572 711 708 744; x_wconf 73' lang='lat' dir='ltr'><strong>morari</strong></span> <span class='ocrx_word' id='word_1_47' title='bbox 721 711 880 744; x_wconf 74' lang='lat' dir='ltr'><strong><em>Caesaris</em></strong></span> 
     </span>
     <span class='ocr_line' id='line_1_10' title="bbox 135 765 876 812; baseline 0 -12"><span class='ocrx_word' id='word_1_48' title='bbox 135 771 257 802; x_wconf 70' lang='lat' dir='ltr'><strong>oratus</strong></span> <span class='ocrx_word' id='word_1_49' title='bbox 271 770 341 802; x_wconf 76' lang='lat' dir='ltr'><strong>etc.</strong></span> <span class='ocrx_word' id='word_1_50' title='bbox 377 766 521 801; x_wconf 81' lang='lat' dir='ltr'><strong>diversa</strong></span> <span class='ocrx_word' id='word_1_51' title='bbox 548 766 655 812; x_wconf 82' lang='lat' dir='ltr'><strong>plane</strong></span> <span class='ocrx_word' id='word_1_52' title='bbox 686 765 876 801; x_wconf 81' lang='lat' dir='ltr'><strong>sententia.</strong></span> 
     </span>
     <span class='ocr_line' id='line_1_11' title="bbox 136 822 879 868; baseline 0.004 -12"><span class='ocrx_word' id='word_1_53' title='bbox 136 822 312 858; x_wconf 67' lang='lat' dir='ltr'><strong>Caenea-ie!</strong></span> <span class='ocrx_word' id='word_1_54' title='bbox 356 824 484 858; x_wconf 79' lang='lat' dir='ltr'><strong><em>Oratus</em></strong></span> <span class='ocrx_word' id='word_1_55' title='bbox 516 835 562 856; x_wconf 86' lang='lat' dir='ltr'><strong>m.</strong></span> <span class='ocrx_word' id='word_1_56' title='bbox 595 835 718 868; x_wconf 83' lang='lat' dir='ltr'><strong><em>prece,</em></strong></span> <span class='ocrx_word' id='word_1_57' title='bbox 751 825 879 859; x_wconf 80' lang='lat' dir='ltr'><strong>rudere</strong></span> 
     </span>
     <span class='ocr_line' id='line_1_12' title="bbox 133 878 875 924; baseline -0.003 -10"><span class='ocrx_word' id='word_1_58' title='bbox 133 883 262 924; x_wconf 77' lang='lat' dir='ltr'><strong>parce!</strong></span> <span class='ocrx_word' id='word_1_59' title='bbox 273 879 344 913; x_wconf 82' lang='lat' dir='ltr'><strong>Ed.</strong></span> <span class='ocrx_word' id='word_1_60' title='bbox 358 879 571 913; x_wconf 84' lang='lat' dir='ltr'><strong>Praedicov.</strong></span> <span class='ocrx_word' id='word_1_61' title='bbox 590 879 804 924; x_wconf 78' lang='lat' dir='ltr'><strong>Conjectura</strong></span> <span class='ocrx_word' id='word_1_62' title='bbox 822 878 875 912; x_wconf 90' lang='lat' dir='ltr'><strong>in-</strong></span> 
     </span>
     <span class='ocr_line' id='line_1_13' title="bbox 134 934 876 980; baseline 0.001 -11"><span class='ocrx_word' id='word_1_63' title='bbox 134 934 240 980; x_wconf 82' lang='lat' dir='ltr'><strong>genio</strong></span> <span class='ocrx_word' id='word_1_64' title='bbox 259 935 487 970; x_wconf 78' lang='lat' dir='ltr'><strong>Praedicovii</strong></span> <span class='ocrx_word' id='word_1_65' title='bbox 506 935 721 979; x_wconf 77' lang='lat' dir='ltr'><strong>dignissima.</strong></span> <span class='ocrx_word' id='word_1_66' title='bbox 742 955 800 961; x_wconf 89' lang='lat'><strong>—</strong></span> <span class='ocrx_word' id='word_1_67' title='bbox 823 936 876 970; x_wconf 72' lang='grc' dir='ltr'><strong>ηἰ-</strong></span> 
     </span>
     <span class='ocr_line' id='line_1_14' title="bbox 133 992 874 1037; baseline 0 -11"><span class='ocrx_word' id='word_1_68' title='bbox 133 997 228 1036; x_wconf 78' lang='lat' dir='ltr'><strong>tere,</strong></span> <span class='ocrx_word' id='word_1_69' title='bbox 259 1003 368 1037; x_wconf 82' lang='lat' dir='ltr'><strong>porro</strong></span> <span class='ocrx_word' id='word_1_70' title='bbox 405 992 502 1026; x_wconf 79' lang='lat' dir='ltr'><strong>Vade</strong></span> <span class='ocrx_word' id='word_1_71' title='bbox 526 995 595 1026; x_wconf 77' lang='lat' dir='ltr'><strong>etc.</strong></span> <span class='ocrx_word' id='word_1_72' title='bbox 635 992 706 1026; x_wconf 83' lang='lat' dir='ltr'><strong>Ed.</strong></span> <span class='ocrx_word' id='word_1_73' title='bbox 739 992 874 1037; x_wconf 66' lang='lat' dir='ltr'><strong>Bentl„</strong></span> 
     </span>
     <span class='ocr_line' id='line_1_15' title="bbox 134 1047 876 1094; baseline 0 -12"><span class='ocrx_word' id='word_1_74' title='bbox 134 1059 236 1094; x_wconf 89' lang='lat' dir='ltr'><strong>quem</strong></span> <span class='ocrx_word' id='word_1_75' title='bbox 253 1047 414 1094; x_wconf 83' lang='lat' dir='ltr'><strong>pleniore</strong></span> <span class='ocrx_word' id='word_1_76' title='bbox 431 1047 659 1082; x_wconf 81' lang='lat' dir='ltr'><strong>distinctione</strong></span> <span class='ocrx_word' id='word_1_77' title='bbox 681 1052 876 1094; x_wconf 77' lang='lat' dir='ltr'><strong>sequuntur</strong></span> 
     </span>
     <span class='ocr_line' id='line_1_16' title="bbox 134 1103 873 1140; baseline 0.001 -2"><span class='ocrx_word' id='word_1_78' title='bbox 134 1105 226 1139; x_wconf 89' lang='lat' dir='ltr'><strong>Cun.</strong></span> <span class='ocrx_word' id='word_1_79' title='bbox 257 1104 375 1139; x_wconf 82' lang='lat' dir='ltr'><strong>Merv.</strong></span> <span class='ocrx_word' id='word_1_80' title='bbox 407 1103 522 1138; x_wconf 78' lang='lat' dir='ltr'><strong>Phil.·</strong></span> <span class='ocrx_word' id='word_1_81' title='bbox 543 1104 676 1139; x_wconf 79' lang='lat' dir='ltr'><strong>Sandb.</strong></span> <span class='ocrx_word' id='word_1_82' title='bbox 710 1105 873 1140; x_wconf 76' lang='lat' dir='ltr'><strong>Francis.</strong></span> 
     </span>
     <span class='ocr_line' id='line_1_17' title="bbox 133 1159 873 1207; baseline 0.001 -12"><span class='ocrx_word' id='word_1_83' title='bbox 133 1159 240 1195; x_wconf 69' lang='lat' dir='ltr'><strong>Bask.</strong></span> <span class='ocrx_word' id='word_1_84' title='bbox 251 1159 400 1206; x_wconf 81' lang='lat' dir='ltr'><strong>Dorigh.</strong></span> <span class='ocrx_word' id='word_1_85' title='bbox 411 1160 621 1206; x_wconf 75' lang='lat' dir='ltr'><strong>Bentlejana</strong></span> <span class='ocrx_word' id='word_1_86' title='bbox 634 1161 873 1207; x_wconf 77' lang='lat' dir='ltr'><strong>interpunctio</strong></span> 
     </span>
     <span class='ocr_line' id='line_1_18' title="bbox 134 1211 874 1263; baseline 0.003 -12"><span class='ocrx_word' id='word_1_87' title='bbox 134 1216 272 1252; x_wconf 86' lang='lat' dir='ltr'><strong>Orellio</strong></span> <span class='ocrx_word' id='word_1_88' title='bbox 290 1229 396 1253; x_wconf 76' lang='lat' dir='ltr'><strong>eoeco</strong></span> <span class='ocrx_word' id='word_1_89' title='bbox 415 1228 500 1252; x_wconf 73' lang='lat' dir='ltr'><strong>casn</strong></span> <span class='ocrx_word' id='word_1_90' title='bbox 526 1218 622 1255; x_wconf 72' lang='lat' dir='ltr'><strong>facta</strong></span> <span class='ocrx_word' id='word_1_91' title='bbox 639 1211 803 1263; x_wconf 78' lang='lat' dir='ltr'><strong>videtur,</strong></span> <span class='ocrx_word' id='word_1_92' title='bbox 827 1219 874 1253; x_wconf 89' lang='lat' dir='ltr'><strong>de</strong></span> 
     </span>
     <span class='ocr_line' id='line_1_19' title="bbox 133 1273 874 1321; baseline 0.005 -14"><span class='ocrx_word' id='word_1_93' title='bbox 133 1283 204 1320; x_wconf 77' lang='lat' dir='ltr'><strong>qna</strong></span> <span class='ocrx_word' id='word_1_94' title='bbox 216 1285 258 1308; x_wconf 81' lang='lat' dir='ltr'><strong>re</strong></span> <span class='ocrx_word' id='word_1_95' title='bbox 272 1273 428 1309; x_wconf 83' lang='lat' dir='ltr'><strong>dubitari</strong></span> <span class='ocrx_word' id='word_1_96' title='bbox 440 1273 536 1318; x_wconf 84' lang='lat' dir='ltr'><strong>licet,</strong></span> <span class='ocrx_word' id='word_1_97' title='bbox 553 1285 748 1321; x_wconf 80' lang='lat' dir='ltr'><strong>quanquam</strong></span> <span class='ocrx_word' id='word_1_98' title='bbox 762 1276 874 1311; x_wconf 78' lang='lat' dir='ltr'><strong>Bent-</strong></span> 
     </span>
     <span class='ocr_line' id='line_1_20' title="bbox 132 1330 873 1379; baseline 0.004 -15"><span class='ocrx_word' id='word_1_99' title='bbox 132 1330 222 1376; x_wconf 72' lang='lat' dir='ltr'><strong>leJus</strong></span> <span class='ocrx_word' id='word_1_100' title='bbox 241 1341 378 1365; x_wconf 73' lang='lat' dir='ltr'><strong>causam</strong></span> <span class='ocrx_word' id='word_1_101' title='bbox 404 1342 474 1365; x_wconf 92' lang='lat' dir='ltr'><strong>non</strong></span> <span class='ocrx_word' id='word_1_102' title='bbox 501 1330 649 1366; x_wconf 80' lang='lat' dir='ltr'><strong>addidit.</strong></span> <span class='ocrx_word' id='word_1_103' title='bbox 680 1332 737 1366; x_wconf 84' lang='lat' dir='ltr'><strong>Ea</strong></span> <span class='ocrx_word' id='word_1_104' title='bbox 758 1344 873 1379; x_wconf 80' lang='lat' dir='ltr'><strong>nuper</strong></span> 
     </span>
     <span class='ocr_line' id='line_1_21' title="bbox 132 1387 872 1433; baseline 0.004 -12"><span class='ocrx_word' id='word_1_105' title='bbox 132 1387 331 1433; x_wconf 72' lang='lat' dir='ltr'><strong>approbata</strong></span> <span class='ocrx_word' id='word_1_106' title='bbox 348 1389 405 1422; x_wconf 83' lang='lat' dir='ltr'><strong>est</strong></span> <span class='ocrx_word' id='word_1_107' title='bbox 425 1399 447 1421; x_wconf 81' lang='lat' dir='ltr'><strong><em>a</em></strong></span> <span class='ocrx_word' id='word_1_108' title='bbox 465 1387 707 1432; x_wconf 75' lang='lat' dir='ltr'><strong>Lachmanno,</strong></span> <span class='ocrx_word' id='word_1_109' title='bbox 734 1389 779 1422; x_wconf 86' lang='lat' dir='ltr'><strong>V.</strong></span> <span class='ocrx_word' id='word_1_110' title='bbox 799 1389 872 1433; x_wconf 86' lang='lat' dir='ltr'><strong>c1.‚</strong></span> 
     </span>
     <span class='ocr_line' id='line_1_22' title="bbox 131 1443 869 1488; baseline 0.003 -11"><span class='ocrx_word' id='word_1_111' title='bbox 131 1443 170 1477; x_wconf 88' lang='lat' dir='ltr'><strong>in</strong></span> <span class='ocrx_word' id='word_1_112' title='bbox 192 1443 312 1488; x_wconf 61' lang='lat' dir='ltr'><strong>„Halh</strong></span> <span class='ocrx_word' id='word_1_113' title='bbox 335 1444 429 1488; x_wconf 81' lang='lat' dir='ltr'><strong>Aug.</strong></span> <span class='ocrx_word' id='word_1_114' title='bbox 454 1443 526 1478; x_wconf 83' lang='lat' dir='ltr'><strong>Lit.</strong></span> <span class='ocrx_word' id='word_1_115' title='bbox 542 1444 666 1478; x_wconf 81' lang='lat' dir='ltr'><strong>Zeit.“</strong></span> <span class='ocrx_word' id='word_1_116' title='bbox 690 1444 794 1480; x_wconf 86' lang='lat'><strong>1836.</strong></span> <span class='ocrx_word' id='word_1_117' title='bbox 820 1446 869 1479; x_wconf 88' lang='grc' dir='ltr'><strong>Ν.</strong></span> 
     </span>
     <span class='ocr_line' id='line_1_23' title="bbox 133 1499 870 1546; baseline 0.001 -12"><span class='ocrx_word' id='word_1_118' title='bbox 133 1501 212 1535; x_wconf 83' lang='grc'><strong>110.</strong></span> <span class='ocrx_word' id='word_1_119' title='bbox 247 1511 285 1546; x_wconf 88' lang='lat' dir='ltr'><strong>p.</strong></span> <span class='ocrx_word' id='word_1_120' title='bbox 317 1499 398 1536; x_wconf 89' lang='lat'><strong>259.</strong></span> <span class='ocrx_word' id='word_1_121' title='bbox 429 1504 536 1545; x_wconf 78' lang='lat' dir='ltr'><strong>atque</strong></span> <span class='ocrx_word' id='word_1_122' title='bbox 569 1512 590 1534; x_wconf 82' lang='lat' dir='ltr'><strong><em>a</em></strong></span> <span class='ocrx_word' id='word_1_123' title='bbox 623 1500 781 1535; x_wconf 89' lang='lat' dir='ltr'><strong>Webero</strong></span> <span class='ocrx_word' id='word_1_124' title='bbox 815 1501 870 1536; x_wconf 88' lang='lat' dir='ltr'><strong>in:</strong></span> 
     </span>
     <span class='ocr_line' id='line_1_24' title="bbox 130 1556 871 1602; baseline 0.003 -12"><span class='ocrx_word' id='word_1_125' title='bbox 130 1557 279 1602; x_wconf 73' lang='lat' dir='ltr'><strong>„Quint-</strong></span> <span class='ocrx_word' id='word_1_126' title='bbox 304 1556 433 1591; x_wconf 63' lang='grc' dir='ltr'><strong>Ποῖ-αἰ.</strong></span> <span class='ocrx_word' id='word_1_127' title='bbox 463 1556 617 1591; x_wconf 67' lang='lat' dir='ltr'><strong>Flamma</strong></span> <span class='ocrx_word' id='word_1_128' title='bbox 644 1557 699 1591; x_wconf 77' lang='lat' dir='ltr'><strong>als</strong></span> <span class='ocrx_word' id='word_1_129' title='bbox 724 1556 871 1592; x_wconf 74' lang='lat' dir='ltr'><strong>Menech</strong></span> 
     </span>
     <span class='ocr_line' id='line_1_25' title="bbox 132 1608 870 1659; baseline 0.003 -11"><span class='ocrx_word' id='word_1_130' title='bbox 132 1614 208 1648; x_wconf 73' lang='lat' dir='ltr'><strong>und</strong></span> <span class='ocrx_word' id='word_1_131' title='bbox 238 1608 426 1648; x_wconf 57' lang='lat' dir='ltr'><strong>Dichterf‘</strong></span> <span class='ocrx_word' id='word_1_132' title='bbox 465 1612 545 1648; x_wconf 88' lang='lat' dir='ltr'><strong>Jen.</strong></span> <span class='ocrx_word' id='word_1_133' title='bbox 583 1612 870 1659; x_wconf 74' lang='lat' dir='ltr'><strong>(Hochhausen)</strong></span> 
     </span>
    </p>
   </div>
   <div class='ocr_carea' id='block_1_5' title="bbox 914 423 1671 1604">
    <p class='ocr_par' dir='ltr' id='par_1_5' title="bbox 914 423 1671 1604">
     <span class='ocr_line' id='line_1_26' title="bbox 925 423 1671 473; baseline -0.003 -11"><span class='ocrx_word' id='word_1_134' title='bbox 925 423 1028 462; x_wconf 82' lang='lat'><strong>1844.</strong></span> <span class='ocrx_word' id='word_1_135' title='bbox 1041 438 1077 472; x_wconf 87' lang='lat' dir='ltr'><strong>p.</strong></span> <span class='ocrx_word' id='word_1_136' title='bbox 1090 425 1157 463; x_wconf 86' lang='lat'><strong>225</strong></span> <span class='ocrx_word' id='word_1_137' title='bbox 1165 437 1245 472; x_wconf 77' lang='lat' dir='ltr'><strong>sqq.</strong></span> <span class='ocrx_word' id='word_1_138' title='bbox 1257 429 1381 462; x_wconf 69' lang='lat' dir='ltr'><strong>contra</strong></span> <span class='ocrx_word' id='word_1_139' title='bbox 1390 427 1552 473; x_wconf 75' lang='lat' dir='ltr'><strong>disputat</strong></span> <span class='ocrx_word' id='word_1_140' title='bbox 1563 426 1671 461; x_wconf 88' lang='lat' dir='ltr'><strong>Orel-</strong></span> 
     </span>
     <span class='ocr_line' id='line_1_27' title="bbox 923 483 1668 529; baseline -0.001 -11"><span class='ocrx_word' id='word_1_141' title='bbox 923 483 1005 527; x_wconf 89' lang='lat' dir='ltr'><strong>lius‚</strong></span> <span class='ocrx_word' id='word_1_142' title='bbox 1027 494 1129 529; x_wconf 88' lang='lat' dir='ltr'><strong>quem</strong></span> <span class='ocrx_word' id='word_1_143' title='bbox 1142 483 1240 517; x_wconf 82' lang='lat' dir='ltr'><strong>vide.</strong></span> <span class='ocrx_word' id='word_1_144' title='bbox 1256 502 1312 509; x_wconf 90' lang='lat'><em>—</em></span> <span class='ocrx_word' id='word_1_145' title='bbox 1325 483 1372 518; x_wconf 86' lang='lat' dir='ltr'><strong>V.</strong></span> <span class='ocrx_word' id='word_1_146' title='bbox 1387 484 1443 520; x_wconf 89' lang='lat'><strong>19.</strong></span> <span class='ocrx_word' id='word_1_147' title='bbox 1469 483 1562 527; x_wconf 77' lang='lat' dir='ltr'><strong><em>Vive,</em></strong></span> <span class='ocrx_word' id='word_1_148' title='bbox 1577 484 1668 518; x_wconf 80' lang='lat' dir='ltr'><strong>vale.</strong></span> 
     </span>
     <span class='ocr_line' id='line_1_28' title="bbox 924 539 1667 584; baseline 0 -10"><span class='ocrx_word' id='word_1_149' title='bbox 924 540 1077 581; x_wconf 81' lang='lat' dir='ltr'><strong>Quidam</strong></span> <span class='ocrx_word' id='word_1_150' title='bbox 1095 539 1180 574; x_wconf 87' lang='lat' dir='ltr'><strong>libri</strong></span> <span class='ocrx_word' id='word_1_151' title='bbox 1198 544 1290 574; x_wconf 80' lang='lat' dir='ltr'><strong>vett.</strong></span> <span class='ocrx_word' id='word_1_152' title='bbox 1305 543 1400 574; x_wconf 74' lang='lat' dir='ltr'><strong>teste</strong></span> <span class='ocrx_word' id='word_1_153' title='bbox 1411 539 1593 584; x_wconf 75' lang='lat' dir='ltr'><strong>Lmbino,</strong></span> <span class='ocrx_word' id='word_1_154' title='bbox 1614 540 1667 575; x_wconf 81' lang='lat' dir='ltr'><strong>sic</strong></span> 
     </span>
     <span class='ocr_line' id='line_1_29' title="bbox 923 595 1666 642; baseline 0 -11"><span class='ocrx_word' id='word_1_155' title='bbox 923 602 961 631; x_wconf 84' lang='lat' dir='ltr'><strong>et</strong></span> <span class='ocrx_word' id='word_1_156' title='bbox 980 596 1060 632; x_wconf 84' lang='lat' dir='ltr'><strong>eod.</strong></span> <span class='ocrx_word' id='word_1_157' title='bbox 1079 595 1225 631; x_wconf 76' lang='lat' dir='ltr'><strong>Mentel.</strong></span> <span class='ocrx_word' id='word_1_158' title='bbox 1239 623 1250 641; x_wconf 91' lang='lat'>‚</span> <span class='ocrx_word' id='word_1_159' title='bbox 1283 596 1353 630; x_wconf 80' lang='lat' dir='ltr'><strong>nisi</strong></span> <span class='ocrx_word' id='word_1_160' title='bbox 1371 595 1593 642; x_wconf 78' lang='lat' dir='ltr'><strong>significatur</strong></span> <span class='ocrx_word' id='word_1_161' title='bbox 1611 597 1666 631; x_wconf 87' lang='lat' dir='ltr'><strong>ed.</strong></span> 
     </span>
     <span class='ocr_line' id='line_1_30' title="bbox 923 652 1665 697; baseline 0.003 -11"><span class='ocrx_word' id='word_1_162' title='bbox 923 653 1149 697; x_wconf 79' lang='lat' dir='ltr'><strong>Vnscosana,</strong></span> <span class='ocrx_word' id='word_1_163' title='bbox 1181 652 1301 687; x_wconf 76' lang='lat' dir='ltr'><strong>Guelf.</strong></span> <span class='ocrx_word' id='word_1_164' title='bbox 1323 654 1355 692; x_wconf 85' lang='lat'><strong>1.</strong></span> <span class='ocrx_word' id='word_1_165' title='bbox 1386 652 1485 688; x_wconf 88' lang='lat' dir='ltr'><strong>Mon.</strong></span> <span class='ocrx_word' id='word_1_166' title='bbox 1506 666 1540 689; x_wconf 85' lang='lat' dir='ltr'><strong>e.</strong></span> <span class='ocrx_word' id='word_1_167' title='bbox 1569 654 1665 688; x_wconf 81' lang='lat' dir='ltr'><strong>Edd.</strong></span> 
     </span>
     <span class='ocr_line' id='line_1_31' title="bbox 924 709 1667 745; baseline 0.001 -2"><span class='ocrx_word' id='word_1_168' title='bbox 924 709 1038 743; x_wconf 78' lang='lat' dir='ltr'><strong>Chab.</strong></span> <span class='ocrx_word' id='word_1_169' title='bbox 1073 710 1208 744; x_wconf 83' lang='lat' dir='ltr'><strong>Bersm.</strong></span> <span class='ocrx_word' id='word_1_170' title='bbox 1247 709 1361 744; x_wconf 79' lang='lat' dir='ltr'><strong>Vada.</strong></span> <span class='ocrx_word' id='word_1_171' title='bbox 1399 709 1469 744; x_wconf 75' lang='grc' dir='ltr'><strong>Με.</strong></span> <span class='ocrx_word' id='word_1_172' title='bbox 1502 710 1601 745; x_wconf 83' lang='grc' dir='ltr'><strong>Μοιι.</strong></span> <span class='ocrx_word' id='word_1_173' title='bbox 1640 711 1667 744; x_wconf 84' lang='lat' dir='ltr'><strong>f.</strong></span> 
     </span>
     <span class='ocr_line' id='line_1_32' title="bbox 928 765 1666 811; baseline 0.003 -12"><span class='ocrx_word' id='word_1_174' title='bbox 928 766 1046 810; x_wconf 79' lang='lat' dir='ltr'><strong><em>Vade,</em></strong></span> <span class='ocrx_word' id='word_1_175' title='bbox 1079 767 1189 811; x_wconf 79' lang='lat' dir='ltr'><strong><em>vade,</em></strong></span> <span class='ocrx_word' id='word_1_176' title='bbox 1226 778 1302 800; x_wconf 80' lang='lat' dir='ltr'><strong>cav.</strong></span> <span class='ocrx_word' id='word_1_177' title='bbox 1341 765 1413 800; x_wconf 86' lang='lat' dir='ltr'><strong>Ed.</strong></span> <span class='ocrx_word' id='word_1_178' title='bbox 1445 767 1490 801; x_wconf 89' lang='lat' dir='ltr'><strong>de</strong></span> <span class='ocrx_word' id='word_1_179' title='bbox 1523 765 1666 802; x_wconf 77' lang='lat' dir='ltr'><strong>Maron.</strong></span> 
     </span>
     <span class='ocr_line' id='line_1_33' title="bbox 929 819 1666 868; baseline 0.004 -13"><span class='ocrx_word' id='word_1_180' title='bbox 929 820 1032 866; x_wconf 83' lang='lat' dir='ltr'><strong><em>Vale,</em></strong></span> <span class='ocrx_word' id='word_1_181' title='bbox 1065 823 1156 856; x_wconf 82' lang='lat' dir='ltr'><strong>vale.</strong></span> <span class='ocrx_word' id='word_1_182' title='bbox 1195 822 1265 857; x_wconf 86' lang='lat' dir='ltr'><strong>Ed.</strong></span> <span class='ocrx_word' id='word_1_183' title='bbox 1298 822 1398 868; x_wconf 79' lang='lat' dir='ltr'><strong>Lips.</strong></span> <span class='ocrx_word' id='word_1_184' title='bbox 1426 819 1509 858; x_wconf 82' lang='lat'><strong>492.</strong></span> <span class='ocrx_word' id='word_1_185' title='bbox 1547 822 1666 858; x_wconf 80' lang='lat' dir='ltr'><strong>Merv.</strong></span> 
     </span>
     <span class='ocr_line' id='line_1_34' title="bbox 922 876 1667 924; baseline 0 -12"><span class='ocrx_word' id='word_1_186' title='bbox 922 877 999 923; x_wconf 86' lang='lat' dir='ltr'><strong>(hic</strong></span> <span class='ocrx_word' id='word_1_187' title='bbox 1018 876 1173 924; x_wconf 76' lang='lat' dir='ltr'><strong>quidem</strong></span> <span class='ocrx_word' id='word_1_188' title='bbox 1204 879 1326 913; x_wconf 77' lang='lat' dir='ltr'><strong>nitere.</strong></span> <span class='ocrx_word' id='word_1_189' title='bbox 1347 879 1458 914; x_wconf 85' lang='lat' dir='ltr'><strong>Porro</strong></span> <span class='ocrx_word' id='word_1_190' title='bbox 1482 879 1588 922; x_wconf 82' lang='lat' dir='ltr'><strong><em>Vale,</em></strong></span> <span class='ocrx_word' id='word_1_191' title='bbox 1614 879 1667 923; x_wconf 83' lang='lat' dir='ltr'><strong>v.)</strong></span> 
     </span>
     <span class='ocr_line' id='line_1_35' title="bbox 917 935 1666 981; baseline 0.001 -12"><span class='ocrx_word' id='word_1_192' title='bbox 917 952 974 962; x_wconf 86' lang='lat'><strong>·-·</strong></span> <span class='ocrx_word' id='word_1_193' title='bbox 993 936 1168 970; x_wconf 74' lang='lat' dir='ltr'><strong>mandata</strong></span> <span class='ocrx_word' id='word_1_194' title='bbox 1174 938 1349 981; x_wconf 77' lang='lat' dir='ltr'><strong>frangas.</strong></span> <span class='ocrx_word' id='word_1_195' title='bbox 1369 935 1468 970; x_wconf 85' lang='lat' dir='ltr'><strong>Mon.</strong></span> <span class='ocrx_word' id='word_1_196' title='bbox 1489 947 1521 970; x_wconf 87' lang='lat' dir='ltr'><strong>c.</strong></span> <span class='ocrx_word' id='word_1_197' title='bbox 1540 941 1666 970; x_wconf 74' lang='lat' dir='ltr'><strong>contra</strong></span> 
     </span>
     <span class='ocr_line' id='line_1_36' title="bbox 917 990 1669 1036; baseline 0 -10"><span class='ocrx_word' id='word_1_198' title='bbox 917 995 1077 1026; x_wconf 77' lang='lat' dir='ltr'><strong>metrum.</strong></span> <span class='ocrx_word' id='word_1_199' title='bbox 1099 990 1252 1026; x_wconf 79' lang='lat' dir='ltr'><strong>Brevem</strong></span> <span class='ocrx_word' id='word_1_200' title='bbox 1273 991 1443 1036; x_wconf 79' lang='lat' dir='ltr'><strong>syllabam</strong></span> <span class='ocrx_word' id='word_1_201' title='bbox 1465 993 1501 1027; x_wconf 90' lang='lat' dir='ltr'><strong>in</strong></span> <span class='ocrx_word' id='word_1_202' title='bbox 1521 1003 1558 1026; x_wconf 70' lang='lat' dir='ltr'><strong>V.</strong></span> <span class='ocrx_word' id='word_1_203' title='bbox 1578 992 1669 1026; x_wconf 66' lang='lat' dir='ltr'><strong>cao&amp;</strong></span> 
     </span>
     <span class='ocr_line' id='line_1_37' title="bbox 919 1047 1666 1095; baseline 0 -12"><span class='ocrx_word' id='word_1_204' title='bbox 919 1049 1090 1083; x_wconf 81' lang='lat' dir='ltr'><strong>observat</strong></span> <span class='ocrx_word' id='word_1_205' title='bbox 1119 1048 1240 1082; x_wconf 89' lang='lat' dir='ltr'><strong>Schol.</strong></span> <span class='ocrx_word' id='word_1_206' title='bbox 1275 1047 1387 1095; x_wconf 84' lang='lat' dir='ltr'><strong>Cruq.</strong></span> <span class='ocrx_word' id='word_1_207' title='bbox 1420 1049 1465 1083; x_wconf 84' lang='lat' dir='ltr'><strong>ad</strong></span> <span class='ocrx_word' id='word_1_208' title='bbox 1499 1048 1534 1083; x_wconf 82' lang='lat' dir='ltr'><strong>h.</strong></span> <span class='ocrx_word' id='word_1_209' title='bbox 1570 1049 1594 1083; x_wconf 89' lang='lat'><strong>1.</strong></span> <span class='ocrx_word' id='word_1_210' title='bbox 1628 1054 1666 1083; x_wconf 84' lang='lat' dir='ltr'><strong>et</strong></span> 
     </span>
     <span class='ocr_line' id='line_1_38' title="bbox 919 1103 1663 1152; baseline 0.001 -13"><span class='ocrx_word' id='word_1_211' title='bbox 919 1104 1038 1140; x_wconf 78' lang='lat' dir='ltr'><strong>Acron</strong></span> <span class='ocrx_word' id='word_1_212' title='bbox 1057 1103 1103 1138; x_wconf 81' lang='lat' dir='ltr'><strong>ad</strong></span> <span class='ocrx_word' id='word_1_213' title='bbox 1124 1104 1202 1138; x_wconf 77' lang='lat' dir='ltr'><strong>Sat.</strong></span> <span class='ocrx_word' id='word_1_214' title='bbox 1219 1106 1253 1148; x_wconf 86' lang='lat'><strong>2,</strong></span> <span class='ocrx_word' id='word_1_215' title='bbox 1273 1103 1308 1148; x_wconf 85' lang='lat'><strong>3,</strong></span> <span class='ocrx_word' id='word_1_216' title='bbox 1329 1105 1387 1140; x_wconf 89' lang='grc'><strong>38.</strong></span> <span class='ocrx_word' id='word_1_217' title='bbox 1407 1105 1496 1152; x_wconf 89' lang='lat' dir='ltr'><strong>ibiq.</strong></span> <span class='ocrx_word' id='word_1_218' title='bbox 1517 1104 1663 1150; x_wconf 69' lang='lat' dir='ltr'><strong>Heind„</strong></span> 
     </span>
     <span class='ocr_line' id='line_1_39' title="bbox 919 1160 1663 1206; baseline 0.003 -11"><span class='ocrx_word' id='word_1_219' title='bbox 919 1162 1014 1196; x_wconf 75' lang='lat' dir='ltr'><strong>conf.</strong></span> <span class='ocrx_word' id='word_1_220' title='bbox 1035 1160 1212 1194; x_wconf 67' lang='lat' dir='ltr'><strong>Loers‘ad</strong></span> <span class='ocrx_word' id='word_1_221' title='bbox 1231 1160 1340 1196; x_wconf 84' lang='lat' dir='ltr'><strong>Ovid.</strong></span> <span class='ocrx_word' id='word_1_222' title='bbox 1364 1161 1479 1196; x_wconf 79' lang='lat' dir='ltr'><strong>Trist.</strong></span> <span class='ocrx_word' id='word_1_223' title='bbox 1498 1163 1530 1206; x_wconf 90' lang='lat'><strong>1,</strong></span> <span class='ocrx_word' id='word_1_224' title='bbox 1553 1163 1587 1206; x_wconf 89' lang='lat'><strong>1,</strong></span> <span class='ocrx_word' id='word_1_225' title='bbox 1605 1161 1663 1198; x_wconf 87' lang='lat'><strong>25.</strong></span> 
     </span>
     <span class='ocr_line' id='line_1_40' title="bbox 920 1217 1659 1262; baseline -0.001 -9"><span class='ocrx_word' id='word_1_226' title='bbox 920 1219 967 1253; x_wconf 93' lang='grc' dir='ltr'><strong>Ο.</strong></span> <span class='ocrx_word' id='word_1_227' title='bbox 982 1217 1086 1252; x_wconf 84' lang='lat' dir='ltr'><strong>Jahn.</strong></span> <span class='ocrx_word' id='word_1_228' title='bbox 1104 1217 1149 1251; x_wconf 85' lang='lat' dir='ltr'><strong>ad</strong></span> <span class='ocrx_word' id='word_1_229' title='bbox 1162 1217 1262 1252; x_wconf 82' lang='lat' dir='ltr'><strong>Pers.</strong></span> <span class='ocrx_word' id='word_1_230' title='bbox 1280 1219 1313 1262; x_wconf 91' lang='lat'><strong>1,</strong></span> <span class='ocrx_word' id='word_1_231' title='bbox 1331 1219 1411 1254; x_wconf 87' lang='lat'><strong>108.</strong></span> <span class='ocrx_word' id='word_1_232' title='bbox 1431 1219 1532 1253; x_wconf 81' lang='lat' dir='ltr'><strong>Voss.</strong></span> <span class='ocrx_word' id='word_1_233' title='bbox 1548 1217 1659 1252; x_wconf 79' lang='lat' dir='ltr'><strong>Arist.</strong></span> 
     </span>
     <span class='ocr_line' id='line_1_41' title="bbox 916 1271 1660 1321; baseline 0 -12"><span class='ocrx_word' id='word_1_234' title='bbox 916 1276 946 1309; x_wconf 92' lang='lat' dir='ltr'><strong>I.</strong></span> <span class='ocrx_word' id='word_1_235' title='bbox 973 1286 1011 1320; x_wconf 91' lang='lat' dir='ltr'><strong>p.</strong></span> <span class='ocrx_word' id='word_1_236' title='bbox 1037 1274 1119 1308; x_wconf 87' lang='lat'><strong>209.</strong></span> <span class='ocrx_word' id='word_1_237' title='bbox 1148 1273 1291 1308; x_wconf 84' lang='lat' dir='ltr'><strong>Ramsh.</strong></span> <span class='ocrx_word' id='word_1_238' title='bbox 1319 1285 1373 1319; x_wconf 87' lang='lat' dir='ltr'><strong>gr.</strong></span> <span class='ocrx_word' id='word_1_239' title='bbox 1401 1274 1465 1310; x_wconf 84' lang='lat' dir='ltr'><strong>lat.</strong></span> <span class='ocrx_word' id='word_1_240' title='bbox 1492 1286 1530 1321; x_wconf 86' lang='lat' dir='ltr'><strong>p.</strong></span> <span class='ocrx_word' id='word_1_241' title='bbox 1556 1271 1660 1310; x_wconf 84' lang='lat'><strong>1043.</strong></span> 
     </span>
     <span class='ocr_line' id='line_1_42' title="bbox 916 1330 1661 1377; baseline 0.001 -12"><span class='ocrx_word' id='word_1_242' title='bbox 916 1330 1150 1376; x_wconf 78' lang='lat' dir='ltr'><strong>Dyssyflaha,</strong></span> <span class='ocrx_word' id='word_1_243' title='bbox 1185 1341 1275 1377; x_wconf 83' lang='lat' dir='ltr'><strong>quae</strong></span> <span class='ocrx_word' id='word_1_244' title='bbox 1303 1330 1458 1376; x_wconf 83' lang='lat' dir='ltr'><strong>priorem</strong></span> <span class='ocrx_word' id='word_1_245' title='bbox 1489 1331 1661 1377; x_wconf 83' lang='lat' dir='ltr'><strong>syllabem</strong></span> 
     </span>
     <span class='ocr_line' id='line_1_43' title="bbox 917 1387 1662 1434; baseline 0 -12"><span class='ocrx_word' id='word_1_246' title='bbox 917 1388 1049 1422; x_wconf 82' lang='lat' dir='ltr'><strong>habent</strong></span> <span class='ocrx_word' id='word_1_247' title='bbox 1061 1387 1207 1421; x_wconf 82' lang='lat' dir='ltr'><strong>brevem</strong></span> <span class='ocrx_word' id='word_1_248' title='bbox 1217 1414 1227 1431; x_wconf 93' lang='lat'><strong><em>,</em></strong></span> <span class='ocrx_word' id='word_1_249' title='bbox 1242 1387 1294 1421; x_wconf 87' lang='lat' dir='ltr'><strong>ita</strong></span> <span class='ocrx_word' id='word_1_250' title='bbox 1308 1389 1475 1434; x_wconf 72' lang='lat' dir='ltr'><strong>usurpari</strong></span> <span class='ocrx_word' id='word_1_251' title='bbox 1490 1389 1662 1423; x_wconf 80' lang='lat' dir='ltr'><strong>observat</strong></span> 
     </span>
     <span class='ocr_line' id='line_1_44' title="bbox 915 1442 1661 1491; baseline 0.001 -13"><span class='ocrx_word' id='word_1_252' title='bbox 915 1444 1066 1489; x_wconf 77' lang='lat' dir='ltr'><strong>Lingius</strong></span> <span class='ocrx_word' id='word_1_253' title='bbox 1080 1442 1116 1476; x_wconf 92' lang='lat' dir='ltr'><strong>in</strong></span> <span class='ocrx_word' id='word_1_254' title='bbox 1138 1445 1204 1487; x_wconf 80' lang='lat' dir='ltr'><strong>Qu.</strong></span> <span class='ocrx_word' id='word_1_255' title='bbox 1222 1444 1342 1478; x_wconf 73' lang='lat' dir='ltr'><strong>naut.</strong></span> <span class='ocrx_word' id='word_1_256' title='bbox 1357 1444 1415 1478; x_wconf 75' lang='lat' dir='ltr'><strong>lib.</strong></span> <span class='ocrx_word' id='word_1_257' title='bbox 1428 1446 1531 1491; x_wconf 78' lang='lat' dir='ltr'><strong>prim.</strong></span> <span class='ocrx_word' id='word_1_258' title='bbox 1550 1446 1661 1488; x_wconf 82' lang='lat' dir='ltr'><strong>(Vra-</strong></span> 
     </span>
     <span class='ocr_line' id='line_1_45' title="bbox 914 1499 1660 1546; baseline 0.003 -12"><span class='ocrx_word' id='word_1_259' title='bbox 914 1500 1035 1535; x_wconf 71' lang='lat' dir='ltr'><strong>tislav.</strong></span> <span class='ocrx_word' id='word_1_260' title='bbox 1057 1500 1167 1543; x_wconf 84' lang='lat'>1817)</span> <span class='ocrx_word' id='word_1_261' title='bbox 1187 1512 1224 1545; x_wconf 86' lang='lat' dir='ltr'><strong>p.</strong></span> <span class='ocrx_word' id='word_1_262' title='bbox 1244 1499 1291 1534; x_wconf 79' lang='lat'><strong>34</strong></span> <span class='ocrx_word' id='word_1_263' title='bbox 1303 1511 1358 1546; x_wconf 82' lang='lat' dir='ltr'><strong>sq.</strong></span> <span class='ocrx_word' id='word_1_264' title='bbox 1381 1501 1549 1536; x_wconf 83' lang='lat' dir='ltr'><strong>Ceterum</strong></span> <span class='ocrx_word' id='word_1_265' title='bbox 1568 1502 1660 1536; x_wconf 81' lang='lat' dir='ltr'><strong>hunc</strong></span> 
     </span>
     <span class='ocr_line' id='line_1_46' title="bbox 915 1555 1656 1604; baseline 0.004 -13"><span class='ocrx_word' id='word_1_266' title='bbox 915 1567 1056 1592; x_wconf 84' lang='lat' dir='ltr'><strong>versum</strong></span> <span class='ocrx_word' id='word_1_267' title='bbox 1078 1555 1198 1592; x_wconf 77' lang='lat' dir='ltr'><strong>laudat</strong></span> <span class='ocrx_word' id='word_1_268' title='bbox 1227 1557 1334 1592; x_wconf 81' lang='lat' dir='ltr'><strong>Serv.</strong></span> <span class='ocrx_word' id='word_1_269' title='bbox 1362 1557 1408 1592; x_wconf 84' lang='lat' dir='ltr'><strong>ad</strong></span> <span class='ocrx_word' id='word_1_270' title='bbox 1436 1558 1539 1604; x_wconf 83' lang='lat' dir='ltr'><strong>Virg.</strong></span> <span class='ocrx_word' id='word_1_271' title='bbox 1567 1557 1656 1594; x_wconf 78' lang='lat' dir='ltr'><strong>Aen.</strong></span> 
     </span>
    </p>
   </div>
   <div class='ocr_carea' id='block_1_6' title="bbox 913 1609 1058 1659">
    <p class='ocr_par' dir='ltr' id='par_1_6' title="bbox 913 1609 1058 1659">
     <span class='ocr_line' id='line_1_47' title="bbox 913 1609 1058 1659; baseline -0.007 -11"><span class='ocrx_word' id='word_1_272' title='bbox 913 1609 957 1659; x_wconf 80' lang='lat'><strong>4,</strong></span> <span class='ocrx_word' id='word_1_273' title='bbox 975 1611 1058 1650; x_wconf 81' lang='lat'><strong>409.</strong></span> 
     </span>
    </p>
   </div>
  </div>
 </body>
</html>
