1910 3138
336 223 419 265 242
477 217 752 262 COMMENT.
772 215 827 255 IN
845 215 968 255 HOR.
988 215 1086 256 Lm.
1106 217 1136 255 1.
1169 216 1337 259 EPIST:
1352 215 1544 263 *QUINr
1564 214 1743 257 unam.
1798 217 1854 260 82

338 351 482 389 tatione
508 347 678 399 profecta
709 342 880 391 videtur,
919 346 962 380 ut
989 354 1069 382 eam
1094 345 1306 384 tei-sissimo
1334 344 1476 383 Poetae
1512 343 1602 382 vitio
1636 343 1857 398 vertenqm

339 431 424 457 esse
454 426 644 464 nunquam
672 410 741 449 tibi
770 411 1014 462 persuadeas.
1647 406 1650 407 ⁷

451 493 681 531 ,Νιιηιοηὶιιε
712 492 820 530 Vala
846 492 996 530 idemne
1022 493 1094 543 sit,
1124 493 1188 545 qui
1215 506 1249 531 a.
1276 507 1312 532 11.
1342 494 1438 536 768.
1466 494 1614 545 legatus
1643 491 1748 530 Varii
1775 471 1857 530 fue-

338 566 410 612 rit,
441 561 626 600 dubitavit
654 561 744 598 Jac.
785 561 1032 610 Gronovius,
1073 561 1290 600 dubitarunt
1310 562 1405 613 alii,
1446 566 1490 601 ut
1517 562 1783 601 Burmannus
1809 561 1857 600 aa

340 630 436 670 vell.
464 630 612 668 Patere.
645 631 684 679 2,
717 631 811 671 119.
841 629 907 681 (11.
932 643 972 682 p.
996 629 1116 670 1198.
1147 631 1210 668 ed.
1238 630 1429 683 Ruhnk.)‚
1456 631 1528 671 hac
1543 632 1724 684 imprimis
1748 636 1862 669 causa

341 699 525 749 permoti,
565 699 669 747 quod
701 704 915 750 temporum
947 698 1046 735 ratio
1082 697 1184 735 illum
1218 697 1386 748 legatum
1412 705 1454 739 ut
1477 698 1666 752 'juniorem
1699 698 1861 738 evincat.

340 769 440 806 Rem
477 768 514 804 in
553 766 676 805 medio
717 767 894 818 relinquit
934 765 1190 813 Schmidius,
1237 779 1350 806 unum
1405 769 1638 819 eundemque
1674 768 1862 806 hominem

341 837 459 875 fuisse
486 839 639 887 praeter
665 835 759 873 alios
780 836 982 886 opinantur
1001 834 1148 880 Dara,
1185 833 1474 886 Charpentie&
1494 831 1771 875 ·Wd10kenaer
1796 833 1862 887 (Π.

340 920 381 958 p.
413 905 510 956 17.).
556 903 607 941 At
636 903 719 954 quis
759 906 842 952 est,
891 903 954 954 qui
992 902 1121 940 Valam
1157 904 1314 954 triginta
1353 896 1473 943 certe*
1494 902 1603 943 annis
1639 907 1731 956 post
1766 900 1864 941 hanc

343 973 556 1026 Epistolam
585 972 765 1023 scriptam
790 972 979 1023 stipendia
1007 971 1154 1009 demum
1179 968 1362 1010 meruisse
1391 970 1463 1011 sibi
1489 970 1748 1024 persuadeat?
1788 971 1866 1016 Qui

340 1044 384 1081 in
413 1042 531 1081 veteri
558 1041 713 1078 denario
742 1039 863 1077 Fulvii
889 1040 1019 1097 Ursini
1048 1043 1087 1077 et
1116 1039 1320 1078 Clementis
1350 1040 1545 1080 Tevenini·
1564 1039 1653 1093 (ap.
1669 1037 1802 1093 Lamb.
1829 1041 1870 1077 et

346 1110 483 1161 Cruq‚)
517 1109 561 1150 C.
588 1107 819 1145 Numenius
854 1107 988 1145 Vaala
1015 1108 1252 1158 nominatur,
1280 1108 1338 1147 vel
1364 1112 1494 1147 noster
1519 1109 1671 1147 videtur
1701 1117 1786 1146 esse
1808 1106 1869 1147 vel

347 1179 536 1230 antiquior
576 1181 615 1215 et
643 1176 753 1227 hujus
794 1176 920 1226 gentis
955 1179 1099 1215 auctor.
1168 1174 1281 1214 Aurei
1317 1181 1441 1215 autem
1477 1175 1710 1215 numismatis
1736 1179 1763 1214 θ’
1799 1174 1868 1214 5⁶²—

347 1258 444 1285 anne
479 1245 684 1294 Blanehio‚
727 1244 954 1282 Ariminensi
989 1245 1161 1294 medico,
1202 1243 1391 1282 Clementi
1423 1242 1525 1284 XIV.
1561 1244 1730 1296 pontifici
1768 1245 1870 1282 dono

348 1316 428 1354 dati
455 1314 684 1352 mentionem
708 1314 827 1365 injicit
852 1311 1109 1364 Dorighello,
1141 1312 1204 1362 qui
1228 1311 1320 1350 illud
1343 1312 1525 1351 numisma
1543 1315 1594 1351 'ex
1616 1313 1737 1351 altera
1761 1314 1873 1364 parte

347 1383 554 1422 Victoriam
592 1380 728 1419 alatam
742 1409 754 1431 ‚
792 1394 838 1420 ex
877 1381 995 1419 altera
1028 1384 1139 1431 parte
1174 1379 1327 1418 militem
1363 1384 1544 1420 armatum
1575 1393 1700 1420 arcem
1739 1382 1873 1418 contra

348 1451 511 1489 hostium
540 1449 722 1500 impetum
750 1449 1017 1487 defendentem
1045 1447 1185 1486 habere
1221 1450 1397 1488 testatur.
1410 1445 1454 1502 *)
1506 1447 1628 1489 Recte
1656 1447 1874 1499 Echlrelius

287 1529 297 1534 “
350 1518 415 1570 (V.
446 1532 484 1570 p.
514 1516 645 1569 263),
677 1518 739 1567 qui
764 1521 802 1555 et
829 1518 913 1568 ipse
943 1517 1038 1554 duos
1065 1528 1236 1554 nummos
1260 1517 1391 1554 eadem
1413 1517 1658 1570 inscriptione
1679 1515 1874 1565 describit,

352 1588 581 1638 scripturam
622 1586 661 1623 V
662 1585 761 1622 nala
797 1598 868 1636 pro
906 1584 1115 1623 archaismo
1126 1614 1139 1632 ‚
1176 1588 1219 1622 ut
1250 1583 1369 1622 Sulla
1397 1584 1531 1622 Feelzlz·
1540 1613 1557 1632 ,
1590 1585 1719 1624 habet.
1758 1583 1872 1622 Conf.

350 1655 490 1693 Rasch.
520 1652 616 1691 Lex.
654 1653 708 1691 rei
747 1665 847 1692 num.
877 1652 941 1690 III.
976 1654 1012 1692 1.
1043 1666 1081 1702 p.
1120 1652 1243 1694 1620.
1301 1653 1385 1692 Huc
1419 1653 1564 1692 accedit
1590 1653 1785 1704 inscriptio
1814 1663 1876 1704 ap.

354 1722 470 1760 Orell.
495 1721 621 1762 4931.
689 1720 733 1759 C.
759 1719 990 1757 Numonius
1033 1718 1138 1757 Vala
1162 1720 1201 1757 in
1228 1720 1356 1759 Nubia
1383 1719 1599 1774 repertayet
1626 1720 1686 1759 vel
1704 1719 1878 1772 Augusto

353 1791 560 1840 imperante
590 1803 629 1839 p.
656 1787 746 1826 Chr.
775 1791 852 1826 nat.
880 1790 917 1830 2.
947 1787 1007 1826 vel
1024 1787 1241 1827 Domitiano
1270 1801 1309 1840 p.
1330 1788 1420 1830 Chr.
1446 1771 1627 1831 net'87.
1651 1782 1878 1840 scripta,**)

353 1857 556 1894 Praeterea
584 1854 808 1892 Lambinus
836 1856 1118 1907 inscriptionem
1145 1857 1194 1894 ad
1220 1844 1263 1894 ¹0.
1287 1855 1539 1895 Numenium
1563 1855 1611 1896 V
1600 1855 1712 1895 alam
1734 1856 1772 1894 in
1797 1864 1879 1894 om-

355 1923 468 1962 nibus
506 1924 587 1960 fere
629 1923 740 1960 codd.
776 1937 867 1961 mss.
906 1927 945 1962 et
979 1925 1019 1961 111
1057 1924 1164 1962 Italia
1197 1928 1236 1963 et
1263 1925 1304 1962 in
1332 1924 1458 1963 Gallia
1483 1925 1646 1977 repertis
1669 1937 1713 1963 se
1738 1923 1880 1962 viffisse

356 1989 671 2030 luculentissimus
711 1992 819 2028 testis
859 1995 929 2030 est.
987 1990 1093 2028 Idem
1130 1992 1180 2029 de
1219 1986 1442 2041 cognomine
1473 1993 1626 2044 quidem
1666 1991 1796 2033 ratae
1831 1991 1880 2030 de

359 2061 436 2099 suis
467 2062 631 2097 testatur
666 2059 903 2095 Torrentius.
936 2058 988 2096 L.
1019 2072 1169 2110 quoque
1194 2059 1352 2096 ,Durius
1385 2059 1492 2098 Vale
1517 2062 1696 2117 medicus&
1711 2074 1735 2100 a
1758 2058 1883 2099 Plinio

360 2130 399 2166 in
418 2128 519 2167 Hist.
547 2126 638 2165 Nat.
669 2127 716 2175 7,
747 2126 814 2166 53.
844 2125 992 2175 (Valla
1016 2126 1054 2162 in
1084 2127 1145 2163 ed.
1171 2126 1260 2164 Bas.
1292 2126 1432 2178 1525.)
1461 2119 1708 2184 memoratur.
1747 2141 1822 2179 quo
1843 2127 1884 2165 in

360 2197 468 2246 loco,
496 2194 673 2246 quoniam
699 2192 785 2230 libri
811 2206 899 2231 mss.
935 2193 1119 2230 Tae-tium
1142 2193 1302 2242 habent,
1339 2194 1564 2233 Torrentius
1586 2196 1727 2235 Tunius
1750 2194 1883 2244 legen-

362 2266 451 2302 dum
479 2266 621 2302 censet.
677 2261 784 2299 Idem
811 2261 859 2299 de
883 2261 1029 2311 origine
1056 2264 1095 2298 et
1122 2261 1284 2298 nominis
1314 2265 1353 2299 et
1381 2263 1614 2312 cognominis
1636 2262 1790 2302 erudite
1804 2262 1885 2300 dis·-

364 2335 494 2383 putat,
532 2342 691 2381 quocum
715 2329 762 2367 cf.
790 2328 900 2368 Voss.
930 2331 969 2366 et
1002 2328 1124 2366 Kritz.
1163 2329 1212 2366 ad
1240 2327 1334 2366 Vell.
1364 2327 1511 2370 Patere.
1543 2329 1568 2369 l.
1602 2331 1627 2369 l.
1657 2333 1696 2369 et
1717 2329 1885 2368 visconti

366 2400 571 2449 „Iconogn
608 2396 749 2436 Rom-‘⁶
783 2395 814 2433 1.
849 2409 888 2447 p.
930 2392 984 2435 64
1013 2408 1070 2445 sq.
1099 2397 1130 2445 §.
1166 2397 1205 2436 8.
1237 2394 1386 2445 (Milan.
1422 2396 1565 2449 1818.)
1618 2397 1763 2437 Ex.his
1791 2397 1884 2449 ipsis

481 2572 518 2616 *)
540 2571 745 2615 Cognomen
762 2569 875 2615 igitur
895 2581 917 2604 a
934 2581 975 2604 re
993 2569 1139 2604 militari
1158 2569 1281 2603 eodem
1298 2569 1400 2605 modo
1420 2569 1542 2615 duxit,
1561 2581 1630 2616 quo
1650 2569 1814 2605 Pontiam
1833 2567 1887 2604 1²5-

370 2630 482 2663 latum
502 2638 601 2662 suum
619 2627 804 2673 accepisse
824 2626 1026 2673 opinantur.

459 2693 515 2739 **)
537 2694 696 2729 Eandem
723 2694 833 2728 inser.
861 2698 989 2739 utpote
1013 2693 1120 2728 Philia
1147 2698 1329 2739 repertam
1355 2693 1568 2740 explicavit,
1595 2698 1636 2729 ut
1654 2702 1744 2728 nunc
1764 2691 1886 2736 video,

372 2752 550 2786 Letronne
570 2751 606 2785 in
623 2751 796 2795 „Journal
811 2751 874 2786 des
890 2751 1056 2785 Savants.
1076 2749 1197 2785 Annee
1213 2748 1318 2786 1843.
1340 2752 1450 2786 Juin“
1469 2763 1506 2797 p.
1521 2751 1592 2786 320
1602 2760 1694 2796 sqq„
1712 2748 1776 2783 uod
1796 2759 1888 2794 quse

371 2808 442 2840 viri
462 2808 556 2842 illius
585 2808 781 2842 doctissimi
805 2807 850 2841 de
877 2808 946 2842 hoc
970 2806 1110 2842 homine
1132 2808 1310 2843 sententia
1329 2808 1398 2852 sit,
1426 2819 1478 2842 me
1497 2806 1602 2842 hodie
1619 2805 1806 2851 praeterit,
1847 2804 1887 2838 Si

374 2863 462 2895 haec
480 2864 667 2909 inscriptio
695 2876 824 2899 revera
841 2865 879 2898 in
897 2864 1052 2910 priorem
1067 2863 1163 2900 illum
1182 2876 1308 2901 annum
1326 2864 1514 2900 referenda
1533 2866 1607 2907 eut,
1634 2861 1670 2897 in
1694 2871 1736 2896 ea
1757 2860 1888 2897 Num-

375 2918 471 2953 ·nium
490 2920 723 2956 Horatianum
741 2921 827 2956 mihi
845 2921 971 2957 videor
991 2921 1128 2957 videre.
