<?xml version="1.0" encoding="UTF-8"?>
<!DOCTYPE html PUBLIC "-//W3C//DTD XHTML 1.0 Transitional//EN"
    "http://www.w3.org/TR/xhtml1/DTD/xhtml1-transitional.dtd">
<html xmlns="http://www.w3.org/1999/xhtml" xml:lang="en" lang="en">
 <head>
  <title>
</title>
<meta http-equiv="Content-Type" content="text/html;charset=utf-8" />
  <meta name='ocr-system' content='tesseract 3.04.00' />
  <meta name='ocr-capabilities' content='ocr_page ocr_carea ocr_par ocr_line ocrx_word'/>
</head>
<body>
  <div class='ocr_page' id='page_1' title='image "./epistolascomment02horauoft_0530.png"; bbox 0 0 1910 3138; ppageno 0'>
   <div class='ocr_carea' id='block_1_1' title="bbox 241 200 1775 253">
    <p class='ocr_par' dir='ltr' id='par_1_1' title="bbox 241 200 1775 253">
     <span class='ocr_line' id='line_1_1' title="bbox 241 200 1775 253; baseline 0.003 -7"><span class='ocrx_word' id='word_1_1' title='bbox 241 200 324 246; x_wconf 80' lang='lat'><strong>522</strong></span> <span class='ocrx_word' id='word_1_2' title='bbox 376 206 656 247; x_wconf 87' lang='lat' dir='ltr'><strong>COMMENT.</strong></span> <span class='ocrx_word' id='word_1_3' title='bbox 675 207 732 246; x_wconf 89' lang='lat' dir='ltr'><strong>IN</strong></span> <span class='ocrx_word' id='word_1_4' title='bbox 751 206 878 247; x_wconf 84' lang='lat' dir='ltr'><strong>HOR.</strong></span> <span class='ocrx_word' id='word_1_5' title='bbox 899 206 998 247; x_wconf 80' lang='lat' dir='ltr'><strong>Lm.</strong></span> <span class='ocrx_word' id='word_1_6' title='bbox 1022 208 1051 250; x_wconf 92' lang='lat'><strong>1.</strong></span> <span class='ocrx_word' id='word_1_7' title='bbox 1083 209 1245 249; x_wconf 87' lang='lat' dir='ltr'><strong>EPIST.</strong></span> <span class='ocrx_word' id='word_1_8' title='bbox 1264 209 1636 250; x_wconf 82' lang='lat' dir='ltr'><strong>UNDEVICESIM.</strong></span> <span class='ocrx_word' id='word_1_9' title='bbox 1692 209 1775 253; x_wconf 74' lang='lat'><strong>174</strong></span> 
     </span>
    </p>
   </div>
   <div class='ocr_carea' id='block_1_2' title="bbox 236 318 1779 2282">
    <p class='ocr_par' dir='ltr' id='par_1_2' title="bbox 236 318 1779 2282">
     <span class='ocr_line' id='line_1_2' title="bbox 351 318 1775 370; baseline 0.004 -13"><span class='ocrx_word' id='word_1_10' title='bbox 351 321 399 359; x_wconf 89' lang='lat' dir='ltr'><strong>V.</strong></span> <span class='ocrx_word' id='word_1_11' title='bbox 429 318 481 361; x_wconf 83' lang='lat'><strong>41</strong></span> <span class='ocrx_word' id='word_1_12' title='bbox 510 333 597 370; x_wconf 87' lang='lat' dir='ltr'>sqq.</span> <span class='ocrx_word' id='word_1_13' title='bbox 648 321 764 358; x_wconf 83' lang='lat' dir='ltr'><strong>Hinc</strong></span> <span class='ocrx_word' id='word_1_14' title='bbox 800 320 898 358; x_wconf 86' lang='lat' dir='ltr'><strong>illae</strong></span> <span class='ocrx_word' id='word_1_15' title='bbox 934 321 1152 360; x_wconf 78' lang='lat' dir='ltr'><em>lacrimae!</em></span> <span class='ocrx_word' id='word_1_16' title='bbox 1210 323 1336 368; x_wconf 80' lang='lat' dir='ltr'><strong>Quum</strong></span> <span class='ocrx_word' id='word_1_17' title='bbox 1373 322 1495 363; x_wconf 76' lang='lat' dir='ltr'><strong>Poeta</strong></span> <span class='ocrx_word' id='word_1_18' title='bbox 1535 325 1606 363; x_wconf 87' lang='lat' dir='ltr'><strong>nisi</strong></span> <span class='ocrx_word' id='word_1_19' title='bbox 1637 324 1775 363; x_wconf 80' lang='lat' dir='ltr'><strong>amicis</strong></span> 
     </span>
     <span class='ocr_line' id='line_1_3' title="bbox 239 386 1776 442; baseline 0.003 -16"><span class='ocrx_word' id='word_1_20' title='bbox 239 388 504 440; x_wconf 76' lang='lat' dir='ltr'>propioribus,</span> <span class='ocrx_word' id='word_1_21' title='bbox 542 386 743 426; x_wconf 79' lang='lat' dir='ltr'><strong>nobilibus</strong></span> <span class='ocrx_word' id='word_1_22' title='bbox 779 388 852 428; x_wconf 86' lang='lat' dir='ltr'><strong>illis</strong></span> <span class='ocrx_word' id='word_1_23' title='bbox 889 390 1172 442; x_wconf 78' lang='lat' dir='ltr'><strong>scriptoribus,</strong></span> <span class='ocrx_word' id='word_1_24' title='bbox 1209 392 1350 442; x_wconf 87' lang='lat' dir='ltr'><strong>scripta</strong></span> <span class='ocrx_word' id='word_1_25' title='bbox 1382 404 1452 430; x_wconf 77' lang='lat' dir='ltr'><strong>sua</strong></span> <span class='ocrx_word' id='word_1_26' title='bbox 1484 405 1563 431; x_wconf 89' lang='lat' dir='ltr'><strong>non</strong></span> <span class='ocrx_word' id='word_1_27' title='bbox 1597 393 1776 431; x_wconf 73' lang='lat' dir='ltr'><strong>recitaret</strong></span> 
     </span>
     <span class='ocr_line' id='line_1_4' title="bbox 239 455 1775 511; baseline 0.004 -19"><span class='ocrx_word' id='word_1_28' title='bbox 239 455 465 508; x_wconf 89' lang='lat' dir='ltr'><strong>publicaque</strong></span> <span class='ocrx_word' id='word_1_29' title='bbox 490 457 599 506; x_wconf 90' lang='lat' dir='ltr'><strong>quasi</strong></span> <span class='ocrx_word' id='word_1_30' title='bbox 627 458 864 496; x_wconf 83' lang='lat' dir='ltr'><strong>recitantium</strong></span> <span class='ocrx_word' id='word_1_31' title='bbox 892 456 1102 508; x_wconf 83' lang='lat' dir='ltr'><strong>auditoria,</strong></span> <span class='ocrx_word' id='word_1_32' title='bbox 1135 472 1233 511; x_wconf 91' lang='lat' dir='ltr'><strong>quae</strong></span> <span class='ocrx_word' id='word_1_33' title='bbox 1266 460 1375 498; x_wconf 88' lang='lat' dir='ltr'><strong>facile</strong></span> <span class='ocrx_word' id='word_1_34' title='bbox 1402 460 1522 499; x_wconf 84' lang='lat' dir='ltr'><strong>libros</strong></span> <span class='ocrx_word' id='word_1_35' title='bbox 1549 461 1719 499; x_wconf 87' lang='lat' dir='ltr'><strong>edendos</strong></span> <span class='ocrx_word' id='word_1_36' title='bbox 1735 459 1775 510; x_wconf 89' lang='lat'><strong>*)</strong></span> 
     </span>
     <span class='ocr_line' id='line_1_5' title="bbox 240 523 1777 578; baseline 0.003 -18"><span class='ocrx_word' id='word_1_37' title='bbox 240 525 278 561; x_wconf 90' lang='lat' dir='ltr'><strong>in</strong></span> <span class='ocrx_word' id='word_1_38' title='bbox 305 523 438 574; x_wconf 86' lang='lat' dir='ltr'><strong>vulgus</strong></span> <span class='ocrx_word' id='word_1_39' title='bbox 469 526 793 571; x_wconf 85' lang='lat' dir='ltr'><strong>commendarent,</strong></span> <span class='ocrx_word' id='word_1_40' title='bbox 831 530 897 564; x_wconf 89' lang='lat' dir='ltr'><strong>aut</strong></span> <span class='ocrx_word' id='word_1_41' title='bbox 922 540 1054 578; x_wconf 87' lang='lat' dir='ltr'><strong>parum</strong></span> <span class='ocrx_word' id='word_1_42' title='bbox 1083 531 1148 566; x_wconf 91' lang='lat' dir='ltr'><strong>aut</strong></span> <span class='ocrx_word' id='word_1_43' title='bbox 1177 526 1268 565; x_wconf 88' lang='lat' dir='ltr'><strong>nihil</strong></span> <span class='ocrx_word' id='word_1_44' title='bbox 1297 532 1464 578; x_wconf 78' lang='lat' dir='ltr'><strong>curaret,</strong></span> <span class='ocrx_word' id='word_1_45' title='bbox 1491 528 1572 567; x_wconf 77' lang='lat' dir='ltr'><strong>fieri</strong></span> <span class='ocrx_word' id='word_1_46' title='bbox 1600 540 1680 566; x_wconf 84' lang='lat' dir='ltr'><strong>nou</strong></span> <span class='ocrx_word' id='word_1_47' title='bbox 1705 540 1777 578; x_wconf 90' lang='lat' dir='ltr'><strong>po·</strong></span> 
     </span>
     <span class='ocr_line' id='line_1_6' title="bbox 239 591 1776 647; baseline 0.001 -18"><span class='ocrx_word' id='word_1_48' title='bbox 239 591 332 640; x_wconf 90' lang='lat' dir='ltr'><strong>tuit,</strong></span> <span class='ocrx_word' id='word_1_49' title='bbox 363 592 450 641; x_wconf 89' lang='lat' dir='ltr'><strong>quin</strong></span> <span class='ocrx_word' id='word_1_50' title='bbox 482 593 583 642; x_wconf 87' lang='lat' dir='ltr'><strong>apud</strong></span> <span class='ocrx_word' id='word_1_51' title='bbox 612 593 792 644; x_wconf 89' lang='lat' dir='ltr'><strong>populum</strong></span> <span class='ocrx_word' id='word_1_52' title='bbox 822 594 1013 634; x_wconf 90' lang='lat' dir='ltr'><strong>literatum</strong></span> <span class='ocrx_word' id='word_1_53' title='bbox 1041 595 1079 633; x_wconf 90' lang='lat' dir='ltr'><strong>in</strong></span> <span class='ocrx_word' id='word_1_54' title='bbox 1108 595 1356 647; x_wconf 84' lang='lat' dir='ltr'><strong>suspicionem</strong></span> <span class='ocrx_word' id='word_1_55' title='bbox 1386 595 1443 634; x_wconf 85' lang='lat' dir='ltr'><strong>vel</strong></span> <span class='ocrx_word' id='word_1_56' title='bbox 1473 596 1687 646; x_wconf 83' lang='lat' dir='ltr'><strong>arrogantis</strong></span> <span class='ocrx_word' id='word_1_57' title='bbox 1716 594 1776 632; x_wconf 85' lang='lat' dir='ltr'><strong>vel</strong></span> 
     </span>
     <span class='ocr_line' id='line_1_7' title="bbox 239 660 1778 713; baseline 0.001 -15"><span class='ocrx_word' id='word_1_58' title='bbox 239 660 311 698; x_wconf 84' lang='lat' dir='ltr'><strong>sibi</strong></span> <span class='ocrx_word' id='word_1_59' title='bbox 339 660 410 697; x_wconf 88' lang='lat' dir='ltr'><strong>soli</strong></span> <span class='ocrx_word' id='word_1_60' title='bbox 438 661 621 711; x_wconf 90' lang='lat' dir='ltr'><strong>sapientis</strong></span> <span class='ocrx_word' id='word_1_61' title='bbox 649 662 910 713; x_wconf 88' lang='lat' dir='ltr'><strong>placentisque</strong></span> <span class='ocrx_word' id='word_1_62' title='bbox 938 663 1159 701; x_wconf 85' lang='lat' dir='ltr'><strong>incurreret.</strong></span> <span class='ocrx_word' id='word_1_63' title='bbox 1206 662 1290 701; x_wconf 87' lang='lat' dir='ltr'><strong>Vox</strong></span> <span class='ocrx_word' id='word_1_64' title='bbox 1307 666 1433 702; x_wconf 85' lang='lat' dir='ltr'><strong>autem</strong></span> <span class='ocrx_word' id='word_1_65' title='bbox 1457 663 1522 702; x_wconf 82' lang='lat' dir='ltr'><strong>illa</strong></span> <span class='ocrx_word' id='word_1_66' title='bbox 1544 663 1778 702; x_wconf 86' lang='lat' dir='ltr'><strong>Terentiana</strong></span> 
     </span>
     <span class='ocr_line' id='line_1_8' title="bbox 238 727 1777 783; baseline 0.003 -19"><span class='ocrx_word' id='word_1_67' title='bbox 238 727 378 780; x_wconf 89' lang='lat' dir='ltr'><strong>(Andr.</strong></span> <span class='ocrx_word' id='word_1_68' title='bbox 411 728 460 775; x_wconf 82' lang='lat'><strong>1,</strong></span> <span class='ocrx_word' id='word_1_69' title='bbox 494 729 541 778; x_wconf 87' lang='lat'><strong>1,</strong></span> <span class='ocrx_word' id='word_1_70' title='bbox 576 729 664 780; x_wconf 89' lang='grc'>99.)</span> <span class='ocrx_word' id='word_1_71' title='bbox 703 743 726 768; x_wconf 92' lang='lat' dir='ltr'><strong>a</strong></span> <span class='ocrx_word' id='word_1_72' title='bbox 755 731 939 769; x_wconf 84' lang='lat' dir='ltr'><strong>Cicerone</strong></span> <span class='ocrx_word' id='word_1_73' title='bbox 964 744 1116 782; x_wconf 91' lang='lat' dir='ltr'><strong>quoque</strong></span> <span class='ocrx_word' id='word_1_74' title='bbox 1143 730 1219 781; x_wconf 91' lang='lat' dir='ltr'><strong>(pr.</strong></span> <span class='ocrx_word' id='word_1_75' title='bbox 1255 730 1362 770; x_wconf 88' lang='lat' dir='ltr'><strong>Coel.</strong></span> <span class='ocrx_word' id='word_1_76' title='bbox 1396 731 1483 782; x_wconf 84' lang='lat'><strong>25.)</strong></span> <span class='ocrx_word' id='word_1_77' title='bbox 1520 735 1700 783; x_wconf 79' lang='lat' dir='ltr'><strong>usurpata</strong></span> <span class='ocrx_word' id='word_1_78' title='bbox 1737 732 1777 768; x_wconf 89' lang='lat' dir='ltr'><strong>in</strong></span> 
     </span>
     <span class='ocr_line' id='line_1_9' title="bbox 237 796 1776 850; baseline 0.002 -17"><span class='ocrx_word' id='word_1_79' title='bbox 237 796 482 848; x_wconf 84' lang='lat' dir='ltr'><strong>proverbium</strong></span> <span class='ocrx_word' id='word_1_80' title='bbox 516 796 628 843; x_wconf 90' lang='lat' dir='ltr'><strong>abiit;</strong></span> <span class='ocrx_word' id='word_1_81' title='bbox 672 799 771 836; x_wconf 86' lang='lat' dir='ltr'><strong>conf.</strong></span> <span class='ocrx_word' id='word_1_82' title='bbox 809 799 969 850; x_wconf 76' lang='lat' dir='ltr'><strong>Rupert‚</strong></span> <span class='ocrx_word' id='word_1_83' title='bbox 1007 800 1055 837; x_wconf 92' lang='lat' dir='ltr'><strong>ad</strong></span> <span class='ocrx_word' id='word_1_84' title='bbox 1093 799 1180 837; x_wconf 84' lang='lat' dir='ltr'><strong>Juv.</strong></span> <span class='ocrx_word' id='word_1_85' title='bbox 1214 800 1253 850; x_wconf 91' lang='lat'><strong>1,</strong></span> <span class='ocrx_word' id='word_1_86' title='bbox 1294 799 1389 839; x_wconf 90' lang='grc'><strong>168.</strong></span> <span class='ocrx_word' id='word_1_87' title='bbox 1444 798 1643 846; x_wconf 77' lang='lat' dir='ltr'><strong>Theatra,</strong></span> <span class='ocrx_word' id='word_1_88' title='bbox 1678 811 1776 850; x_wconf 88' lang='lat' dir='ltr'><strong>quae</strong></span> 
     </span>
     <span class='ocr_line' id='line_1_10' title="bbox 239 863 1775 918; baseline 0.001 -16"><span class='ocrx_word' id='word_1_89' title='bbox 239 864 330 902; x_wconf 87' lang='lat' dir='ltr'><strong>alias</strong></span> <span class='ocrx_word' id='word_1_90' title='bbox 374 864 576 902; x_wconf 81' lang='lat' dir='ltr'><strong>auditoria</strong></span> <span class='ocrx_word' id='word_1_91' title='bbox 617 863 733 916; x_wconf 90' lang='lat' dir='ltr'><strong>(Plin.</strong></span> <span class='ocrx_word' id='word_1_92' title='bbox 773 867 844 918; x_wconf 90' lang='lat' dir='ltr'><strong>Ep.</strong></span> <span class='ocrx_word' id='word_1_93' title='bbox 883 870 924 917; x_wconf 89' lang='grc'><strong>7,</strong></span> <span class='ocrx_word' id='word_1_94' title='bbox 966 869 1034 918; x_wconf 87' lang='lat'><strong>17,</strong></span> <span class='ocrx_word' id='word_1_95' title='bbox 1074 868 1139 908; x_wconf 84' lang='lat'><strong>13.</strong></span> <span class='ocrx_word' id='word_1_96' title='bbox 1178 866 1302 904; x_wconf 88' lang='lat' dir='ltr'><strong>Tacit.</strong></span> <span class='ocrx_word' id='word_1_97' title='bbox 1343 865 1443 908; x_wconf 81' lang='lat' dir='ltr'><strong>Dial.</strong></span> <span class='ocrx_word' id='word_1_98' title='bbox 1474 864 1561 908; x_wconf 79' lang='lat'><strong>34.·</strong></span> <span class='ocrx_word' id='word_1_99' title='bbox 1581 866 1633 904; x_wconf 90' lang='lat' dir='ltr'><strong>ib.</strong></span> <span class='ocrx_word' id='word_1_100' title='bbox 1663 866 1775 906; x_wconf 77' lang='lat' dir='ltr'><strong>Hess.</strong></span> 
     </span>
     <span class='ocr_line' id='line_1_11' title="bbox 238 934 1778 986; baseline -0.001 -12"><span class='ocrx_word' id='word_1_101' title='bbox 238 946 276 984; x_wconf 87' lang='lat' dir='ltr'><strong>p.</strong></span> <span class='ocrx_word' id='word_1_102' title='bbox 301 934 402 984; x_wconf 87' lang='lat'>229)</span> <span class='ocrx_word' id='word_1_103' title='bbox 432 934 611 983; x_wconf 88' lang='lat' dir='ltr'><strong>audiunt,</strong></span> <span class='ocrx_word' id='word_1_104' title='bbox 642 947 688 972; x_wconf 87' lang='lat' dir='ltr'><strong>ex</strong></span> <span class='ocrx_word' id='word_1_105' title='bbox 715 947 760 973; x_wconf 90' lang='lat' dir='ltr'><strong>ea</strong></span> <span class='ocrx_word' id='word_1_106' title='bbox 787 936 936 973; x_wconf 90' lang='lat' dir='ltr'><strong>dicendi</strong></span> <span class='ocrx_word' id='word_1_107' title='bbox 965 935 1236 973; x_wconf 87' lang='lat' dir='ltr'><strong>consuetudine</strong></span> <span class='ocrx_word' id='word_1_108' title='bbox 1264 935 1460 986; x_wconf 89' lang='lat' dir='ltr'><strong>dicuntur,</strong></span> <span class='ocrx_word' id='word_1_109' title='bbox 1489 948 1563 986; x_wconf 81' lang='lat' dir='ltr'><strong>qua</strong></span> <span class='ocrx_word' id='word_1_110' title='bbox 1589 935 1663 974; x_wconf 92' lang='lat' dir='ltr'><strong>hoc</strong></span> <span class='ocrx_word' id='word_1_111' title='bbox 1691 947 1778 973; x_wconf 85' lang='lat' dir='ltr'><strong>ver-</strong></span> 
     </span>
     <span class='ocr_line' id='line_1_12' title="bbox 239 1001 1778 1055; baseline 0.002 -17"><span class='ocrx_word' id='word_1_112' title='bbox 239 1001 326 1038; x_wconf 89' lang='lat' dir='ltr'><strong>bum</strong></span> <span class='ocrx_word' id='word_1_113' title='bbox 370 1001 578 1051; x_wconf 88' lang='lat' dir='ltr'><strong>quamlibet</strong></span> <span class='ocrx_word' id='word_1_114' title='bbox 615 1002 865 1053; x_wconf 79' lang='lat' dir='ltr'><strong>frequentiam</strong></span> <span class='ocrx_word' id='word_1_115' title='bbox 907 1004 966 1042; x_wconf 88' lang='lat' dir='ltr'><strong>vel</strong></span> <span class='ocrx_word' id='word_1_116' title='bbox 1007 1007 1262 1055; x_wconf 87' lang='lat' dir='ltr'><strong>spectatorum</strong></span> <span class='ocrx_word' id='word_1_117' title='bbox 1303 1003 1363 1041; x_wconf 89' lang='lat' dir='ltr'><strong>vel</strong></span> <span class='ocrx_word' id='word_1_118' title='bbox 1404 1003 1617 1043; x_wconf 80' lang='lat' dir='ltr'><strong>auditorum</strong></span> <span class='ocrx_word' id='word_1_119' title='bbox 1660 1004 1778 1055; x_wconf 76' lang='lat' dir='ltr'><strong>signi-</strong></span> 
     </span>
     <span class='ocr_line' id='line_1_13' title="bbox 238 1069 1776 1123; baseline 0.002 -17"><span class='ocrx_word' id='word_1_120' title='bbox 238 1070 338 1107; x_wconf 86' lang='lat' dir='ltr'><strong>ficat.</strong></span> <span class='ocrx_word' id='word_1_121' title='bbox 400 1069 456 1107; x_wconf 89' lang='lat' dir='ltr'><strong>lta</strong></span> <span class='ocrx_word' id='word_1_122' title='bbox 486 1070 565 1112; x_wconf 87' lang='lat' dir='ltr'><strong>Cic.</strong></span> <span class='ocrx_word' id='word_1_123' title='bbox 597 1072 646 1109; x_wconf 90' lang='lat' dir='ltr'><strong>de</strong></span> <span class='ocrx_word' id='word_1_124' title='bbox 684 1071 753 1112; x_wconf 88' lang='lat' dir='ltr'><strong>Or.</strong></span> <span class='ocrx_word' id='word_1_125' title='bbox 776 1072 818 1122; x_wconf 86' lang='lat'><strong>3,</strong></span> <span class='ocrx_word' id='word_1_126' title='bbox 850 1072 919 1122; x_wconf 83' lang='lat'><strong>50,</strong></span> <span class='ocrx_word' id='word_1_127' title='bbox 964 1073 1058 1113; x_wconf 87' lang='lat'><strong>196.</strong></span> <span class='ocrx_word' id='word_1_128' title='bbox 1095 1070 1163 1122; x_wconf 88' lang='lat' dir='ltr'><strong>(ib.</strong></span> <span class='ocrx_word' id='word_1_129' title='bbox 1201 1071 1384 1123; x_wconf 84' lang='lat' dir='ltr'><strong>Ellendt.)</strong></span> <span class='ocrx_word' id='word_1_130' title='bbox 1422 1071 1577 1109; x_wconf 78' lang='lat' dir='ltr'><strong>theatra</strong></span> <span class='ocrx_word' id='word_1_131' title='bbox 1607 1078 1689 1109; x_wconf 81' lang='lat' dir='ltr'><strong>teta</strong></span> <span class='ocrx_word' id='word_1_132' title='bbox 1713 1085 1776 1109; x_wconf 77' lang='lat' dir='ltr'><strong>re-</strong></span> 
     </span>
     <span class='ocr_line' id='line_1_14' title="bbox 239 1136 1779 1190; baseline 0.003 -16"><span class='ocrx_word' id='word_1_133' title='bbox 239 1137 430 1175; x_wconf 82' lang='lat' dir='ltr'><strong>clamant.</strong></span> <span class='ocrx_word' id='word_1_134' title='bbox 475 1136 572 1177; x_wconf 90' lang='lat' dir='ltr'><strong>Plin.</strong></span> <span class='ocrx_word' id='word_1_135' title='bbox 601 1138 725 1190; x_wconf 89' lang='lat' dir='ltr'><strong>Epist.</strong></span> <span class='ocrx_word' id='word_1_136' title='bbox 751 1140 794 1189; x_wconf 83' lang='lat'><strong>3,</strong></span> <span class='ocrx_word' id='word_1_137' title='bbox 828 1141 896 1188; x_wconf 89' lang='lat'><strong>18,</strong></span> <span class='ocrx_word' id='word_1_138' title='bbox 928 1141 966 1180; x_wconf 88' lang='lat'><strong>9.</strong></span> <span class='ocrx_word' id='word_1_139' title='bbox 1007 1140 1102 1177; x_wconf 81' lang='lat' dir='ltr'><strong>olim</strong></span> <span class='ocrx_word' id='word_1_140' title='bbox 1131 1140 1288 1178; x_wconf 82' lang='lat' dir='ltr'><strong>theatra</strong></span> <span class='ocrx_word' id='word_1_141' title='bbox 1313 1139 1419 1177; x_wconf 83' lang='lat' dir='ltr'><strong>male</strong></span> <span class='ocrx_word' id='word_1_142' title='bbox 1441 1141 1612 1178; x_wconf 73' lang='lat' dir='ltr'><strong>musicos</strong></span> <span class='ocrx_word' id='word_1_143' title='bbox 1639 1153 1779 1178; x_wconf 78' lang='lat' dir='ltr'><strong>canere</strong></span> 
     </span>
     <span class='ocr_line' id='line_1_15' title="bbox 240 1205 1775 1259; baseline 0.003 -17"><span class='ocrx_word' id='word_1_144' title='bbox 240 1205 471 1243; x_wconf 71' lang='lat' dir='ltr'><strong>doc-nerunt.</strong></span> <span class='ocrx_word' id='word_1_145' title='bbox 519 1206 633 1245; x_wconf 91' lang='lat' dir='ltr'><strong>Conf.</strong></span> <span class='ocrx_word' id='word_1_146' title='bbox 675 1207 822 1258; x_wconf 88' lang='lat' dir='ltr'><strong>Gierig.</strong></span> <span class='ocrx_word' id='word_1_147' title='bbox 854 1209 903 1246; x_wconf 92' lang='lat' dir='ltr'><strong>ad</strong></span> <span class='ocrx_word' id='word_1_148' title='bbox 940 1208 1056 1250; x_wconf 86' lang='lat' dir='ltr'><strong>Ovid.</strong></span> <span class='ocrx_word' id='word_1_149' title='bbox 1095 1209 1186 1247; x_wconf 85' lang='lat' dir='ltr'><strong>Met.</strong></span> <span class='ocrx_word' id='word_1_150' title='bbox 1215 1209 1282 1259; x_wconf 87' lang='lat'><strong>11,</strong></span> <span class='ocrx_word' id='word_1_151' title='bbox 1311 1209 1377 1249; x_wconf 88' lang='grc'><strong>22.</strong></span> <span class='ocrx_word' id='word_1_152' title='bbox 1415 1207 1587 1246; x_wconf 82' lang='lat' dir='ltr'><strong>Kiihner.</strong></span> <span class='ocrx_word' id='word_1_153' title='bbox 1616 1209 1664 1246; x_wconf 88' lang='lat' dir='ltr'><strong>ad</strong></span> <span class='ocrx_word' id='word_1_154' title='bbox 1693 1208 1775 1249; x_wconf 89' lang='lat' dir='ltr'><strong>Cic.</strong></span> 
     </span>
     <span class='ocr_line' id='line_1_16' title="bbox 240 1273 1778 1328; baseline 0 -15"><span class='ocrx_word' id='word_1_155' title='bbox 240 1274 277 1313; x_wconf 89' lang='lat' dir='ltr'>T</span> <span class='ocrx_word' id='word_1_156' title='bbox 280 1289 357 1313; x_wconf 86' lang='lat' dir='ltr'><strong>use.</strong></span> <span class='ocrx_word' id='word_1_157' title='bbox 388 1277 427 1325; x_wconf 88' lang='lat'><strong>1,</strong></span> <span class='ocrx_word' id='word_1_158' title='bbox 459 1273 528 1325; x_wconf 84' lang='grc'><strong>44,</strong></span> <span class='ocrx_word' id='word_1_159' title='bbox 564 1275 658 1316; x_wconf 89' lang='grc'>106.</span> <span class='ocrx_word' id='word_1_160' title='bbox 701 1275 759 1313; x_wconf 84' lang='lat' dir='ltr'><strong>Ita</strong></span> <span class='ocrx_word' id='word_1_161' title='bbox 787 1275 884 1318; x_wconf 86' lang='lat' dir='ltr'><strong>Plat.</strong></span> <span class='ocrx_word' id='word_1_162' title='bbox 915 1278 1046 1328; x_wconf 87' lang='lat' dir='ltr'><strong>Symp.</strong></span> <span class='ocrx_word' id='word_1_163' title='bbox 1066 1277 1132 1317; x_wconf 93' lang='lat'><strong>17.</strong></span> <span class='ocrx_word' id='word_1_164' title='bbox 1159 1275 1216 1328; x_wconf 92' lang='lat' dir='ltr'><strong>(p.</strong></span> <span class='ocrx_word' id='word_1_165' title='bbox 1241 1276 1309 1317; x_wconf 88' lang='lat'><strong>83.</strong></span> <span class='ocrx_word' id='word_1_166' title='bbox 1340 1276 1401 1314; x_wconf 86' lang='lat' dir='ltr'><strong>ed.</strong></span> <span class='ocrx_word' id='word_1_167' title='bbox 1419 1275 1554 1317; x_wconf 86' lang='lat' dir='ltr'><strong>Stallb.</strong></span> <span class='ocrx_word' id='word_1_168' title='bbox 1579 1281 1619 1315; x_wconf 88' lang='lat' dir='ltr'><strong>et</strong></span> <span class='ocrx_word' id='word_1_169' title='bbox 1635 1275 1689 1314; x_wconf 91' lang='lat' dir='ltr'><strong>ib.</strong></span> <span class='ocrx_word' id='word_1_170' title='bbox 1710 1275 1778 1317; x_wconf 87' lang='lat' dir='ltr'><strong>Fr.</strong></span> 
     </span>
     <span class='ocr_line' id='line_1_17' title="bbox 240 1342 1778 1397; baseline 0 -16"><span class='ocrx_word' id='word_1_171' title='bbox 240 1344 398 1392; x_wconf 86' lang='lat' dir='ltr'><strong>Jacobs)</strong></span> <span class='ocrx_word' id='word_1_172' title='bbox 436 1344 613 1381; x_wconf 86' lang='lat' dir='ltr'><strong>convivas</strong></span> <span class='ocrx_word' id='word_1_173' title='bbox 653 1345 850 1382; x_wconf 88' lang='lat' dir='ltr'><strong>audientes</strong></span> <span class='ocrx_word' id='word_1_174' title='bbox 881 1342 923 1385; x_wconf 84' lang='grc' dir='ltr'><strong>τὸ</strong></span> <span class='ocrx_word' id='word_1_175' title='bbox 950 1344 1124 1397; x_wconf 81' lang='grc' dir='ltr'><strong><em>θέατρον</em></strong></span> <span class='ocrx_word' id='word_1_176' title='bbox 1154 1348 1276 1382; x_wconf 89' lang='lat' dir='ltr'><strong>vocat.</strong></span> <span class='ocrx_word' id='word_1_177' title='bbox 1330 1342 1513 1382; x_wconf 84' lang='lat' dir='ltr'><strong>Similiter</strong></span> <span class='ocrx_word' id='word_1_178' title='bbox 1546 1342 1778 1395; x_wconf 73' lang='lat' dir='ltr'><strong>spectacula</strong></span> 
     </span>
     <span class='ocr_line' id='line_1_18' title="bbox 241 1411 1776 1464; baseline -0.001 -14"><span class='ocrx_word' id='word_1_179' title='bbox 241 1412 354 1450; x_wconf 87' lang='lat' dir='ltr'><strong>ovid.</strong></span> <span class='ocrx_word' id='word_1_180' title='bbox 380 1411 474 1450; x_wconf 83' lang='lat' dir='ltr'><strong>Met.</strong></span> <span class='ocrx_word' id='word_1_181' title='bbox 499 1412 566 1460; x_wconf 85' lang='lat'><strong>10,</strong></span> <span class='ocrx_word' id='word_1_182' title='bbox 593 1414 689 1453; x_wconf 91' lang='grc'><strong>668.</strong></span> <span class='ocrx_word' id='word_1_183' title='bbox 718 1413 766 1451; x_wconf 91' lang='lat' dir='ltr'><strong>de</strong></span> <span class='ocrx_word' id='word_1_184' title='bbox 785 1413 953 1463; x_wconf 87' lang='lat' dir='ltr'><strong>ipsorum</strong></span> <span class='ocrx_word' id='word_1_185' title='bbox 972 1417 1229 1464; x_wconf 89' lang='lat' dir='ltr'><strong>spectatorum</strong></span> <span class='ocrx_word' id='word_1_186' title='bbox 1250 1411 1474 1462; x_wconf 85' lang='lat' dir='ltr'><strong>frequentia.</strong></span> <span class='ocrx_word' id='word_1_187' title='bbox 1521 1411 1703 1450; x_wconf 82' lang='lat' dir='ltr'><strong>Matthaei</strong></span> <span class='ocrx_word' id='word_1_188' title='bbox 1726 1413 1776 1450; x_wconf 85' lang='lat' dir='ltr'><strong>ad</strong></span> 
     </span>
     <span class='ocr_line' id='line_1_19' title="bbox 241 1479 1777 1532; baseline -0.001 -14"><span class='ocrx_word' id='word_1_189' title='bbox 241 1480 438 1531; x_wconf 89' lang='lat' dir='ltr'><strong>Chrysost.</strong></span> <span class='ocrx_word' id='word_1_190' title='bbox 469 1481 609 1518; x_wconf 88' lang='lat' dir='ltr'><strong>Homil.</strong></span> <span class='ocrx_word' id='word_1_191' title='bbox 635 1480 683 1519; x_wconf 90' lang='lat' dir='ltr'><strong>Il.</strong></span> <span class='ocrx_word' id='word_1_192' title='bbox 709 1495 747 1532; x_wconf 91' lang='lat' dir='ltr'><strong>p.</strong></span> <span class='ocrx_word' id='word_1_193' title='bbox 773 1480 841 1521; x_wconf 87' lang='lat'><strong>73.</strong></span> <span class='ocrx_word' id='word_1_194' title='bbox 878 1481 1075 1519; x_wconf 82' lang='lat' dir='ltr'><strong>Falluntur</strong></span> <span class='ocrx_word' id='word_1_195' title='bbox 1101 1481 1238 1530; x_wconf 89' lang='lat' dir='ltr'><strong>igitur,</strong></span> <span class='ocrx_word' id='word_1_196' title='bbox 1267 1481 1330 1530; x_wconf 91' lang='lat' dir='ltr'><strong>qui</strong></span> <span class='ocrx_word' id='word_1_197' title='bbox 1355 1479 1512 1517; x_wconf 79' lang='lat' dir='ltr'><strong>theatra</strong></span> <span class='ocrx_word' id='word_1_198' title='bbox 1523 1479 1588 1532; x_wconf 83' lang='lat'><strong>**)</strong></span> <span class='ocrx_word' id='word_1_199' title='bbox 1619 1479 1777 1532; x_wconf 86' lang='lat' dir='ltr'><strong>proprie</strong></span> 
     </span>
     <span class='ocr_line' id='line_1_20' title="bbox 241 1547 1777 1600; baseline -0.001 -14"><span class='ocrx_word' id='word_1_200' title='bbox 241 1549 295 1587; x_wconf 88' lang='lat' dir='ltr'><strong>sic</strong></span> <span class='ocrx_word' id='word_1_201' title='bbox 324 1550 426 1587; x_wconf 86' lang='lat' dir='ltr'><strong>dicta</strong></span> <span class='ocrx_word' id='word_1_202' title='bbox 456 1549 516 1587; x_wconf 88' lang='lat' dir='ltr'><strong>hic</strong></span> <span class='ocrx_word' id='word_1_203' title='bbox 542 1549 700 1600; x_wconf 87' lang='lat' dir='ltr'><strong>intelligi</strong></span> <span class='ocrx_word' id='word_1_204' title='bbox 726 1549 883 1587; x_wconf 88' lang='lat' dir='ltr'><strong>malunt.</strong></span> <span class='ocrx_word' id='word_1_205' title='bbox 935 1549 996 1587; x_wconf 82' lang='lat' dir='ltr'><strong>Ad</strong></span> <span class='ocrx_word' id='word_1_206' title='bbox 1021 1563 1059 1587; x_wconf 81' lang='grc' dir='ltr'><strong>ν.</strong></span> <span class='ocrx_word' id='word_1_207' title='bbox 1085 1550 1223 1599; x_wconf 76' lang='lat' dir='ltr'><strong>spissis</strong></span> <span class='ocrx_word' id='word_1_208' title='bbox 1250 1549 1350 1587; x_wconf 88' lang='lat' dir='ltr'><strong>conf.</strong></span> <span class='ocrx_word' id='word_1_209' title='bbox 1383 1549 1428 1589; x_wconf 86' lang='grc' dir='ltr'><strong>Δ.</strong></span> <span class='ocrx_word' id='word_1_210' title='bbox 1457 1547 1501 1586; x_wconf 90' lang='grc' dir='ltr'><strong>Ρ.</strong></span> <span class='ocrx_word' id='word_1_211' title='bbox 1526 1547 1620 1589; x_wconf 80' lang='grc'><strong>205.</strong></span> <span class='ocrx_word' id='word_1_212' title='bbox 1647 1548 1777 1599; x_wconf 73' lang='lat' dir='ltr'><strong>spissa</strong></span> 
     </span>
     <span class='ocr_line' id='line_1_21' title="bbox 242 1615 1777 1668; baseline -0.001 -14"><span class='ocrx_word' id='word_1_213' title='bbox 242 1617 383 1655; x_wconf 72' lang='lat' dir='ltr'><strong>sedilia</strong></span> <span class='ocrx_word' id='word_1_214' title='bbox 412 1622 451 1656; x_wconf 89' lang='lat' dir='ltr'><strong>et</strong></span> <span class='ocrx_word' id='word_1_215' title='bbox 479 1619 519 1667; x_wconf 89' lang='grc'><strong>2,</strong></span> <span class='ocrx_word' id='word_1_216' title='bbox 550 1618 588 1666; x_wconf 89' lang='grc'><strong>1,</strong></span> <span class='ocrx_word' id='word_1_217' title='bbox 618 1618 684 1658; x_wconf 85' lang='grc'><strong>60.</strong></span> <span class='ocrx_word' id='word_1_218' title='bbox 725 1617 857 1655; x_wconf 83' lang='lat' dir='ltr'><strong>Rom-a</strong></span> <span class='ocrx_word' id='word_1_219' title='bbox 878 1639 927 1646; x_wconf 93' lang='lat'>-</span> <span class='ocrx_word' id='word_1_220' title='bbox 956 1625 1042 1655; x_wconf 82' lang='lat' dir='ltr'><strong>arto</strong></span> <span class='ocrx_word' id='word_1_221' title='bbox 1071 1619 1221 1668; x_wconf 76' lang='lat' dir='ltr'><strong>stipata</strong></span> <span class='ocrx_word' id='word_1_222' title='bbox 1250 1617 1415 1658; x_wconf 74' lang='lat' dir='ltr'><strong>theatro.</strong></span> <span class='ocrx_word' id='word_1_223' title='bbox 1442 1638 1500 1645; x_wconf 91' lang='lat'><strong>—-</strong></span> <span class='ocrx_word' id='word_1_224' title='bbox 1525 1616 1572 1658; x_wconf 87' lang='lat' dir='ltr'><strong>V.</strong></span> <span class='ocrx_word' id='word_1_225' title='bbox 1599 1615 1668 1659; x_wconf 80' lang='grc'><strong>42.</strong></span> <span class='ocrx_word' id='word_1_226' title='bbox 1697 1629 1777 1653; x_wconf 68' lang='lat' dir='ltr'><strong>mt-</strong></span> 
     </span>
     <span class='ocr_line' id='line_1_22' title="bbox 238 1684 1777 1737; baseline 0 -15"><span class='ocrx_word' id='word_1_227' title='bbox 238 1686 303 1736; x_wconf 76' lang='lat' dir='ltr'><strong>gis</strong></span> <span class='ocrx_word' id='word_1_228' title='bbox 331 1685 478 1723; x_wconf 81' lang='lat' dir='ltr'><strong>addere</strong></span> <span class='ocrx_word' id='word_1_229' title='bbox 500 1685 684 1737; x_wconf 78' lang='lat' dir='ltr'><strong>pondus,</strong></span> <span class='ocrx_word' id='word_1_230' title='bbox 720 1686 745 1723; x_wconf 89' lang='lat' dir='ltr'><strong>i.</strong></span> <span class='ocrx_word' id='word_1_231' title='bbox 775 1699 809 1725; x_wconf 91' lang='lat' dir='ltr'><strong>e.</strong></span> <span class='ocrx_word' id='word_1_232' title='bbox 850 1686 1101 1736; x_wconf 82' lang='lat' dir='ltr'><strong>carminibus,</strong></span> <span class='ocrx_word' id='word_1_233' title='bbox 1137 1685 1250 1724; x_wconf 87' lang='lat' dir='ltr'><strong>rebus</strong></span> <span class='ocrx_word' id='word_1_234' title='bbox 1278 1684 1402 1735; x_wconf 88' lang='lat' dir='ltr'><strong>nihili,</strong></span> <span class='ocrx_word' id='word_1_235' title='bbox 1438 1684 1577 1735; x_wconf 83' lang='lat' dir='ltr'><strong>aliquid</strong></span> <span class='ocrx_word' id='word_1_236' title='bbox 1611 1684 1777 1722; x_wconf 87' lang='lat' dir='ltr'><strong>tribuere</strong></span> 
     </span>
     <span class='ocr_line' id='line_1_23' title="bbox 241 1752 1778 1805; baseline 0.001 -16"><span class='ocrx_word' id='word_1_237' title='bbox 241 1753 382 1804; x_wconf 88' lang='lat' dir='ltr'><strong>videri,</strong></span> <span class='ocrx_word' id='word_1_238' title='bbox 409 1767 508 1804; x_wconf 89' lang='lat' dir='ltr'><strong>non,</strong></span> <span class='ocrx_word' id='word_1_239' title='bbox 538 1758 580 1792; x_wconf 93' lang='lat' dir='ltr'><strong>ut</strong></span> <span class='ocrx_word' id='word_1_240' title='bbox 609 1753 783 1792; x_wconf 79' lang='lat' dir='ltr'><strong>Bothius</strong></span> <span class='ocrx_word' id='word_1_241' title='bbox 811 1754 994 1805; x_wconf 79' lang='lat' dir='ltr'><strong>explicat,</strong></span> <span class='ocrx_word' id='word_1_242' title='bbox 1022 1753 1247 1805; x_wconf 83' lang='lat' dir='ltr'><strong>„plausibus</strong></span> <span class='ocrx_word' id='word_1_243' title='bbox 1275 1753 1391 1805; x_wconf 87' lang='lat' dir='ltr'><strong>inepti</strong></span> <span class='ocrx_word' id='word_1_244' title='bbox 1418 1752 1518 1804; x_wconf 84' lang='lat' dir='ltr'><strong>vulgi</strong></span> <span class='ocrx_word' id='word_1_245' title='bbox 1538 1752 1679 1803; x_wconf 82' lang='lat' dir='ltr'><strong>aliquid</strong></span> <span class='ocrx_word' id='word_1_246' title='bbox 1707 1752 1778 1790; x_wconf 81' lang='lat' dir='ltr'><strong>tri-</strong></span> 
     </span>
     <span class='ocr_line' id='line_1_24' title="bbox 242 1819 1777 1872; baseline -0.002 -13"><span class='ocrx_word' id='word_1_247' title='bbox 242 1821 381 1871; x_wconf 86' lang='lat' dir='ltr'><strong>buere,</strong></span> <span class='ocrx_word' id='word_1_248' title='bbox 412 1834 525 1871; x_wconf 91' lang='lat' dir='ltr'><strong>quum</strong></span> <span class='ocrx_word' id='word_1_249' title='bbox 556 1822 604 1860; x_wconf 93' lang='lat' dir='ltr'><strong>de</strong></span> <span class='ocrx_word' id='word_1_250' title='bbox 633 1822 776 1860; x_wconf 89' lang='lat' dir='ltr'><strong>artibus</strong></span> <span class='ocrx_word' id='word_1_251' title='bbox 800 1822 970 1872; x_wconf 86' lang='lat' dir='ltr'><strong>judicare</strong></span> <span class='ocrx_word' id='word_1_252' title='bbox 996 1823 1183 1872; x_wconf 85' lang='lat' dir='ltr'><strong>nesciat,“</strong></span> <span class='ocrx_word' id='word_1_253' title='bbox 1218 1834 1342 1871; x_wconf 88' lang='lat' dir='ltr'><strong>neque</strong></span> <span class='ocrx_word' id='word_1_254' title='bbox 1374 1821 1526 1859; x_wconf 81' lang='lat' dir='ltr'><strong>fecerim</strong></span> <span class='ocrx_word' id='word_1_255' title='bbox 1557 1833 1641 1858; x_wconf 89' lang='lat' dir='ltr'><strong>cum</strong></span> <span class='ocrx_word' id='word_1_256' title='bbox 1669 1819 1777 1856; x_wconf 84' lang='lat' dir='ltr'><strong>Des-</strong></span> 
     </span>
     <span class='ocr_line' id='line_1_25' title="bbox 236 1887 1777 1941; baseline -0.001 -14"><span class='ocrx_word' id='word_1_257' title='bbox 236 1891 370 1941; x_wconf 84' lang='lat' dir='ltr'><strong>prezio</strong></span> <span class='ocrx_word' id='word_1_258' title='bbox 411 1894 449 1927; x_wconf 90' lang='lat' dir='ltr'><strong>et</strong></span> <span class='ocrx_word' id='word_1_259' title='bbox 489 1889 707 1926; x_wconf 73' lang='lat' dir='ltr'><strong>Merkelio:</strong></span> <span class='ocrx_word' id='word_1_260' title='bbox 745 1889 1013 1938; x_wconf 87' lang='lat' dir='ltr'><strong>„Werthloses</strong></span> <span class='ocrx_word' id='word_1_261' title='bbox 1049 1891 1115 1927; x_wconf 90' lang='lat' dir='ltr'><strong>mit</strong></span> <span class='ocrx_word' id='word_1_262' title='bbox 1159 1889 1352 1940; x_wconf 86' lang='lat' dir='ltr'><strong>wichtiger</strong></span> <span class='ocrx_word' id='word_1_263' title='bbox 1387 1888 1515 1927; x_wconf 87' lang='lat' dir='ltr'><strong>Miene</strong></span> <span class='ocrx_word' id='word_1_264' title='bbox 1548 1901 1596 1926; x_wconf 88' lang='lat' dir='ltr'><strong>zu</strong></span> <span class='ocrx_word' id='word_1_265' title='bbox 1624 1887 1777 1927; x_wconf 85' lang='lat' dir='ltr'><strong>lesen.“</strong></span> 
     </span>
     <span class='ocr_line' id='line_1_26' title="bbox 242 1955 1776 2009; baseline -0.002 -13"><span class='ocrx_word' id='word_1_266' title='bbox 242 1958 324 1996; x_wconf 90' lang='lat' dir='ltr'><strong>Cic.</strong></span> <span class='ocrx_word' id='word_1_267' title='bbox 354 1960 403 1997; x_wconf 88' lang='lat' dir='ltr'><strong>ad</strong></span> <span class='ocrx_word' id='word_1_268' title='bbox 433 1958 507 2003; x_wconf 85' lang='lat' dir='ltr'><strong>Qu.</strong></span> <span class='ocrx_word' id='word_1_269' title='bbox 535 1958 599 1998; x_wconf 85' lang='lat' dir='ltr'><strong>Fr.</strong></span> <span class='ocrx_word' id='word_1_270' title='bbox 623 1957 664 2005; x_wconf 86' lang='lat'><strong>3,</strong></span> <span class='ocrx_word' id='word_1_271' title='bbox 695 1955 733 1996; x_wconf 89' lang='lat'><strong>5.</strong></span> <span class='ocrx_word' id='word_1_272' title='bbox 761 1956 967 1994; x_wconf 72' lang='lat' dir='ltr'><strong>hominum</strong></span> <span class='ocrx_word' id='word_1_273' title='bbox 995 1957 1172 2008; x_wconf 76' lang='lat' dir='ltr'><strong>dignitas</strong></span> <span class='ocrx_word' id='word_1_274' title='bbox 1199 1957 1454 2009; x_wconf 83' lang='lat' dir='ltr'><strong>aliquantum</strong></span> <span class='ocrx_word' id='word_1_275' title='bbox 1481 1957 1653 1994; x_wconf 76' lang='lat' dir='ltr'><strong>orationi</strong></span> <span class='ocrx_word' id='word_1_276' title='bbox 1671 1969 1776 2007; x_wconf 56' lang='lat' dir='ltr'><strong>pone-</strong></span> 
     </span>
     <span class='ocr_line' id='line_1_27' title="bbox 243 2023 1777 2078; baseline -0.001 -14"><span class='ocrx_word' id='word_1_277' title='bbox 243 2026 345 2064; x_wconf 67' lang='lat' dir='ltr'><strong>deris</strong></span> <span class='ocrx_word' id='word_1_278' title='bbox 371 2023 574 2078; x_wconf 69' lang='lat' dir='ltr'><strong>afferebat.</strong></span> <span class='ocrx_word' id='word_1_279' title='bbox 623 2024 820 2074; x_wconf 87' lang='lat' dir='ltr'><strong>Expressit</strong></span> <span class='ocrx_word' id='word_1_280' title='bbox 845 2024 952 2064; x_wconf 82' lang='lat' dir='ltr'><strong>Pers.</strong></span> <span class='ocrx_word' id='word_1_281' title='bbox 979 2025 1020 2073; x_wconf 84' lang='lat'><strong>5,</strong></span> <span class='ocrx_word' id='word_1_282' title='bbox 1052 2026 1104 2064; x_wconf 88' lang='lat'><strong>19</strong></span> <span class='ocrx_word' id='word_1_283' title='bbox 1133 2039 1191 2075; x_wconf 93' lang='lat' dir='ltr'><strong>sq.</strong></span> <span class='ocrx_word' id='word_1_284' title='bbox 1220 2026 1290 2076; x_wconf 86' lang='lat' dir='ltr'><strong>(ib.</strong></span> <span class='ocrx_word' id='word_1_285' title='bbox 1318 2025 1433 2076; x_wconf 86' lang='lat' dir='ltr'><strong>Jahn)</strong></span> <span class='ocrx_word' id='word_1_286' title='bbox 1470 2025 1568 2062; x_wconf 87' lang='lat' dir='ltr'><strong>Non</strong></span> <span class='ocrx_word' id='word_1_287' title='bbox 1597 2024 1777 2076; x_wconf 80' lang='lat' dir='ltr'><strong>equidem</strong></span> 
     </span>
     <span class='ocr_line' id='line_1_28' title="bbox 242 2091 1777 2144; baseline -0.001 -12"><span class='ocrx_word' id='word_1_288' title='bbox 242 2095 316 2132; x_wconf 79' lang='lat' dir='ltr'><strong>hoc</strong></span> <span class='ocrx_word' id='word_1_289' title='bbox 343 2094 499 2144; x_wconf 81' lang='lat' dir='ltr'><strong>studeo,</strong></span> <span class='ocrx_word' id='word_1_290' title='bbox 533 2091 704 2143; x_wconf 74' lang='lat' dir='ltr'><strong>pullatis</strong></span> <span class='ocrx_word' id='word_1_291' title='bbox 734 2098 778 2128; x_wconf 81' lang='lat' dir='ltr'><strong>ut</strong></span> <span class='ocrx_word' id='word_1_292' title='bbox 806 2091 907 2129; x_wconf 74' lang='lat' dir='ltr'><strong>mihi</strong></span> <span class='ocrx_word' id='word_1_293' title='bbox 931 2093 1050 2142; x_wconf 76' lang='lat' dir='ltr'><strong>nugis</strong></span> <span class='ocrx_word' id='word_1_294' title='bbox 1088 2093 1253 2144; x_wconf 76' lang='lat' dir='ltr'><strong>Pagina</strong></span> <span class='ocrx_word' id='word_1_295' title='bbox 1282 2100 1504 2144; x_wconf 60' lang='lat' dir='ltr'><strong>tyrgescat,</strong></span> <span class='ocrx_word' id='word_1_296' title='bbox 1544 2093 1643 2130; x_wconf 81' lang='lat' dir='ltr'><strong>dare</strong></span> <span class='ocrx_word' id='word_1_297' title='bbox 1672 2105 1777 2143; x_wconf 75' lang='lat' dir='ltr'><strong>pon-</strong></span> 
     </span>
     <span class='ocr_line' id='line_1_29' title="bbox 243 2158 1777 2213; baseline -0.003 -11"><span class='ocrx_word' id='word_1_298' title='bbox 243 2164 319 2201; x_wconf 78' lang='lat' dir='ltr'><strong>dus</strong></span> <span class='ocrx_word' id='word_1_299' title='bbox 346 2163 489 2201; x_wconf 83' lang='lat' dir='ltr'><strong>idonea</strong></span> <span class='ocrx_word' id='word_1_300' title='bbox 504 2161 641 2213; x_wconf 82' lang='lat' dir='ltr'><strong>samo.</strong></span> <span class='ocrx_word' id='word_1_301' title='bbox 689 2158 748 2198; x_wconf 89' lang='lat' dir='ltr'><strong>De</strong></span> <span class='ocrx_word' id='word_1_302' title='bbox 777 2160 1089 2211; x_wconf 87' lang='lat' dir='ltr'><strong>interpretatione</strong></span> <span class='ocrx_word' id='word_1_303' title='bbox 1113 2174 1147 2198; x_wconf 86' lang='lat' dir='ltr'><strong>v.</strong></span> <span class='ocrx_word' id='word_1_304' title='bbox 1173 2162 1333 2211; x_wconf 76' lang='lat' dir='ltr'><strong>pondus</strong></span> <span class='ocrx_word' id='word_1_305' title='bbox 1359 2162 1453 2199; x_wconf 86' lang='lat' dir='ltr'><strong>mira</strong></span> <span class='ocrx_word' id='word_1_306' title='bbox 1478 2161 1633 2200; x_wconf 86' lang='lat' dir='ltr'><strong>tradunt</strong></span> <span class='ocrx_word' id='word_1_307' title='bbox 1654 2159 1777 2198; x_wconf 85' lang='lat' dir='ltr'><strong>Scho-</strong></span> 
     </span>
     <span class='ocr_line' id='line_1_30' title="bbox 242 2227 1774 2282; baseline -0.003 -12"><span class='ocrx_word' id='word_1_308' title='bbox 242 2232 374 2270; x_wconf 87' lang='lat' dir='ltr'><strong>liastae</strong></span> <span class='ocrx_word' id='word_1_309' title='bbox 390 2230 489 2282; x_wconf 86' lang='lat'><strong>***).</strong></span> <span class='ocrx_word' id='word_1_310' title='bbox 534 2229 596 2267; x_wconf 83' lang='lat' dir='ltr'><strong>Ad</strong></span> <span class='ocrx_word' id='word_1_311' title='bbox 621 2242 658 2270; x_wconf 90' lang='lat' dir='ltr'><strong>v.</strong></span> <span class='ocrx_word' id='word_1_312' title='bbox 686 2229 807 2280; x_wconf 70' lang='lat' dir='ltr'><strong>nugis</strong></span> <span class='ocrx_word' id='word_1_313' title='bbox 829 2228 931 2271; x_wconf 85' lang='lat' dir='ltr'><strong>conf,</strong></span> <span class='ocrx_word' id='word_1_314' title='bbox 958 2229 1004 2266; x_wconf 89' lang='lat' dir='ltr'><strong>A.</strong></span> <span class='ocrx_word' id='word_1_315' title='bbox 1031 2228 1076 2267; x_wconf 88' lang='lat' dir='ltr'><strong>P.</strong></span> <span class='ocrx_word' id='word_1_316' title='bbox 1107 2229 1206 2271; x_wconf 87' lang='lat'><strong>322.</strong></span> <span class='ocrx_word' id='word_1_317' title='bbox 1235 2227 1330 2270; x_wconf 88' lang='lat'><strong>451.</strong></span> <span class='ocrx_word' id='word_1_318' title='bbox 1358 2242 1568 2282; x_wconf 79' lang='lat' dir='ltr'><strong>nugaeque</strong></span> <span class='ocrx_word' id='word_1_319' title='bbox 1590 2241 1774 2269; x_wconf 83' lang='lat' dir='ltr'><strong>canorae.</strong></span> 
     </span>
    </p>
   </div>
   <div class='ocr_carea' id='block_1_3' title="bbox 241 2338 521 2346">
    <p class='ocr_par' dir='ltr' id='par_1_3' title="bbox 241 2338 521 2346">
     <span class='ocr_line' id='line_1_31' title="bbox 241 2338 521 2346; baseline 0 792"><span class='ocrx_word' id='word_1_320' title='bbox 241 2338 521 2346; x_wconf 95' lang='lat' dir='ltr'><strong> </strong></span> 
     </span>
    </p>
   </div>
   <div class='ocr_carea' id='block_1_4' title="bbox 245 2400 1780 2960">
    <p class='ocr_par' dir='ltr' id='par_1_4' title="bbox 245 2400 1780 2960">
     <span class='ocr_line' id='line_1_32' title="bbox 354 2400 1776 2449; baseline -0.003 -10"><span class='ocrx_word' id='word_1_321' title='bbox 354 2401 389 2448; x_wconf 76' lang='lat'><strong>²⁰¹)</strong></span> <span class='ocrx_word' id='word_1_322' title='bbox 408 2405 461 2439; x_wconf 86' lang='lat' dir='ltr'><strong>De</strong></span> <span class='ocrx_word' id='word_1_323' title='bbox 480 2402 739 2439; x_wconf 69' lang='lat' dir='ltr'><strong>recitationibus</strong></span> <span class='ocrx_word' id='word_1_324' title='bbox 753 2408 919 2449; x_wconf 82' lang='lat' dir='ltr'><strong>tanquam</strong></span> <span class='ocrx_word' id='word_1_325' title='bbox 937 2402 1104 2437; x_wconf 86' lang='lat' dir='ltr'><strong>librorum</strong></span> <span class='ocrx_word' id='word_1_326' title='bbox 1123 2402 1182 2436; x_wconf 87' lang='lat' dir='ltr'><strong>vel</strong></span> <span class='ocrx_word' id='word_1_327' title='bbox 1198 2401 1410 2437; x_wconf 86' lang='lat' dir='ltr'><strong>edendorum</strong></span> <span class='ocrx_word' id='word_1_328' title='bbox 1425 2403 1484 2437; x_wconf 87' lang='lat' dir='ltr'><strong>vel</strong></span> <span class='ocrx_word' id='word_1_329' title='bbox 1499 2401 1672 2437; x_wconf 86' lang='lat' dir='ltr'><strong>editorum</strong></span> <span class='ocrx_word' id='word_1_330' title='bbox 1686 2400 1776 2435; x_wconf 88' lang='lat' dir='ltr'><strong>indi-</strong></span> 
     </span>
     <span class='ocr_line' id='line_1_33' title="bbox 245 2457 1780 2507; baseline -0.003 -10"><span class='ocrx_word' id='word_1_331' title='bbox 245 2462 342 2497; x_wconf 88' lang='lat' dir='ltr'><strong>cibus</strong></span> <span class='ocrx_word' id='word_1_332' title='bbox 358 2466 395 2496; x_wconf 85' lang='lat' dir='ltr'><strong>et</strong></span> <span class='ocrx_word' id='word_1_333' title='bbox 409 2461 642 2507; x_wconf 86' lang='lat' dir='ltr'><strong>praeconibus</strong></span> <span class='ocrx_word' id='word_1_334' title='bbox 659 2459 749 2494; x_wconf 85' lang='lat' dir='ltr'><strong>dixit</strong></span> <span class='ocrx_word' id='word_1_335' title='bbox 762 2460 932 2505; x_wconf 87' lang='lat' dir='ltr'><strong>imprimis</strong></span> <span class='ocrx_word' id='word_1_336' title='bbox 947 2459 1077 2495; x_wconf 80' lang='lat' dir='ltr'><strong>Mamo</strong></span> <span class='ocrx_word' id='word_1_337' title='bbox 1093 2459 1116 2494; x_wconf 93' lang='lat' dir='ltr'><strong>l.</strong></span> <span class='ocrx_word' id='word_1_338' title='bbox 1135 2459 1160 2494; x_wconf 92' lang='lat' dir='ltr'><strong>l.</strong></span> <span class='ocrx_word' id='word_1_339' title='bbox 1178 2471 1211 2504; x_wconf 90' lang='lat' dir='ltr'><strong>p.</strong></span> <span class='ocrx_word' id='word_1_340' title='bbox 1228 2458 1321 2503; x_wconf 71' lang='lat'><strong>279„</strong></span> <span class='ocrx_word' id='word_1_341' title='bbox 1337 2471 1484 2505; x_wconf 88' lang='lat' dir='ltr'><strong>quocum</strong></span> <span class='ocrx_word' id='word_1_342' title='bbox 1499 2459 1544 2495; x_wconf 82' lang='lat' dir='ltr'><strong>cf.</strong></span> <span class='ocrx_word' id='word_1_343' title='bbox 1560 2457 1780 2503; x_wconf 55' lang='lat' dir='ltr'><strong>Bernhardy·</strong></span> 
     </span>
     <span class='ocr_line' id='line_1_34' title="bbox 246 2515 1776 2563; baseline -0.003 -10"><span class='ocrx_word' id='word_1_344' title='bbox 246 2519 465 2563; x_wconf 83' lang='lat' dir='ltr'><strong>„Grundriss</strong></span> <span class='ocrx_word' id='word_1_345' title='bbox 481 2517 545 2551; x_wconf 88' lang='lat' dir='ltr'><strong>der</strong></span> <span class='ocrx_word' id='word_1_346' title='bbox 560 2518 662 2551; x_wconf 67' lang='lat' dir='ltr'><strong>Ram.</strong></span> <span class='ocrx_word' id='word_1_347' title='bbox 676 2516 915 2551; x_wconf 78' lang='lat' dir='ltr'><strong>Litteratur.“</strong></span> <span class='ocrx_word' id='word_1_348' title='bbox 940 2528 976 2562; x_wconf 89' lang='lat' dir='ltr'><strong>p.</strong></span> <span class='ocrx_word' id='word_1_349' title='bbox 992 2516 1051 2551; x_wconf 83' lang='lat'><strong>31.</strong></span> <span class='ocrx_word' id='word_1_350' title='bbox 1071 2522 1108 2550; x_wconf 82' lang='lat' dir='ltr'><strong>et</strong></span> <span class='ocrx_word' id='word_1_351' title='bbox 1123 2515 1200 2551; x_wconf 88' lang='lat'><strong>105.</strong></span> <span class='ocrx_word' id='word_1_352' title='bbox 1223 2516 1262 2553; x_wconf 88' lang='lat' dir='ltr'><strong>C.</strong></span> <span class='ocrx_word' id='word_1_353' title='bbox 1285 2517 1327 2550; x_wconf 78' lang='lat' dir='ltr'><strong>F.</strong></span> <span class='ocrx_word' id='word_1_354' title='bbox 1346 2516 1541 2551; x_wconf 79' lang='lat' dir='ltr'><strong>Hermann.</strong></span> <span class='ocrx_word' id='word_1_355' title='bbox 1563 2516 1608 2550; x_wconf 89' lang='lat' dir='ltr'><strong>ad</strong></span> <span class='ocrx_word' id='word_1_356' title='bbox 1627 2515 1776 2550; x_wconf 72' lang='lat' dir='ltr'><strong>Lucian.</strong></span> 
     </span>
     <span class='ocr_line' id='line_1_35' title="bbox 248 2572 1089 2619; baseline -0.004 -9"><span class='ocrx_word' id='word_1_357' title='bbox 248 2576 430 2616; x_wconf 82' lang='lat' dir='ltr'><strong>Quomodo</strong></span> <span class='ocrx_word' id='word_1_358' title='bbox 450 2574 600 2608; x_wconf 85' lang='lat' dir='ltr'><strong>historia</strong></span> <span class='ocrx_word' id='word_1_359' title='bbox 624 2585 762 2608; x_wconf 76' lang='lat' dir='ltr'><strong>consor.</strong></span> <span class='ocrx_word' id='word_1_360' title='bbox 783 2585 841 2619; x_wconf 90' lang='lat' dir='ltr'><strong>op.</strong></span> <span class='ocrx_word' id='word_1_361' title='bbox 862 2572 896 2608; x_wconf 88' lang='lat'><strong>5.</strong></span> <span class='ocrx_word' id='word_1_362' title='bbox 920 2585 957 2618; x_wconf 90' lang='lat' dir='ltr'><strong>p.</strong></span> <span class='ocrx_word' id='word_1_363' title='bbox 971 2574 1016 2609; x_wconf 84' lang='lat'><strong>37</strong></span> <span class='ocrx_word' id='word_1_364' title='bbox 1037 2584 1089 2618; x_wconf 88' lang='lat' dir='ltr'><strong>sq.</strong></span> 
     </span>
     <span class='ocr_line' id='line_1_36' title="bbox 333 2628 1775 2676; baseline -0.002 -10"><span class='ocrx_word' id='word_1_365' title='bbox 333 2632 395 2676; x_wconf 84' lang='lat'><strong>**)</strong></span> <span class='ocrx_word' id='word_1_366' title='bbox 416 2632 455 2666; x_wconf 93' lang='lat' dir='ltr'><strong>In</strong></span> <span class='ocrx_word' id='word_1_367' title='bbox 473 2632 619 2666; x_wconf 85' lang='lat' dir='ltr'><strong>alteram</strong></span> <span class='ocrx_word' id='word_1_368' title='bbox 648 2635 782 2675; x_wconf 80' lang='lat' dir='ltr'><strong>partem</strong></span> <span class='ocrx_word' id='word_1_369' title='bbox 803 2636 901 2664; x_wconf 86' lang='lat' dir='ltr'><strong>errat</strong></span> <span class='ocrx_word' id='word_1_370' title='bbox 923 2629 970 2664; x_wconf 82' lang='lat' dir='ltr'><em>W</em></span> <span class='ocrx_word' id='word_1_371' title='bbox 969 2630 1154 2672; x_wconf 53' lang='lat' dir='ltr'><strong>ekbertus,</strong></span> <span class='ocrx_word' id='word_1_372' title='bbox 1176 2639 1279 2674; x_wconf 86' lang='lat' dir='ltr'><strong>quum</strong></span> <span class='ocrx_word' id='word_1_373' title='bbox 1295 2628 1330 2662; x_wconf 87' lang='lat' dir='ltr'><strong>in</strong></span> <span class='ocrx_word' id='word_1_374' title='bbox 1355 2628 1448 2663; x_wconf 82' lang='lat' dir='ltr'><strong>Diss.</strong></span> <span class='ocrx_word' id='word_1_375' title='bbox 1469 2629 1514 2664; x_wconf 88' lang='lat' dir='ltr'><strong>de</strong></span> <span class='ocrx_word' id='word_1_376' title='bbox 1539 2629 1642 2664; x_wconf 70' lang='lat' dir='ltr'><strong>Cass.</strong></span> <span class='ocrx_word' id='word_1_377' title='bbox 1659 2628 1775 2663; x_wconf 74' lang='lat' dir='ltr'><strong>Pam.</strong></span> 
     </span>
     <span class='ocr_line' id='line_1_37' title="bbox 247 2682 1777 2732; baseline -0.002 -11"><span class='ocrx_word' id='word_1_378' title='bbox 247 2699 282 2731; x_wconf 85' lang='lat' dir='ltr'><strong>p,</strong></span> <span class='ocrx_word' id='word_1_379' title='bbox 306 2688 381 2723; x_wconf 87' lang='lat'><strong>156.</strong></span> <span class='ocrx_word' id='word_1_380' title='bbox 411 2688 501 2723; x_wconf 90' lang='lat' dir='ltr'><strong>hunc</strong></span> <span class='ocrx_word' id='word_1_381' title='bbox 521 2688 632 2722; x_wconf 89' lang='lat' dir='ltr'><strong>locum</strong></span> <span class='ocrx_word' id='word_1_382' title='bbox 653 2698 727 2721; x_wconf 88' lang='lat' dir='ltr'><strong>cum</strong></span> <span class='ocrx_word' id='word_1_383' title='bbox 757 2687 828 2721; x_wconf 88' lang='lat' dir='ltr'><strong>Od.</strong></span> <span class='ocrx_word' id='word_1_384' title='bbox 849 2690 884 2731; x_wconf 90' lang='lat'><strong>2,</strong></span> <span class='ocrx_word' id='word_1_385' title='bbox 908 2689 938 2730; x_wconf 91' lang='lat'><strong>1,</strong></span> <span class='ocrx_word' id='word_1_386' title='bbox 960 2688 995 2721; x_wconf 90' lang='grc'><strong>9.</strong></span> <span class='ocrx_word' id='word_1_387' title='bbox 1022 2691 1223 2732; x_wconf 82' lang='lat' dir='ltr'><strong>comparat3</strong></span> <span class='ocrx_word' id='word_1_388' title='bbox 1253 2687 1314 2720; x_wconf 88' lang='lat' dir='ltr'><strong>sed</strong></span> <span class='ocrx_word' id='word_1_389' title='bbox 1343 2685 1379 2719; x_wconf 89' lang='lat' dir='ltr'><strong>in</strong></span> <span class='ocrx_word' id='word_1_390' title='bbox 1407 2686 1596 2732; x_wconf 81' lang='lat' dir='ltr'><strong>lyricorum</strong></span> <span class='ocrx_word' id='word_1_391' title='bbox 1625 2685 1704 2719; x_wconf 76' lang='lat' dir='ltr'><strong>loeo</strong></span> <span class='ocrx_word' id='word_1_392' title='bbox 1731 2682 1777 2718; x_wconf 75' lang='lat' dir='ltr'><strong>de</strong></span> 
     </span>
     <span class='ocr_line' id='line_1_38' title="bbox 248 2738 1773 2790; baseline 0 -14"><span class='ocrx_word' id='word_1_393' title='bbox 248 2744 397 2779; x_wconf 83' lang='lat' dir='ltr'><strong>theatris</strong></span> <span class='ocrx_word' id='word_1_394' title='bbox 416 2745 504 2790; x_wconf 86' lang='lat' dir='ltr'><strong>ipsis</strong></span> <span class='ocrx_word' id='word_1_395' title='bbox 525 2745 584 2790; x_wconf 81' lang='lat' dir='ltr'><strong>agi</strong></span> <span class='ocrx_word' id='word_1_396' title='bbox 602 2748 746 2790; x_wconf 88' lang='lat' dir='ltr'><strong>praeter</strong></span> <span class='ocrx_word' id='word_1_397' title='bbox 765 2748 904 2778; x_wconf 89' lang='lat' dir='ltr'><strong>ceteros</strong></span> <span class='ocrx_word' id='word_1_398' title='bbox 925 2743 1063 2778; x_wconf 78' lang='lat' dir='ltr'><strong>erudite</strong></span> <span class='ocrx_word' id='word_1_399' title='bbox 1082 2743 1205 2778; x_wconf 78' lang='lat' dir='ltr'><strong>docuit</strong></span> <span class='ocrx_word' id='word_1_400' title='bbox 1223 2743 1267 2777; x_wconf 87' lang='lat' dir='ltr'><strong>V.</strong></span> <span class='ocrx_word' id='word_1_401' title='bbox 1289 2743 1344 2777; x_wconf 91' lang='lat' dir='ltr'><strong>Cl.</strong></span> <span class='ocrx_word' id='word_1_402' title='bbox 1366 2742 1414 2778; x_wconf 84' lang='lat' dir='ltr'><em>W</em></span> <span class='ocrx_word' id='word_1_403' title='bbox 1412 2744 1526 2778; x_wconf 79' lang='lat' dir='ltr'><strong>elcker</strong></span> <span class='ocrx_word' id='word_1_404' title='bbox 1539 2742 1577 2776; x_wconf 89' lang='lat' dir='ltr'><strong>in</strong></span> <span class='ocrx_word' id='word_1_405' title='bbox 1601 2738 1773 2786; x_wconf 59' lang='lat' dir='ltr'><strong>„Griech</strong></span> 
     </span>
     <span class='ocr_line' id='line_1_39' title="bbox 250 2798 846 2847; baseline 0.003 -14"><span class='ocrx_word' id='word_1_406' title='bbox 250 2800 499 2844; x_wconf 84' lang='lat' dir='ltr'><strong>Tragoedien“</strong></span> <span class='ocrx_word' id='word_1_407' title='bbox 525 2815 560 2847; x_wconf 87' lang='lat' dir='ltr'><strong>p.</strong></span> <span class='ocrx_word' id='word_1_408' title='bbox 579 2798 670 2837; x_wconf 89' lang='grc'><strong>1423</strong></span> <span class='ocrx_word' id='word_1_409' title='bbox 691 2812 768 2846; x_wconf 85' lang='lat' dir='ltr'><strong>sqq.</strong></span> <span class='ocrx_word' id='word_1_410' title='bbox 843 2835 846 2839; x_wconf 80' lang='grc'>,</span> 
     </span>
     <span class='ocr_line' id='line_1_40' title="bbox 317 2849 1776 2902; baseline -0.005 -11"><span class='ocrx_word' id='word_1_411' title='bbox 317 2851 399 2900; x_wconf 82' lang='grc'>***)</span> <span class='ocrx_word' id='word_1_412' title='bbox 418 2857 520 2891; x_wconf 66' lang='lat' dir='ltr'><strong>Aen:</strong></span> <span class='ocrx_word' id='word_1_413' title='bbox 549 2858 637 2901; x_wconf 83' lang='lat' dir='ltr'><strong>„ille</strong></span> <span class='ocrx_word' id='word_1_414' title='bbox 664 2858 700 2891; x_wconf 88' lang='lat' dir='ltr'><strong>in</strong></span> <span class='ocrx_word' id='word_1_415' title='bbox 722 2858 826 2902; x_wconf 75' lang='lat' dir='ltr'><strong>nugis</strong></span> <span class='ocrx_word' id='word_1_416' title='bbox 857 2858 931 2892; x_wconf 83' lang='lat' dir='ltr'><strong>suis</strong></span> <span class='ocrx_word' id='word_1_417' title='bbox 958 2857 1093 2902; x_wconf 87' lang='lat' dir='ltr'><strong>pondus</strong></span> <span class='ocrx_word' id='word_1_418' title='bbox 1117 2857 1220 2891; x_wconf 86' lang='lat' dir='ltr'><strong>laude</strong></span> <span class='ocrx_word' id='word_1_419' title='bbox 1250 2855 1469 2891; x_wconf 80' lang='lat' dir='ltr'><strong>accumulare</strong></span> <span class='ocrx_word' id='word_1_420' title='bbox 1489 2853 1663 2899; x_wconf 74' lang='lat' dir='ltr'><strong>gaudent,</strong></span> <span class='ocrx_word' id='word_1_421' title='bbox 1693 2849 1776 2895; x_wconf 82' lang='lat' dir='ltr'><strong>quia</strong></span> 
     </span>
     <span class='ocr_line' id='line_1_41' title="bbox 250 2907 1774 2960; baseline -0.003 -15"><span class='ocrx_word' id='word_1_422' title='bbox 250 2912 400 2949; x_wconf 75' lang='lat' dir='ltr'><strong>carmina</strong></span> <span class='ocrx_word' id='word_1_423' title='bbox 419 2923 482 2948; x_wconf 89' lang='lat' dir='ltr'><strong>sua</strong></span> <span class='ocrx_word' id='word_1_424' title='bbox 500 2913 685 2949; x_wconf 82' lang='lat' dir='ltr'><strong>inhoneste</strong></span> <span class='ocrx_word' id='word_1_425' title='bbox 703 2914 838 2949; x_wconf 84' lang='lat' dir='ltr'><strong>laudari</strong></span> <span class='ocrx_word' id='word_1_426' title='bbox 859 2915 1045 2960; x_wconf 82' lang='lat' dir='ltr'><strong>cupiunt.“</strong></span> <span class='ocrx_word' id='word_1_427' title='bbox 1088 2913 1205 2950; x_wconf 83' lang='lat' dir='ltr'><strong>schol.</strong></span> <span class='ocrx_word' id='word_1_428' title='bbox 1222 2913 1352 2958; x_wconf 84' lang='lat' dir='ltr'><strong>Cruq.=</strong></span> <span class='ocrx_word' id='word_1_429' title='bbox 1381 2909 1460 2956; x_wconf 86' lang='lat' dir='ltr'><strong>„illi</strong></span> <span class='ocrx_word' id='word_1_430' title='bbox 1479 2908 1578 2955; x_wconf 84' lang='lat' dir='ltr'><strong>nugis</strong></span> <span class='ocrx_word' id='word_1_431' title='bbox 1595 2907 1668 2942; x_wconf 77' lang='lat' dir='ltr'><strong>suis</strong></span> <span class='ocrx_word' id='word_1_432' title='bbox 1685 2917 1774 2953; x_wconf 88' lang='lat' dir='ltr'><strong>pon-</strong></span> 
     </span>
    </p>
   </div>
   <div class='ocr_carea' id='block_1_5' title="bbox 1870 669 1910 3061">
    <p class='ocr_par' dir='ltr' id='par_1_5' title="bbox 1870 669 1910 3061">
     <span class='ocr_line' id='line_1_42' title="bbox 1870 669 1910 3061; baseline 0 0"><span class='ocrx_word' id='word_1_433' title='bbox 1870 669 1910 3061; x_wconf 95' lang='lat' dir='ltr'><strong> </strong></span> 
     </span>
    </p>
   </div>
  </div>
 </body>
</html>
