1910 3138
283 239 368 283 470
401 240 682 282 COMMENT.
699 240 755 281 IN
773 240 901 281 HOR.
920 240 1020 281 LIB.
1037 242 1067 285 I.
1096 241 1260 282 EPIST.
1285 242 1689 284 DUODEVICESIM.
1726 247 1805 288 122

282 356 435 394 introitu
461 355 569 393 vallis
597 354 762 393 Sabinae
791 356 885 406 sita,
919 355 983 393 ubi
1010 354 1123 394 hodie
1149 356 1348 395 Bardella
1374 364 1456 407 est,
1491 360 1665 397 dixerunt
1698 357 1806 409 Cap-

283 425 429 462 martin
454 422 503 460 de
535 422 702 474 Clzaupy
725 422 985 474 (De'couverte
1009 427 1082 461 etc.
1110 424 1142 462 I.
1170 438 1209 476 p.
1239 425 1333 466 341.
1361 425 1427 466 III.
1454 438 1495 477 p.
1515 427 1556 468 7.
1585 428 1668 468 247
1687 426 1807 478 sqq.),

288 491 457 530 Gerard.
500 491 704 529 Heerkem
738 488 988 542 (Notabilium
1024 492 1088 533 lib.
1128 491 1176 534 Il.
1219 507 1256 544 p.
1285 493 1343 533 30
1367 492 1467 544 sq.),
1507 493 1724 532 Domenieo
1758 494 1807 532 de

286 562 451 599 Sanctis·
473 560 779 611 (Dissertazione
807 572 923 610 sopra
949 559 1037 598 villa
1061 561 1101 597 di
1129 561 1271 599 Orazio
1299 561 1438 599 Flacco
1465 564 1537 603 ete.
1562 562 1671 604 Rom.
1697 564 1806 604 1768

280 644 318 681 p.
343 627 399 669 34
419 628 518 679 sq,),
555 627 773 679 lVestphal
798 626 956 678 („R‹·>·m.
982 628 1230 680 Campagne“
1258 643 1297 681 p.
1317 628 1415 680 115)
1440 633 1480 667 et
1503 630 1554 679 ii,
1584 643 1679 681 quos
1697 643 1805 682 prae·

278 704 385 737 terea
410 697 558 735 laudavi
586 698 623 735 in
653 697 812 735 Excurs.
846 696 876 734 A
905 700 944 735 et
967 696 999 734 B
1029 698 1078 734 ad
1108 697 1174 747 16,
1199 700 1222 740 2
1242 719 1300 726 ·——
1319 699 1359 739 7.
1387 719 1444 726 -—
1482 698 1530 737 V.
1559 699 1653 740 106.
1698 698 1807 749 Quid

278 767 419 803 sentire
439 764 594 816 putas?
640 765 681 803 Si
711 765 907 813 dubitant,
937 768 1060 803 utrum
1088 767 1231 803 sentire
1259 766 1454 817 „cogitare
1481 778 1530 804 an
1559 768 1685 818 potius
1709 767 1807 816 judi-

279 847 366 872 care
395 833 455 872 vel
490 833 734 871 existimare“
769 834 838 882 sit,
878 833 1111 885 comparabis
1154 834 1199 873 C.
1236 834 1277 872 S.
1305 835 1372 876 73.
1409 834 1478 887 (ib.
1506 833 1647 886 Orell.)
1693 835 1808 873 Hace

278 903 416 940 Iovem
439 903 607 948 sentire;
631 903 791 952 precari
819 905 946 940 autem
972 901 1063 939 nihil
1088 902 1182 951 nisi,
1213 899 1423 955 εὔχεσθαι,
1448 904 1488 941 in
1514 903 1613 941 votis
1641 902 1808 942 habere“

277 971 465 1021 signifieat
474 968 528 1022 ¹⁶¹).
580 968 807 1007 Lambinus
833 969 934 1008 haud
964 971 1200 1008 incommode
1226 971 1376 1010 confert
1403 971 1637 1010 Graecorum
1666 972 1808 1010 sormu-

276 1040 332 1078 las
362 1038 512 1092 ,,ε·υ’χῆς
536 1035 627 1087 ἄξια
646 1042 684 1076 et
712 1033 846 1089 εὐχαῖς
868 1034 1009 1090 ὅμοια,
1040 1039 1089 1076 de
1108 1038 1244 1089 quibus
1268 1039 1344 1077 vid.
1377 1039 1622 1078 Stallbaum.
1643 1040 1691 1077 ad
1710 1040 1808 1078 Plat.

277 1110 327 1147 de
354 1109 452 1160 Rep.
481 1109 528 1158 5,
559 1109 596 1149 2.
627 1120 665 1158 p.
695 1107 791 1148 335.
846 1106 905 1145 De
932 1107 1160 1144 Pronomine
1197 1121 1260 1144 me
1295 1111 1384 1146 ante
1413 1107 1639 1146 infinitivum
1665 1107 1806 1145 omisso

279 1176 379 1218 conf.
407 1189 495 1215 ann.
534 1176 583 1214 ad
614 1177 652 1224 2,
679 1176 744 1216 10.
773 1179 811 1213 et
838 1177 879 1225 9,
911 1175 950 1215 5.
978 1174 1146 1213 Ellendt.
1173 1177 1222 1213 ad
1252 1175 1332 1214 Cic.
1358 1176 1408 1214 de
1433 1176 1502 1214 Or.
1530 1176 1573 1225 3,
1598 1175 1639 1226 5,
1671 1177 1736 1217 18.
1766 1178 1807 1214 et

275 1245 432 1284 Ramsh.
463 1245 530 1284 Gr.
558 1244 622 1284 lat.
652 1245 671 1293 §
703 1245 795 1286 168.
819 1243 870 1284 N.
903 1243 971 1284 10.

388 1313 433 1352 V.
467 1313 548 1353 107
569 1326 654 1363 sqq.
696 1312 847 1350 Similes
874 1311 1022 1350 Horatii
1052 1325 1186 1364 preces
1214 1311 1330 1349 habes
1356 1311 1432 1351 Od.
1464 1314 1504 1361 1,
1529 1312 1599 1360 31,
1633 1312 1685 1351 17
1703 1323 1803 1361 sqq.,

276 1381 495 1432 quibuscum
521 1381 649 1419 confer
677 1380 788 1419 Mart.
817 1382 856 1431 1,
887 1381 954 1427 56,
985 1381 1023 1420 1.
1076 1380 1178 1418 Vota
1206 1380 1266 1417 tui
1293 1378 1461 1416 breviter
1495 1379 1533 1415 εἰ
1559 1379 1622 1415 vis
1659 1390 1805 1429 cogno-

276 1463 381 1487 scere
407 1450 547 1486 Marci
572 1470 630 1476 —-
656 1471 713 1476 —
734 1472 791 1478 —
819 1450 913 1486 Hoc
931 1450 1055 1499 petit.-
1086 1462 1166 1486 esse
1190 1449 1256 1486 81ιί
1263 1476 1281 1494 ‚
1309 1461 1381 1487 nee
1409 1448 1550 1499 magni
1573 1448 1678 1484 ruris
1705 1459 1803 1483 ara-

276 1526 358 1565 tor5
393 1516 640 1569 Sordidaque
664 1518 707 1554 in
723 1517 866 1568 parvis
893 1518 975 1554 otia
1000 1515 1118 1554 rebus
1140 1524 1264 1557 amat.
1286 1539 1337 1546 —-
1366 1517 1429 1554 Sit
1449 1515 1550 1553 mihi
1571 1515 1680 1567 quod
1696 1528 1805 1552 nunc

277 1594 332 1623 est
360 1599 435 1624 non
466 1590 543 1635 est,
576 1590 615 1624 ut
643 1587 698 1624 ait
731 1585 859 1623 Schol.
889 1585 1021 1636 Cruq.,
1056 1586 1179 1635 „satis
1208 1586 1258 1623 sit
1286 1586 1387 1636 quod
1419 1584 1588 1633 habeo,“
1626 1583 1696 1621 sed
1723 1581 1806 1632 „sit

277 1655 364 1692 mihi
395 1656 590 1706 proprium
627 1654 686 1692 vel
721 1658 940 1706 permaneat
972 1650 1015 1694 τὸ
1040 1649 1183 1707 παρόν.
1235 1653 1414 1692 Similiter
1447 1653 1525 1691 Od.
1555 1652 1604 1701 3,
1631 1651 1708 1700 29,
1737 1651 1806 1693 32.

283 1723 402 1773 Quod
426 1723 565 1769 adest,
594 1729 782 1760 memento
816 1723 1052 1773 Componere
1080 1736 1242 1774 aequus,
1287 1723 1368 1761 Sat.
1399 1724 1439 1771 2,
1469 1723 1509 1772 6,
1538 1721 1603 1761 13.
1638 1720 1676 1758 εἰ
1700 1719 1809 1771 quod

277 1792 413 1836 adest,
446 1798 610 1842 gratum
627 1793 763 1838 juvat.
809 1791 852 1828 In
880 1791 995 1829 verba
1023 1792 1142 1828 etiam
1181 1791 1313 1827 minus
1341 1791 1567 1828 conveniunt
1591 1802 1687 1840 quae
1715 1789 1808 1827 dicit

277 1859 368 1896 ibid.
401 1871 435 1894 V.
468 1859 522 1898 35
544 1873 601 1908 sq,
644 1859 820 1895 Auctius
856 1865 977 1909 atque
1005 1859 1067 1895 Di
1093 1858 1236 1895 melias
1252 1858 1396 1909 fecere.
1450 1858 1563 1894 Bene
1591 1864 1672 1894 est.-
1703 1857 1809 1895 nihil

277 1927 452 1978 amplius
481 1940 546 1963 oro
571 1930 643 1964 etc.
703 1925 762 1963 De
798 1926 870 1963 hoc
898 1927 1020 1964 animo
1057 1927 1186 1977 paucis
1225 1930 1404 1964 contento
1441 1926 1516 1964 vid.
1545 1939 1632 1964 ann.
1658 1927 1707 1964 ad
1739 1926 1804 1975 10,

278 1994 332 2036 44
349 2018 405 2024 --
425 1995 494 2037 46.
524 1994 608 2032 coll.
639 1992 819 2030 Dillenb.
848 1992 923 2030 Vit.
952 1994 1043 2030 Hor.
1067 2007 1108 2044 p.
1139 1991 1203 2033 14.
1233 1995 1284 2032 N.
1310 1993 1377 2035 47.
1411 1999 1450 2033 et
1478 1995 1526 2033 de
1548 1994 1698 2033 Horatii
1724 1995 1806 2046 pie-

278 2068 358 2103 tate
389 2061 548 2102 Weber.
578 2075 616 2113 p.
648 2062 731 2102 220
752 2074 837 2110 sqq.
879 2058 1076 2098 Praesenti
1100 2065 1224 2098 autem
1251 2074 1374 2100 rerum
1402 2061 1610 2101 conditioni
1637 2061 1806 2099 annecti-

278 2140 338 2172 tur
368 2133 495 2183 optio,
526 2131 618 2181 [non
637 2129 912 2181 potentiorum,
947 2128 1030 2178 sed]
1061 2142 1163 2180 „suo
1183 2129 1255 2166 sibi
1282 2130 1466 2170 arbitratu
1484 2132 1633 2170 vivendi
1659 2130 1802 2183 (Epod.

279 2203 319 2251 2,
346 2203 386 2240 7.
416 2199 476 2250 8.)
508 2199 691 2248 reliquum
719 2197 819 2234 vitae
852 2197 1041 2248 tempus.“
1085 2196 1146 2235 De
1174 2197 1236 2235 illa
1267 2198 1421 2237 notione
1452 2199 1612 2238 Horatio
1648 2199 1805 2249 aliisque

278 2268 448 2308 sollemni
477 2267 576 2306 conf.
604 2266 709 2304 locos
733 2265 783 2303 ad
813 2266 880 2314 10,
910 2266 976 2307 32.
1007 2269 1046 2303 et
1075 2263 1142 2315 14,
1173 2267 1210 2305 1.
1241 2265 1414 2304 laudatos
1442 2279 1515 2305 una
1543 2275 1625 2305 cum
1651 2267 1803 2305 Ruhnk.

277 2338 326 2374 ad
355 2336 515 2374 Terent.
545 2333 619 2375 Ad.
651 2333 691 2383 5,
720 2332 761 2382 4,
794 2334 859 2374 11.
896 2337 934 2372 et
969 2333 1091 2371 Beier.
1128 2333 1177 2370 ad
1211 2334 1292 2371 Cic.
1332 2333 1437 2376 Lael.
1469 2336 1536 2385 23,
1565 2335 1605 2375 3.
1633 2349 1679 2386 ⁴p.
1710 2331 1802 2375 134.

279 2405 341 2443 Sic
367 2403 482 2443 Anth.
515 2404 580 2441 lat.
605 2403 654 2452 3,
686 2403 763 2452 69,
790 2404 831 2442 7.
860 2400 1024 2453 (Burm.)
1059 2401 1198 2440 Vivere
1226 2402 1362 2439 ἀοι-τως·
1391 2405 1464 2440 uni
1488 2401 1573 2440 tibi.
1616 2395 1730 2441 Mizrt.
1761 2402 1802 2452 5,
1883 2408 1885 2410 ’

277 2474 346 2523 20,
378 2475 443 2513 11,
486 2471 611 2508 Nunc
640 2472 741 2508 vivit
766 2470 843 2508 sibi
865 2477 1026 2516 neuter,
1060 2469 1138 2507 heu
1166 2469 1360 2522 bonosque
1393 2471 1503 2508 Soles
1532 2471 1703 2524 eſj'ugere
1736 2479 1803 2509 at-
1879 2498 1885 2510 2

278 2555 352 2590 qne
376 2539 485 2577 abire
511 2540 656 2584 sentit,
693 2539 773 2588 Qui
800 2537 912 2576 nobis
932 2546 1102 2590 pereunt
1125 2547 1162 2576 et
1180 2540 1441 2589 imputantur.
1480 2540 1654 2578 Wernsd.
1683 2540 1726 2578 P.
1755 2538 1803 2581 L.

279 2608 364 2647 min.
394 2608 457 2649 VI.
495 2621 533 2658 p.
565 2608 659 2648 203.
710 2608 817 2644 Pars
845 2620 916 2659 ego
951 2609 1026 2644 sim
1049 2606 1202 2658 plebis,
1247 2606 1358 2644 nullo
1387 2614 1615 2659 conspectus
1639 2607 1802 2653 honore,

389 2766 427 2810 *)
453 2767 605 2802 Vossius:
627 2769 739 2812 „Was
761 2768 852 2802 wohl
867 2769 1011 2814 glaubst
1029 2769 1096 2812 du,
1116 2780 1137 2803 o
1156 2768 1297 2803 Freund
1311 2795 1320 2813 ‚
1342 2768 1404 2803 das
1424 2769 1479 2804 ich
1498 2768 1603 2811 fabr,
1631 2766 1699 2801 und
1719 2768 1802 2801 bete
1868 2791 1870 2794 -

280 2822 341 2854 mit
361 2823 585 2858 Andacht?“
617 2826 655 2859 C.
682 2826 841 2861 Passum:
867 2826 989 2870 „Sag,
1011 2837 1084 2860 was
1102 2825 1221 2860 ffihlen
1240 2826 1309 2860 wir
1331 2826 1454 2860 wohl?
1483 2836 1556 2860 was
1575 2823 1723 2857 denkest
1740 2822 1799 2867 (lu,

279 2876 438 2921 Freund,
459 2881 524 2914 mir
543 2880 653 2914 erbitt
666 2881 782 2931 ich-‘v‘
810 2883 845 2916 J.
860 2882 1015 2918 Merkel:
1035 2884 1148 2928 „Was
1163 2882 1257 2918 wohl
1271 2883 1434 2928 glaubest
1447 2882 1511 2924 dn,
1530 2878 1671 2914 Freund
1683 2905 1694 2923 ‚
1715 2879 1798 2913 dass

279 2933 335 2967 ich
356 2934 445 2968 dann
469 2936 564 2971 siihle
585 2938 653 2971 und
674 2938 877 2973 wiinsche.“
911 2940 1008 2974 Malo
1027 2939 1205 2986 equidem:
1224 2939 1355 2984 „welle
1373 2939 1443 2973 und
1463 2934 1665 2971 wiinsche.“

1885 2859 1910 2917 ’.ἢ
