1910 3138
202 119 223 135 N

107 194 193 238 109
234 189 511 240 ΜΤ.
528 190 587 231 ΙΝ
604 189 729 229 HOR.
747 187 849 228 LIB.
863 188 894 227 Ι.
920 186 1086 227 EPlsT.
1102 185 1287 234 QUINT.
1310 185 1488 227 nsscm.
1532 183 1616 228 Μ

106 316 307 358 Aust-n
331 316 576 368 suppeditant
601 314 748 366 Dausq.
777 314 827 352 ad
850 313 920 351 Sil.
938 311 1025 352 Ital.
1050 315 1091 362 1,
1111 314 1206 355 171.
1227 311 1457 363 (Commeat.
1475 327 1514 365 p.
1531 313 1620 374 21.)

108 384 270 426 'fu-h.
296 386 346 424 ud
372 383 495 423 Plant.
523 383 629 422 Asin.
661 383 711 433 3,
740 383 789 432 2,
818 378 858 422 4.
892 381 976 420 coll.
1004 379 1203 418 Menaech.
1233 381 1356 431 1,,1,
1381 381 1422 422 9.
1449 380 1617 422 Broukh.

55 492 58 493 γ
105 454 159 495 ιθ
177 451 267 492 Tib.
287 454 348 502 .1,
371 452 445 502 10,
474 452 540 493 21.
563 450 670 489 Diss.
696 449 746 488 ad
773 450 823 498 1,
847 447 898 499 5,
927 448 967 489 5.
996 447 1069 488 Ge.
1096 446 1244 487 Fabric.
1274 446 1314 485 in
1339 445 1448 486 Poet.
1476 447 1618 486 Christ.

106 521 318 559 Comment.
344 533 386 572 p.
414 520 484 560 77.
514 518 652 557 Weitz.
687 517 737 555 ad
772 515 955 554 Prudent.
989 515 1127 553 Pei-ist.
1164 512 1219 556 14
1248 513 1363 564 (10),
1391 514 1487 555 760.
1521 512 1618 555 486.

106 591 134 632 2
159 588 239 640 (5),
256 589 337 631 ⁷62.
369 591 491 625 contr.
519 585 732 635 Symmach.
758 584 798 633 1,
822 583 918 624 438.
946 582 1031 620 Jan.
1056 582 1250 621 Gebhard.
1276 581 1464 634 Crepund.
1490 583 1530 632 1,
1550 581 1618 623 15.

104 655 270 708 p.-393.
311 655 450 706 Neque
476 658 604 692 tamen
630 653 703 690 huc
735 652 927 704 pertinent
952 651 1036 692 Sat.
1066 652 1108 700 2,
1134 651 1177 701 7,
1205 649 1273 691 58.
1304 652 1344 688 et
1370 649 1485 701 Prop.
1509 652 1550 700 1,
1581 652 1620 700 1,

107 724 189 774 27„
226 735 340 774 quem
379 726 580 772 utrumque
616 720 740 758 locum
776 718 837 756 alii
873 718 1124 758 contulenmt.
1178 718 1340 756 Maxime
1380 721 1505 756 autem
1547 718 1621 757 huc

104 790 198 838 facit
234 790 371 832 Galen.
406 790 454 828 de
490 789 674 840 Hippocr.
716 790 754 823 et
785 784 883 824 Plat.
912 784 1053 836 Dogm.
1090 788 1129 827 6.
1165 789 1260 824 extr.
1294 785 1341 824 V.
1369 799 1407 836 p.
1436 784 1531 828 584.
1559 788 1620 826 ed.

105 856 234 896 Ku'ihn.
270 855 408 908 (quem
445 857 567 895 locum
596 852 815 894 Mamilius
840 849 1039 907 aperuit),
1080 849 1187 893 οὕτω
1214 853 1319 907 γοῦν
1353 850 1524 895 εἶοίθασι
1553 854 1622 899 καὶ

106 927 188 965 νῦν
215 929 347 966 ποιεῖν
376 923 418 964 οἱ
441 921 535 972 τούς
563 917 864 976 ἆμαρτᾶνοντας
893 919 1046 968 οἰκέτας
1071 915 1415 971 normannicos-ug,
1441 925 1524 964 τοῖν
1548 921 1623 976 μὲν

106 988 485 1046 ἆποδιδρασκόντων
533 988 583 1035 τοὶ
630 989 744 1042 σκέλη
784 988 965 1038 παίοντές
1007 1003 1048 1029 τε
1090 986 1160 1029 καὶ
1200 986 1507 1041 κατασχᾶζοντες
1553 990 1623 1032 καὶ

106 1061 312 1110 παίοντες,
347 1062 428 1100 τῶν
463 1056 508 1100 δὲ
542 1054 792 1100 κλεπτόντων
822 1055 894 1106 τοὶς
921 1061 1073 1110 χεῖρας,
1111 1051 1244 1108 ὅσπερ
1271 1070 1314 1108 γε
1342 1056 1410 1097 καὶ
1436 1060 1520 1100 τῶν
1546 1075 1622 1114 γα-

108 1124 358 1182 creandarum
385 1124 460 1179 τήν
486 1125 678 1180 γαστέρα,
707 1124 777 1167 καὶ
802 1128 883 1166 τῶν
911 1120 1199 1178 φλυαρούντων
1222 1120 1298 1175 τήν
1326 1127 1509 1177 γλῶτταν.

217 1196 264 1236 V.
294 1196 363 1238 38.
393 1216 451 1223 —-
486 1194 600 1232 Idem
633 1193 838 1246 Quicquid
862 1200 949 1231 erat
972 1200 1117 1232 nactus
1138 1192 1315 1244 praedae
1341 1196 1529 1244 maJ‘ori-s,
1561 1197 1623 1235 in·

107 1265 239 1316 tellige
276 1263 378 1316 apud
413 1264 613 1315 nequitiae
635 1263 818 1315 fautores
855 1268 893 1298 et
929 1262 1107 1311 timidos,
1146 1259 1283 1312 quibus
1309 1265 1421 1300 antea
1446 1262 1510 1299 nil
1532 1263 1624 1301 Aut

103 1332 278 1384 paulam
307 1331 553 1378 abstulerat,
587 1331 676 1370 inde
702 1337 871 1376 nactus,
904 1330 930 1369 i.
958 1343 992 1368 e.
1022 1330 1055 1368 si
1081 1330 1116 1368 ei
1151 1329 1385 1379 contigerat,
1409 1333 1451 1368 ut
1467 1353 1527 1360 —
1545 1346 1623 1380 —3

107 1401 159 1440 de
182 1400 371 1440 sententia
399 1399 555 1438 aliorum
579 1392 714 1450 ,'‚cibos
742 1399 918 1436 lautiores
947 1396 1115 1448 quolibet
1139 1400 1300 1448 quaestu
1328 1396 1399 1435 sibi
1428 1410 1627 1451 compara-

107 1469 232 1509 tos.“‘
268 1467 329 1507 De
355 1466 635 1506 delicatioribus
664 1466 756 1504 cibis
783 1479 894 1504 nemo
920 1466 993 1504 erit
1019 1466 1084 1516 qui
1111 1464 1281 1509 dubitet;
1311 1467 1352 1502 at
1378 1478 1492 1516 quum
1517 1481 1626 1506 scur-

108 1550 234 1576 rarum
258 1538 323 1587 sit,
350 1536 451 1574 domi
473 1535 583 1573 vilem
612 1534 734 1573 cibum
761 1533 822 1571 vel
844 1533 982 1572 rodere
1007 1533 1070 1571 vel
1097 1534 1302 1581 devorare,
1330 1537 1502 1583 praestat
1522 1535 1626 1585 prior

109 1606 222 1644 ratio.
257 1603 382 1642 Plaut.
411 1603 561 1653 Captiv.
592 1604 640 1652 1,
672 1605 691 1642 1
706 1628 721 1651 ,
751 1602 804 1643 15
833 1615 920 1653 sqq.
970 1599 1133 1639 Praeda
1159 1600 1274 1650 igitur
1301 1603 1431 1648 major
1456 1603 1626 1642 similiter

110 1655 298 1710 contraria
325 1675 407 1720 est,
435 1674 479 1707 ut
505 1682 567 1721 ap.
597 1668 780 1710 Athenae.
809 1670 886 1719 10,
917 1667 957 1710 4.
991 1682 1031 1720 p.
1059 1665 1158 1708 416.
1203 1663 1424 1721 παμφάγος
1453 1669 1626 1721 Alcman,

111 1738 259 1791 qualem
284 1751 328 1776 se
354 1738 439 1789 ipse
464 1737 692 1788 profitetur,
722 1733 772 1777 οὔ
799 1752 835 1777 τι
858 1733 935 1790 γάρ
960 1732 1013 1778 οὗ
1036 1734 1271 1790 τετυγμένον
1296 1734 1426 1778 ἔσθει·
1455 1732 1556 1778 duni
1575 1737 1627 1780 τοὶ

110 1806 228 1847 κοῖνα
249 1801 347 1859 γάρ,
377 1801 508 1858 ὥσπερ
533 1801 555 1846 ὁ
581 1805 720 1856 δᾶμος,
750 1801 911 1854 ζατεύει.
969 1804 1013 1842 In
1042 1805 1207 1843 dictione
1234 1808 1359 1844 autem
1386 1805 1627 1858 hyperbolica

112 1888 226 1912 omne
268 1873 447 1911 Verterat
481 1873 526 1909 in
550 1872 721 1924 ficmum
756 1880 794 1910 et
829 1874 997 1911 cinerem
1030 1872 1082 1911 nil
1120 1874 1194 1911 nisi
1228 1873 1531 1925 absumptionem
1567 1876 1628 1913 vel

113 1940 326 1980 decoctoris
354 1941 545 1979 notionem
572 1940 739 1993 videbis,
765 1942 840 1982 vid.
866 1940 972 1982 Dias.
1003 1941 1054 1979 ad
1079 1940 1168 1979 Tib.
1198 1943 1246 1991 1,
1278 1942 1324 1987 9,
1353 1942 1421 1983 11.
1462 1943 1627 1994 interpp.

111 2010 163 2048 ad
189 2009 303 2061 Ovid.
331 2007 450 2047 Trist.
476 2008 517 2058 5,
548 2010 615 2058 12,
644 2009 711 2050 68.
764 2009 824 2048 Ita
850 2007 971 2048 Poeni
1003 2008 1178 2061 Φαραὼ
1205 2010 1255 2047 ad
1283 2009 1358 2047 vim
1383 2010 1627 2060 decoctionis,

111 2075 213 2114 uude
241 2075 466 2114 decoctores
493 2076 583 2114 dicti
605 2076 683 2114 sint
709 2075 989 2127 obliguritores‚
1018 2073 1257 2124 δαπανάται,
1276 2075 1466 2126 allusisse,
1496 2076 1631 2114 Scali-

109 2156 205 2195 ger-o
244 2143 476 2182 Graecorum
508 2145 774 2186 κατασποὸεῖν
810 2146 1070 2196 expressisse,
1109 2143 1310 2181 Lambino
1347 2147 1388 2181 et
1430 2144 1629 2181 Tor-tentio

112 2209 204 2248 illud
230 2211 401 2249 sacrificii
429 2225 550 2262 genus
581 2211 761 2263 (Pontan.
789 2213 839 2250 ad
857 2211 1027 2250 Macrob.
1048 2212 1131 2249 Sat.
1153 2213 1193 2260 2,
1216 2214 1254 2254 2.
1281 2224 1321 2262 p.
1342 2210 1440 2251 348.
1468 2211 1528 2252 ed.
1548 2210 1629 2262 Z.),

113 2277 218 2326 quod
243 2281 399 2328 propter
428 2278 526 2317 viam
550 2279 703 2318 Herculi
729 2279 858 2327 fieret,
887 2279 924 2316 in
954 2291 1029 2328 quo
1057 2280 1118 2329 id,
1147 2280 1249 2330 quod
1278 2290 1322 2316 ex
1351 2277 1470 2328 epulis
1498 2290 1631 2329 super-

116 2346 234 2392 esset,
260 2344 340 2394 igni
368 2350 664 2396 consumeretur,
691 2346 921 2396 significasse
949 2346 1055 2382 visus
1080 2350 1150 2383 est.
1174 2367 1230 2373 -
1257 2345 1304 2383 V.
1326 2343 1395 2386 39.
1422 2344 1520 2386 Non
1542 2344 1631 2383 her-

119 2408 207 2445 cule
234 2411 377 2460 miror,
411 2411 571 2460 Ajehat.
625 2413 800 2451 Maenius
836 2413 947 2462 igitur
984 2412 1016 2448 si
1050 2413 1211 2462 quadam
1238 2412 1393 2462 penuria
1418 2424 1631 2452 mensarum

119 2476 339 2526 conquisitis
380 2478 498 2528 epulis
537 2484 809 2518 exstructarum
845 2483 1100 2530 premeretur,
1142 2483 1304 2529 nepotes
1346 2478 1550 2518 mirabatur
1585 2493 1631 2519 ac

120 2542 330 2592 castigabat
362 2543 426 2581 vili
456 2546 557 2584 victu
583 2548 684 2585 domi
722 2550 944 2595 contentus,
986 2550 1026 2584 at
1061 2545 1124 2583 ubi
1157 2545 1337 2583 lautiores
1364 2546 1470 2585 cibos
1496 2547 1631 2586 alicubi

119 2614 252 2648 nactus
280 2610 464 2660 exquisito
493 2624 629 2663 sapore
659 2615 818 2653 affectus
847 2617 950 2664 erat,
986 2613 1099 2662 longe
1133 2612 1242 2650 aliter
1271 2612 1477 2665 sentiebat,
1513 2618 1557 2653 ut
1581 2626 1629 2653 ex

121 2678 257 2716 Bestio
290 2683 457 2714 correcto
490 2677 539 2715 ad
575 2691 681 2718 suam
712 2680 849 2718 Maeuii
887 2680 1100 2718 decoctoris
1128 2683 1301 2717 naturam
1326 2680 1450 2718 denuo
1477 2682 1629 2725 rediret.

123 2745 327 2782 Naturam
356 2744 453 2781 enim
477 2745 648 2794 expellas
662 2747 791 2798 furca
801 2775 817 2793 ,
859 2753 990 2784 tamen
1019 2759 1143 2798 usque
1168 2754 1340 2785 recurret
1366 2751 1405 2786 et
1437 2743 1558 2800 φύσις
1585 2747 1629 2790 δέ

124 2827 192 2862 μιν
226 2810 392 2864 ἔμπαλιν
427 2804 526 2863 ἦγεν
559 2809 825 2866 Ἡδονοπλήξ,
860 2817 903 2851 ut
935 2813 988 2850 ait
1021 2811 1262 2854 Anaxarchus
1289 2827 1350 2868 ap.
1377 2815 1562 2870 Plutarch.
1590 2818 1630 2855 in

124 2877 252 2930 Symp.
275 2881 317 2930 7,
345 2878 384 2919 5.
425 2878 538 2917 Vides
564 2878 699 2930 igitur,
724 2881 844 2921 lector
866 2880 1150 2933 humanissime,
1174 2883 1484 2934 quemadmodum
1504 2884 1629 2924 omnia
