1910 3138
293 203 378 248 474
412 202 692 246 COMMENT.
706 204 764 244 IN
782 202 907 243 HOR.
926 201 1032 243 LIB.
1050 203 1080 245 1.
1104 203 1268 246 EPIST.
1289 205 1700 247 DUODEVICESIM.
1740 206 1823 250 186

294 334 454 372 aequum
480 318 568 357 mihi
591 319 674 368 ipse
701 315 890 368 parabo.“
933 316 1133 356 Sententia
1159 318 1245 368 ipsa
1271 331 1318 358 ex
1343 318 1491 371 placitis
1511 318 1821 374 philosophorum

293 388 474 441 imprimis
502 385 718 424 Stoicorum
751 388 821 423 est.
869 383 927 423 Ita
952 383 1037 425 Juv.
1067 384 1146 435 10,
1174 382 1272 428 364.
1310 383 1378 439 (ib.
1405 386 1580 439 Rupert.)
1615 389 1819 437 Monstro,

295 457 394 510 quid
417 456 500 506 ipse
528 452 602 491 tibi
622 452 751 503 possi-s·
779 451 887 490 dare.
944 451 1096 490 Semita
1123 459 1225 490 certe
1257 453 1516 506 Danquillaae
1535 468 1608 506 per
1635 456 1820 493 virtutem

287 531 401 576 patet
432 523 554 562 unica
581 521 700 560 vitae.
747 519 861 558 ovid.
889 532 935 559 ex
959 519 1071 562 Pont.
1101 522 1140 570 2,
1169 522 1209 572 1,
1238 521 1305 563 53.
1353 522 1416 560 Di
1445 521 1518 561 tibi
1543 522 1636 564 dent
1665 524 1819 562 annos!

291 607 319 631 a
340 599 376 630 te
404 605 499 629 nam
524 596 653 629 cetera
676 601 807 627 sumes
827 592 900 630 etc.
930 587 1012 631 Cic.
1037 589 1091 630 N.
1119 588 1170 627 D.
1198 590 1240 640 3,
1260 590 1332 640 36,
1357 591 1426 631 86.
1467 589 1603 643 Atque
1627 590 1702 631 noc
1727 592 1820 644 qui·-

291 661 380 699 dem
407 673 540 698 omnes
564 656 748 697 mortales
775 657 834 694 sic
861 654 1009 695 habent
1018 684 1036 703 ,
1062 663 1241 696 externas
1263 658 1557 699 commoditates
1581 680 1631 689 —
1652 681 1709 691 -·
1733 673 1819 699 om.

291 743 380 768 nem
411 729 580 780 denique
614 725 927 766 commoditatem
955 726 1332 779 prosperitatemque
1359 728 1466 766 vitae
1500 741 1528 766 a
1567 726 1646 767 (1ϋο
1674 740 1716 766 σε
1742 726 1819 765 ha-

291 797 405 846 bere5
434 797 620 835 virtutem
638 787 774 834 aute‘m
792 807 904 831 nemo
929 807 1108 845 unquam
1126 802 1331 846 acceptam
1354 795 1425 835 deo
1445 794 1584 834 retulit
1604 794 1690 833 coll.
1712 794 1734 844 §
1750 795 1818 838 88.

289 867 425 906 Senec.
455 865 579 917 Epist.
601 866 670 907 27.
710 861 888 900 Nullum
914 860 1060 900 bonum
1084 870 1141 901 est
1150 892 1168 910 ‚
1192 865 1274 903 nisi
1294 864 1405 917 quod
1424 865 1584 903 animus
1609 877 1655 903 ex
1681 875 1723 901 se
1744 861 1822 903 eibi

289 935 454 973 invenit.
497 933 554 972 ld.
585 931 653 974 41.
685 943 915 983 perseveras
943 931 1000 968 ire
1025 931 1083 969 ad
1111 930 1259 971 bonam
1285 941 1478 980 mentem,
1506 946 1629 986 quam
1653 931 1820 972 stultum

291 1009 349 1040 est
375 1009 538 1053 optare,
568 1013 692 1053 quum
715 1001 846 1052 possis
870 1013 898 1037 a
926 1005 962 1036 te
988 1000 1210 1051 impetrare.
1262 1001 1321 1041 ld.
1347 1000 1415 1044 80.
1462 1001 1553 1040 Tibi
1578 1002 1647 1041 des
1673 1007 1822 1054 oportet

288 1071 398 1110 istud
428 1069 573 1109 bonum
602 1067 857 1120 (libertatis):
887 1081 915 1105 a
939 1075 976 1105 te
996 1076 1121 1120 petas,
1164 1070 1219 1110 Id.
1241 1071 1307 1112 98.
1357 1069 1562 1109 Valentior
1580 1072 1688 1110 enim
1712 1073 1823 1110 omni

277 1141 456 1193 fortuna
484 1139 645 1177 animus
676 1144 756 1175 est:
793 1137 837 1174 in
865 1142 1074 1188 utramque
1091 1144 1250 1188 partem
1285 1139 1368 1189 ipse
1399 1153 1461 1177 res
1485 1153 1582 1179 suae
1610 1139 1821 1183 ducitho-

289 1217 457 1261 ataeque
490 1214 528 1245 et
559 1208 724 1245 miserae
761 1206 867 1244 vitae
897 1218 1022 1243 causa
1060 1212 1128 1246 est.
1184 1206 1343 1247 Isocrat.
1371 1208 1421 1246 ad
1446 1207 1646 1249 Demonic.
1680 1222 1720 1261 p.
1747 1210 1816 1251 18.

288 1278 383 1317 wlf.
431 1274 555 1329 Ἡγοῦ
588 1270 801 1329 κράτιστον
846 1269 949 1315 εἶναι
991 1270 1101 1329 παρὰ
1137 1272 1211 1326 μὲν
1243 1275 1348 1316 θεοῦ
1386 1271 1594 1334 εὐτυχίαν,
1632 1275 1743 1331 nuo&
1776 1275 1821 1319 δὲ

288 1343 406 1399 ἡμῶν
435 1339 663 1397 εὐβουλίαν.
693 1342 859 1394 Epictet.
884 1341 990 1381 Diss.
1018 1341 1060 1395 4,
1092 1343 1159 1392 10,
1190 1342 1258 1384 30.
1291 1339 1408 1397 ἆρκεῖ
1433 1359 1502 1396 μοι
1525 1339 1583 1386 ὧν
1607 1343 1680 1398 ἔχω
1706 1345 1819 1395 ἕξου-

289 1414 394 1457 slav.
433 1412 491 1452 Id.
522 1414 561 1462 1,
595 1413 665 1463 29,
699 1411 738 1454 4.
790 1413 942 1452 Τοῦτον
970 1407 1040 1452 τόν
1069 1407 1197 1464 νόμον
1225 1409 1251 1453 o‘
1277 1409 1371 1460 θεὸς
1396 1410 1550 1455 τέθεικε
1574 1412 1643 1455 καὶ
1669 1414 1816 1466 φησίν

288 1482 349 1522 Εἴ
371 1497 408 1522 τι
433 1477 594 1536 ἐγαθόν
621 1478 774 1530 θέλεις,
802 1475 913 1533 παραὶ
939 1482 1106 1521 σεαυτοῦ
1131 1476 1241 1533 λάβε.
1283 1480 1342 1520 Id.
1365 1483 1404 1532 2,
1427 1481 1471 1531 5,
1489 1480 1530 1524 4.
1550 1481 1590 1522 5.
1620 1486 1660 1521 et
1687 1483 1729 1533 2,
1748 1482 1818 1534 19,

288 1552 355 1593 32.
400 1550 458 1591 Id.
490 1547 682 1587 Euchirid.
710 1547 865 1598 Fragm.
896 1546 962 1589 19.
998 1562 1036 1601 p.
1069 1550 1133 1590 17.
1168 1552 1209 1587 et
1240 1550 1333 1591 169.
1369 1563 1411 1601 p.
1439 1549 1508 1592 30.
1536 1550 1599 1589 ed.
1626 1549 1820 1602 nabad).

287 1620 431 1658 Similia
467 1618 712 1670 suppeditant
747 1616 888 1655 Gatak.
927 1617 978 1655 ad
1014 1617 1066 1659 M.
1106 1617 1287 1656 Antonin.
1325 1618 1366 1667 2,
1404 1618 1471 1658 11.
1511 1632 1550 1671 p.
1576 1617 1644 1660 48.
1679 1620 1721 1670 9,
1750 1618 1819 1662 40.
1905 1653 1910 1664 .

288 1702 326 1742 p.
358 1688 452 1730 283.
502 1685 669 1725 Gladius
690 1686 738 1724 ad
766 1684 970 1736 „Cleantlm
1005 1685 1161 1736 Gesang
1189 1686 1260 1723 auf
1281 1685 1356 1724 den
1384 1685 1567 1726 h6chsten
1596 1687 1723 1726 Gott“
1750 1686 1818 1730 28.

287 1769 326 1807 p.
359 1754 425 1796 45.
456 1755 542 1794 coll.
580 1754 625 1796 A.
663 1754 763 1793 Gen.
795 1755 842 1803 1,
871 1754 911 1794 6.
959 1753 1131 1793 Gronov.
1159 1754 1209 1792 ad
1237 1752 1322 1792 Liv.
1344 1754 1391 1803 5,
1421 1755 1499 1806 26,
1529 1754 1596 1798 10.
1638 1755 1740 1798 cort.
1767 1756 1819 1795 ad

286 1823 378 1861 San.
406 1823 494 1873 sug.
528 1824 574 1872 1,
603 1823 643 1863 3.
683 1821 864 1860 Kahner.
902 1822 952 1859 ad
992 1821 1072 1860 cic.
1110 1821 1228 1861 Tusc.
1259 1821 1300 1872 5,
1339 1822 1386 1871 1,
1420 1824 1459 1864 2.
1501 1823 1620 1873 Seyff.
1657 1824 1707 1862 ad
1735 1824 1817 1864 σιο.
1900 1811 1910 1867 ἐ

285 1888 394 1928 Lael.
426 1892 465 1941 2,
502 1892 541 1931 7.
574 1903 613 1940 p.
644 1890 712 1930 33.
767 1888 990 1928 Maso-herl.
1035 1890 1060 1927 l.
1099 1903 1214 1941 supra
1247 1889 1272 1927 l.
1299 1903 1339 1941 p.
1361 1892 1399 1931 6.
1429 1893 1467 1928 et
1494 1890 1544 1928 ad
1570 1890 1647 1928 Od.
1677 1890 1719 1941 3,
1746 1891 1817 1943 29,
1872 1886 1874 1888 ’
1900 1896 1910 1951 3!

288 1958 340 1999 53
370 1971 454 2009 sqq.
505 1957 581 2002 Qui
609 1958 648 1995 in
673 1957 798 1995 verbis
827 1961 935 2009 seqq.
959 1959 1086 2008 ponit.
1117 1956 1270 2008 legunt,
1302 1970 1382 1996 cum
1410 1957 1594 2007 Bentlejo
1620 1962 1685 1998 aut
1712 1972 1817 1998 com-
1899 1950 1903 1998 J

285 2029 422 2078 parant
446 2025 523 2063 Od.
554 2026 593 2075 1,
624 2022 693 2074 34,
723 2023 790 2065 35.
817 2024 899 2074 ὅθι,
928 2029 993 2063 aut
1021 2025 1220 2075 imaginem
1248 2025 1296 2064 de
1325 2026 1484 2078 dapibus
1514 2026 1575 2083 (ut
1596 2026 1656 2065 N.
1683 2028 1816 2065 Hein—

287 2095 369 2132 sius
398 2093 448 2132 ad
477 2093 590 2132 Ovid.
618 2092 665 2132 A.
693 2091 738 2132 A.
770 2094 807 2140 1,
832 2093 945 2145 231.)
973 2094 1191 2151 repetitum,
1218 2097 1286 2132 aut
1304 2093 1362 2146 (ut
1390 2093 1650 2142 Schmidiue,
1677 2095 1742 2148 qui
1765 2095 1818 2135 de

398 2278 438 2323 *)
457 2277 676 2315 Sententiam
689 2276 782 2314 illam
799 2279 983 2314 multarum
994 2278 1162 2313 virtutum
1179 2278 1408 2324 efficientem,
1428 2279 1564 2325 quasin
1583 2278 1738 2326 antiquis
1751 2281 1815 2316 ho-
1888 2296 1891 2299 >

286 2335 436 2372 minibus
457 2336 688 2380 admiramur,
718 2334 883 2371 Muretus
900 2347 976 2371 cum
995 2335 1230 2381 compluribus
1250 2336 1327 2371 aliis
1348 2335 1542 2383 impietatis
1570 2347 1612 2371 no
1633 2337 1817 2374 ‚stultitiae
1888 2351 1889 2355 ¹

285 2394 424 2439 plenam
441 2392 529 2428 dicit
544 2394 589 2429 ad
605 2394 733 2430 Senec.
754 2391 872 2438 Epist.
892 2390 951 2429 41.
973 2393 1069 2439 Opp.
1088 2393 1154 2428 ΙΠ.
1174 2405 1211 2438 p.
1230 2389 1302 2438 46„
1326 2405 1347 2428 a
1362 2404 1430 2439 quo
1447 2405 1515 2428 nou
1529 2393 1670 2429 multum·
1685 2393 1814 2430 abhor-
1886 2418 1890 2423 ι

285 2455 344 2485 ret
357 2462 425 2485 oon
439 2451 618 2486 Lamulx
635 2449 794 2494 (,‚Uiber
813 2449 870 2484 die
885 2451 1028 2486 Gebete
1040 2450 1102 2485 der
1117 2449 1296 2485 Griechen
1313 2451 1384 2484 und
1398 2450 1567 2485 R6mer.“
1596 2451 1811 2496 Wfirzburg.

287 2503 388 2544 1842.
408 2519 446 2553 p.
470 2508 540 2552 7.)=
570 2507 666 2551 „Ein
690 2506 868 2542 stoischer
892 2506 1069 2543 Heuchler
1086 2507 1174 2543 oder
1194 2506 1252 2542 ein
1274 2507 1548 2552 Epicureischer
1565 2507 1715 2543 Dichter
1733 2507 1816 2552 (nit

284 2564 445 2599 Hamanu
467 2575 512 2599 zu
530 2564 661 2607 reden)
682 2563 820 2598 mochte
845 2564 1035 2609 allerdings
1054 2565 1181 2599 beten:
1210 2563 1296 2598 satis
1317 2570 1374 2599 est.
1394 2582 1451 2591 ·-—--
1476 2583 1525 2591 —
1550 2566 1705 2611 parnbo3
1725 2564 1813 2600 aber
1879 2595 1884 2604 .

287 2620 345 2655 die
365 2620 571 2665 allgemeine
595 2621 802 2666 Gesinnung
820 2619 883 2656 der
901 2621 1039 2656 Heiden
1068 2631 1142 2656 war
1165 2619 1242 2655 dies
1261 2620 1556 2663 nimmermehr;“
1586 2622 1648 2656 sed
1670 2632 1813 2664 vereor,
1878 2638 1882 2642 ·

285 2682 324 2711 ut
345 2689 434 2722 quae
449 2678 503 2712 illi
522 2676 676 2712 homines
691 2677 735 2713 de
750 2689 793 2712 oa
805 2688 845 2712 re
868 2679 1062 2723 senserint,
1083 2683 1204 2712 nostra
1221 2678 1396 2713 metienda
1418 2677 1490 2712 sint
1508 2682 1636 2713 mente.
1668 2677 1811 2722 Sobria,
1876 2702 1877 2706 ,

286 2737 325 2766 ut
339 2734 470 2768 assolet
481 2761 491 2778 ,
515 2734 558 2769 de
581 2735 712 2770 talibus
727 2734 864 2780 judicat
880 2736 1159 2770 Friedemannm
1171 2734 1209 2769 in
1224 2735 1317 2769 libro
1334 2736 1447 2770 bonae
1461 2735 1575 2780 frugis
1589 2732 1809 2780 plenissimo:
1875 2730 1881 2734 ’

286 2788 486 2830 „Deutsche
513 2791 754 2826 Schulreden“
777 2804 815 2842 p..
828 2792 907 2828 230.
940 2792 1067 2837 Neque
1086 2802 1231 2838 prorsus
1247 2792 1428 2827 dissimilia
1447 2796 1529 2826 sunt
1542 2801 1630 2836 qnae
1643 2790 1812 2834 leguntur
1872 2820 1874 2822 .

286 2847 379 2889 apud
400 2847 610 2883 Schillerum
632 2855 810 2885 nostrum=
846 2849 967 2893 „Sein
989 2850 1083 2884 Herz
1104 2848 1244 2894 erglfiht
1261 2849 1319 2884 fiir
1342 2850 1420 2885 eine
1440 2847 1609 2893 Tugend,
1629 2845 1695 2881 Die
1714 2844 1808 2880 stola

286 2901 355 2934 und
369 2902 569 2953 sicher-und
583 2905 659 2940 sich
674 2905 787 2941 selbst
801 2917 917 2952 genug
932 2906 1009 2941 Von
1022 2906 1161 2942 ksinem
1176 2907 1340 2942 Glauben
1354 2904 1487 2941 betteln
1505 2899 1619 2938 will.“
