1910 3138
58 194 139 236 177
197 184 477 231 comm.
491 189 550 231 IN
568 190 695 229 HOR.
710 189 811 230 LIB.
827 190 858 230 I.
887 189 1052 230 EPIST.
1071 187 1435 229 UNDEVIcEsm
1498 184 1583 227 525

54 304 204 348 dicitur.
252 302 405 343 Luctet.
441 300 494 355 4,
534 304 601 345 20.
639 303 751 341 volui
785 301 860 340 tibi
888 303 1190 355 suaveloquenti
1228 302 1413 340 Carmine
1451 302 1584 340 Pierio

54 374 248 410 rationem
265 385 452 422 exponere
471 378 648 410 noctram
656 399 674 417 ,
693 372 748 409 Et
765 371 883 422 quasi
896 371 1067 409 Musaeo
1085 371 1198 409 dulei
1214 372 1439 422 contingere
1455 370 1582 408 melle.

57 440 116 479 ld.
134 441 175 490 1,
190 438 288 481 946.
331 440 475 478 Similia
495 439 740 490 suppeditant
761 438 911 476 Mitsch.
937 440 985 476 ad
1014 440 1090 478 Od.
1115 439 1158 488 4,
1181 441 1222 488 2,
1243 441 1297 482 27
1310 436 1364 490 *).
1410 437 1584 477 Nitzsch.

57 508 107 546 ad
132 506 229 548 Plat.
257 506 337 546 Ion.
359 521 399 559 p.
422 507 489 549 33.
520 507 595 559 [IV.
623 520 662 558 p.
693 507 788 547 187.
817 505 920 557 Bip.]
954 506 1072 547 Drak.
1101 508 1151 545 ad
1180 507 1248 545 Sil.
1280 505 1362 545 Ital.
1395 505 1460 554 15,
1490 504 1584 548 458.

59 575 202 626 Gierig.
228 578 277 613 nd
303 574 398 612 Plin.
421 574 540 626 Epist.
568 573 608 625 4,
636 575 678 624 3,
706 574 748 615 3.
790 573 895 614 Gies.
924 574 973 611 ad
1002 574 1084 614 Cic.
1119 575 1167 612 de
1195 573 1319 612 Divin.
1350 575 1390 622 1,
1418 573 1487 623 86,
1516 575 1586 616 78.

60 642 204 684 Geruli.
233 648 273 682 et
299 642 383 681 ott.
410 642 459 680 ad
491 642 570 680 Cic.
604 642 690 680 Cat.
725 642 811 692 maj.
843 642 910 691 10,
939 641 1006 682 31.
1036 642 1191 693 Forbig.
1223 642 1273 679 ad
1298 641 1406 691 Virg.
1435 641 1515 679 Ecl.
1541 642 1585 689 3,

59 709 129 751 89.
159 709 340 750 Wiistem.
368 711 416 747 ad
437 709 600 748 Theocr.
620 711 659 758 8,
679 710 747 751 82.
773 710 901 747 Burm.
924 709 972 746 ad
996 709 1110 747 Anth.
1138 710 1203 747 lat.
1227 710 1256 749 Ι.
1285 723 1323 760 p.
1343 707 1441 750 426.
1485 709 1587 747 Ma-

59 790 158 815 nare
183 782 304 816 autem
333 778 527 816 transitive
560 781 603 816 ut
632 781 676 818 A.
703 776 747 817 Ρ.
779 775 876 817 429.
919 775 1090 813 stillabit
1118 791 1259 814 rorem.
1298 776 1384 814 Juv.
1414 775 1456 825 6,
1487 776 1583 818 623.

58 842 224 895 longam
249 846 460 882 manantia
486 843 604 882 labra
631 844 815 885 salivam.
855 845 989 883 Senec.
1019 843 1154 894 Agam.
1185 844 1283 885 376.
1311 843 1502 881 lacrimae
1528 866 1585 873 ——-

61 911 273 950 Marmora
295 919 463 950 ηιαηαηι
488 914 657 964 antiqua
680 926 816 952 novae.
865 911 952 950 Vid.
984 925 1080 962 quos
1109 911 1236 949 laudat
1259 910 1373 948 Bach.
1399 911 1448 948 ad
1472 911 1586 950 Ovid.

59 978 155 1020 Met.
180 981 222 1030 6,
248 980 344 1022 812.
383 984 422 1018 et
458 980 507 1018 de
533 980 763 1019 Graecorum
795 979 911 1017 verbo
945 976 1071 1030 χέειν,
1105 976 1250 1030 ἒκχέειν
1277 977 1393 1019 Βὲῑιῐ.
1420 978 1470 1016 ad
1498 977 1587 1017 Plu·

59 1045 180 1085 tan-ch.
208 1046 328 1088 Alcib.
357 1049 395 1089 6.
423 1060 460 1099 p.
488 1048 556 1088 92.
588 1070 637 1075 —
667 1047 714 1085 V.
736 1044 804 1088 45.
833 1045 907 1083 tibi
922 1045 1101 1097 pulcher.
1138 1045 1393 1097 Porphyrion:
1419 1046 1587 1097 „judicio

59 1117 126 1152 tuo
161 1118 360 1153 contentus
398 1119 437 1152 te
475 1115 597 1166 ipsum
633 1114 805 1153 laudas.“
861 1113 1050 1164 Tangitur
1083 1114 1196 1164 igitur
1226 1126 1303 1151 non
1331 1116 1409 1150 tam
1441 1114 1585 1165 opinio,

59 1193 136 1231 qua
158 1181 295 1220 nullum
322 1181 393 1220 sibi
416 1194 547 1234 parem
575 1182 784 1233 existimet,
810 1185 850 1220 nt
877 1181 957 1219 vult
975 1182 1240 1232 Desprezizae,
1269 1195 1382 1233 quam
1403 1182 1468 1220 illa
1492 1194 1586 1234 poe·

59 1252 182 1287 tarum
209 1249 418 1300 φιλαυτία,
442 1262 537 1300 qua,
566 1255 607 1287 ut
631 1251 686 1288 ait
710 1252 750 1300 2,
780 1251 820 1299 2,
851 1250 944 1290 107.
973 1261 1014 1284 se
1042 1256 1279 1286 venerantur
1306 1256 1343 1286 et
1368 1249 1500 1295 ultro,
1541 1249 1589 1286 Si

60 1322 219 1363 macac,
255 1316 427 1355 laudant
456 1317 648 1369 quicquid
676 1320 864 1369 scripsere
899 1317 1015 1356 beati.
1070 1316 1202 1355 Talem
1240 1322 1395 1367 poetam
1432 1317 1587 1368 respicit

58 1382 107 1426 Δ.
127 1383 175 1423 P.
207 1385 264 1424 sic
291 1385 340 1423 de
362 1398 406 1424 se
437 1385 683 1435 gloriantem:
712 1399 781 1436 ego
813 1387 916 1423 mira
940 1391 1128 1437 poemata
1151 1397 1301 1435 pango,
1351 1385 1417 1423 Sic
1444 1384 1583 1425 catull.

62 1452 131 1500 20,
167 1452 234 1492 16.
276 1452 326 1490 de
361 1452 538 1492 Suffenoz
576 1466 702 1504 neque
737 1453 841 1491 idem
882 1467 1063 1506 unquam
1100 1452 1242 1504 Aeque
1275 1459 1332 1489 est
1364 1451 1504 1490 beatus
1535 1466 1587 1489 ac

53 1532 200 1569 poema
227 1515 352 1570 quum
378 1518 536 1557 scribit:
574 1521 674 1557 Tam
696 1521 851 1572 gaudet
876 1523 920 1559 in
946 1535 987 1559 se
996 1549 1012 1568 ,
1040 1528 1199 1571 tamque
1226 1533 1266 1557 se
1287 1521 1370 1571 ipse
1397 1521 1580 1558 miratur.

60 1587 174 1626 Mart·
204 1587 273 1636 13,
301 1589 342 1635 2,
369 1589 411 1628 7.
447 1588 496 1626 de
522 1588 796 1629 detrectatum:
834 1591 906 1642 qui
926 1603 968 1628 se
995 1590 1223 1634 mirantur,
1257 1589 1301 1625 in
1336 1587 1428 1625 illos
1462 1587 1582 1625 Virus

61 1653 175 1692 habe.
215 1654 331 1693 vital.
371 1655 540 1695 Bloeens.
574 1655 661 1695 Get.
701 1657 757 1699 20
785 1670 844 1709 sq.
879 1657 958 1710 (ed.
987 1657 1154 1707 Miiller).
1209 1656 1333 1707 Quem
1353 1658 1480 1704 juvat
1513 1657 1584 1692 iste

61 1721 202 1769 labor,
227 1721 306 1760 ooli
323 1722 403 1761 sibi
427 1725 619 1775 seraptitet
645 1723 713 1762 ille
737 1725 795 1762 Et
819 1723 896 1762 sibi
915 1724 1087 1775 pulcher
1108 1731 1171 1762 eat
1192 1732 1229 1762 et
1244 1738 1319 1762 sua
1337 1724 1445 1762 solus
1462 1731 1581 1762 amet.

63 1793 145 1832 Cic.
167 1793 287 1834 Tusc.
316 1793 357 1843 5,
385 1794 454 1843 22,
483 1792 552 1833 63.
588 1793 632 1829 in
656 1792 731 1830 hoc
769 1793 874 1830 enim
897 1806 1041 1844 genere
1078 1794 1206 1830 nescio
1240 1806 1317 1844 quo
1340 1800 1464 1844 pacto
1493 1805 1581 1829 ma-

61 1862 149 1913 gis,
177 1874 298 1912 quam
325 1862 370 1898 in
395 1860 490 1898 aliis.
499 1888 516 1907 ,
552 1874 671 1898 suum
699 1862 841 1912 cuique
862 1860 1083 1911 pulchrum
1111 1866 1191 1907 est;
1229 1859 1364 1897 adhue
1390 1861 1584 1897 neminem

64 1929 232 1981 cognovi
249 1935 408 1979 poetam
435 1951 492 1957 ——
520 1930 590 1980 qui
617 1927 696 1966 sibi
721 1942 801 1966 non
828 1929 1000 1980 optimus
1024 1928 1222 1966 videretur
1234 1926 1307 1977 **).

172 1996 219 2034 V.
246 1995 301 2037 45
331 2020 384 2027 —
409 1996 474 2039 47.
519 1996 596 2034 Ad
619 1995 717 2034 llaec
743 2009 815 2048 ego
838 2019 895 2025 —
914 2009 1045 2047 posco.
1093 1994 1185 2046 „Ad
1209 1995 1300 2033 talia
1314 1993 1400 2046 ***)
1428 1993 1582 2032 naribus

175 2135 216 2180 *)
232 2135 466 2180 Frequentem
483 2134 521 2168 in
538 2133 667 2168 talibus
689 2133 838 2169 nectaris
857 2135 1148 2179 comparationem
1166 2132 1345 2166 illustrant
1363 2131 1517 2166 Boeckh.
1537 2131 1582 2166 ad

64 2191 168 2228 Pind.
191 2193 241 2236 11,
262 2194 296 2228 2.
315 2203 350 2237 p.
372 2192 448 2226 168.
470 2190 641 2225 Wfistem.
661 2189 706 2224 ad
725 2186 880 2224 Theocr.
904 2191 939 2233 7,
957 2192 1015 2225 82.
1036 2191 1139 2224 Pass.
1163 2194 1201 2222 et
1226 2189 1271 2222 O.
1291 2187 1393 2222 Jahn.
1413 2188 1457 2222 ad
1479 2188 1580 2222 Pers.

64 2249 156 2295 prol.
178 2245 235 2284 14.
254 2249 406 2285 Hertzb.
426 2247 470 2281 ad
485 2247 592 2292 Prop.
609 2244 644 2291 4,
662 2248 693 2291 1,
711 2245 768 2281 59.
789 2246 912 2281 Barth.
927 2246 971 2279 ad
986 2246 1185 2280 Nemesian.
1208 2244 1286 2278 Ecl.
1303 2242 1339 2287 4,
1361 2244 1439 2279 150.
1458 2244 1577 2278 Burm.

66 2305 111 2340 ad
125 2306 231 2340 Antia.
245 2305 309 2343 lat.
321 2306 351 2342 Ι,
369 2316 404 2349 p.
417 2303 499 2339 583.
517 2304 682 2338 Wernsd.
697 2303 741 2337 ad
755 2302 892 2336 Licent.
906 2313 1012 2336 carm.
1027 2301 1070 2335 ad
1085 2300 1267 2345 Augustin.
1282 2297 1361 2339 148,
1375 2301 1438 2334 IV.
1456 2312 1491 2345 p.
1498 2297 1579 2336 542.

153 2361 216 2404 ²⁶¹⁴¹)
237 2362 336 2396 Illam
355 2359 551 2403 φιλαυτίαν
568 2360 648 2394 olim
671 2360 903 2394 observarunt
930 2358 1034 2392 Plato
1053 2357 1098 2391 de
1117 2359 1208 2402 Rep.
1232 2358 1265 2400 1,
1284 2353 1320 2392 4.
1353 2357 1404 2402 (p.
1426 2357 1498 2392 330
1517 2357 1580 2401 C.)

66 2413 185 2458 ὥσπερ
203 2414 271 2459 γάρ
294 2413 332 2450 οἵ
347 2414 496 2459 ποιηταὶ
516 2411 560 2449 τοὶ
580 2411 704 2450 αότῶν
721 2412 907 2457 ποιήματα
925 2412 982 2446 καὶ
1006 2409 1042 2447 οἷ
1058 2410 1211 2453 πατέρες
1230 2409 1318 2451 τούς
1336 2411 1474 2452 παῖδας
1493 2407 1580 2458 αἰγα-

66 2471 158 2507 πῶσι
177 2478 246 2506 etc.
272 2479 309 2506 et
326 2472 535 2506 Aristoteles
562 2472 598 2506 in
626 2472 711 2508 Eth.
735 2467 770 2514 4,
794 2472 825 2514 1,
848 2472 904 2506 20.
933 2467 995 2503 καὶ
1019 2467 1152 2507 πάντες
1185 2463 1351 2510 ἀγαπῶσι
1378 2469 1510 2511 μᾶλλον
1532 2466 1578 2504 τὰ

66 2524 191 2563 αὑτῶν
214 2525 320 2572 ἔργα,
346 2523 464 2570 ὥσπερ
484 2524 522 2561 οῖ
547 2529 665 2572 γονεῖς
685 2525 746 2560 καὶ
773 2522 811 2559 οἷ
837 2525 998 2568 ποιηταί.
1034 2524 1126 2560 Ibid.
1147 2524 1181 2568 9,
1209 2525 1244 2567 7,
1266 2523 1301 2559 3.
1331 2525 1410 2563 coll.
1440 2525 1577 2564 Erasm.

67 2584 206 2629 Adagg.
233 2585 265 2627 1,
292 2584 325 2626 2,
349 2582 403 2618 15.
437 2583 568 2618 Mutet.
595 2584 659 2627 (ad
682 2581 829 2625 Catull.)
854 2581 951 2626 opp.
980 2582 1030 2615 ΙΙ.
1057 2592 1094 2625 p.
1113 2580 1194 2615 751.
1220 2580 1357 2618 Ruhnk.
1386 2581 1510 2616 Eckst.
1541 2588 1578 2618 et

66 2641 171 2676 Heu.
188 2639 233 2674 ad
246 2639 335 2674 Tac.
354 2639 446 2672 Dial.
463 2639 499 2673 3.
519 2651 555 2683 p.
577 2640 635 2675 13.
665 2637 802 2681 Gierig.
826 2637 868 2671 ad
888 2637 980 2670 Plin.
1003 2637 1120 2682 Epist.
1137 2637 1171 2678 7,
1185 2633 1219 2678 4,
1236 2636 1271 2670 9.

131 2695 216 2740 ***)
236 2694 431 2730 Formularu
450 2695 497 2728 ad
518 2696 604 2729 haec
626 2694 804 2736 Bentlejus
822 2694 866 2727 ad
882 2693 997 2737 Epod.
1016 2693 1050 2735 9,
1072 2694 1127 2727 17.
1162 2693 1294 2726 rectius
1322 2692 1578 2739 interpretatur

67 2764 169 2799 qnam
187 2752 231 2786 ad
249 2753 327 2786 Sat..
347 2752 379 2794 1,
398 2751 433 2794 6,
452 2750 509 2785 87.
521 2776 531 2792 ,
553 2748 613 2783 ubi
630 2750 708 2784 vult
726 2748 796 2782 dici
815 2750 857 2782 ob
879 2748 936 2782 vel
955 2754 1118 2793 propter,·
1148 2748 1270 2793 quodsi
1287 2749 1448 2786 Handim
1465 2752 1578 2797 (Tur-

69 2809 145 2846 sell.
165 2809 196 2844 Ι.
213 2821 250 2854 p.
271 2806 357 2852 126)
375 2807 412 2841 ἰπ
431 2806 484 2840 his
502 2806 675 2850 explicat,
707 2805 877 2839 rationem
897 2815 1004 2850 supra
1030 2804 1218 2839 indicatam
1239 2806 1339 2851 sequi
1356 2807 1454 2842 malo.
1497 2809 1577 2843 Dis-

69 2870 194 2911 crepat
220 2875 356 2911 qnoque
383 2860 573 2910 explicatio
598 2873 659 2896 vv.
691 2861 834 2896 naribus
858 2861 930 2899 uti5
961 2861 1134 2907 Porphyr.
1159 2861 1248 2896 enim
1275 2863 1370 2909 apud
1395 2864 1576 2901 Hoched,:

125 2932 266 2967 Hon‘r.
286 2932 334 2966 ΙΙ.
1193 2923 1247 2965 34
1275 2926 1364 2978 (12)
