1910 3138
597 872 1536 951 HORATII-

339 1007 699 1094 '12113111
765 1048 804 1093 1.

909 1048 1458 1109 EPISTOLA
1528 1046 1657 1096 xlv.

727 1195 797 1229 AD
828 1196 1117 1231 VILLICUM
1146 1197 1320 1232 SUUM.

328 1475 522 1548 villice
556 1503 762 1546 silvarum
795 1504 840 1547 et
872 1503 973 1547 mihi
1007 1517 1077 1548 me
1111 1493 1328 1548 reddentis
1361 1502 1522 1563 agelli,-

329 1580 469 1636 Quem
503 1584 551 1625 tu
582 1581 751 1626 fastidis
785 1582 1020 1627 habitatum
1058 1585 1238 1642 quinque
1273 1582 1381 1627 focis
1417 1570 1462 1626 et

329 1659 526 1718 Quinque
561 1661 695 1706 bonos
729 1663 901 1707 solitum
934 1661 1111 1707 Variam
1147 1662 1358 1707 dImittere
1386 1663 1551 1721 patres,

313 1784 368 1818 Ad
391 1784 540 1820 villicum
567 1798 681 1821 suum.
725 1786 814 1822 Mss.
846 1788 948 1832 Lips.
979 1789 999 1824 2

256 1837 429 1885 (vinnm).
448 1842 482 1876 3.
503 1843 606 1876 Dess.
623 1845 655 1878 2.
676 1843 792 1877 Berol.
809 1846 842 1879 2.
862 1844 960 1878 Mon.
976 1844 999 1879 l.

256 1896 320 1942 (de
331 1896 477 1942 reliquis
487 1898 570 1932 mihi
580 1912 648 1934 non
660 1900 803 1946 liquet).
819 1901 998 1945 Rudolst.‚

255 1953 358 1988 addit
376 1954 456 1988 cod.
475 1956 628 1990 Mentel:
651 1958 694 1991 de
711 1957 866 1991 vanitate
884 1958 1000 1992 studii.

254 2009 349 2045 Edd.
375 2011 471 2058 vulg.
504 2015 559 2048 Ad
577 2013 737 2047 villicum.
765 2013 860 2047 Edd.
882 2013 998 2047 Bentl.

255 2067 347 2104 Cun.
361 2068 504 2104 Wakef.
520 2070 670 2104 Haberf.
686 2069 849 2106 Praedic.
866 2070 911 2103 al.
931 2070 998 2113 Qu.

253 2124 342 2161 Hor.
367 2126 426 2159 Fl.
454 2127 552 2161 vilico
577 2139 639 2161 suo
665 2139 692 2160 s.
733 2127 803 2161 Ms-
832 2127 936 2160 Gott.
966 2127 999 2161 2.

253 2181 351 2217 Edd.
383 2182 509 2218 Venet.
527 2180 611 2219 477.
631 2185 688 2219 79.
708 2185 766 2218 81.
797 2182 898 2227 [vim]
930 2183 997 2225 Qu.

255 2239 344 2273 Hor.
360 2240 393 2273 F
393 2240 417 2273 l.
433 2242 480 2275 ad
493 2241 641 2275 villicum
650 2253 764 2277 suum.
784 2239 853 2273 Ed.
868 2240 997 2273 Venet.

255 2295 456 2342 (Britann.)
471 2297 552 2333 520.
582 2298 701 2331 7ἱὶῑὶοο
718 2308 792 2331 suo.
811 2296 906 2330 Edd.
923 2300 996 2329 vet.

254 2363 313 2398 ap.
330 2353 450 2388 Maitt.
466 2374 522 2380 —-
536 2355 580 2390 V.
597 2356 630 2389 1.
652 2353 781 2388 Villice.
798 2353 886 2387 Mss.
903 2364 992 2386 omn.

253 2414 366 2445 nostr.
387 2415 531 2456 praeter
549 2422 613 2445 ms.
636 2411 733 2456 Lips.
754 2412 790 2445 1.
810 2410 870 2455 qui
888 2409 995 2444 habet

256 2465 361 2501 Vilice
379 2473 418 2501 ut
440 2469 486 2503 E.
511 2480 569 2514 ap.
592 2468 703 2503 Orell.
726 2472 764 2502 et
783 2466 839 2501 ed.
861 2465 995 2501 Dillen-

252 2522 353 2567 burg.
375 2524 512 2565 Quodsi
528 2524 682 2559 Orellius
705 2535 805 2558 unam
827 2523 838 2557 l
858 2534 996 2569 semper

253 2578 289 2611 in
301 2579 485 2626 Inscriptt.
510 2582 662 2616 inveniri
690 2582 761 2625 ait,
789 2592 856 2626 ego
882 2591 994 2626 nego;

254 2647 330 2670 nam
354 2637 493 2683 duplice
515 2639 620 2674 litera
644 2639 812 2673 scribitur
831 2638 867 2672 in
885 2640 995 2672 Inscr-

254 2691 367 2725 Orell.
390 2706 424 2728 n.
449 2696 549 2731 2857.
574 2702 610 2730 et
636 2698 738 2732 2860.
762 2695 842 2730 coll.
874 2694 996 2740 Symb.

253 2747 405 2783 litterar.
432 2752 564 2787 Decad.
587 2753 730 2787 secund.
748 2753 866 2797 (Rom.
885 2748 995 2795 1741)

253 2804 282 2838 1.
303 2816 338 2849 p.
354 2807 388 2839 8.
410 2808 482 2841 Sub
499 2810 619 2852 Judice
639 2809 684 2843 lis
704 2814 778 2854 est,
798 2809 873 2843 vid.
893 2809 994 2842 Jahn.

254 2860 301 2894 ad
315 2861 350 2894 h.
366 2861 391 2895 l.
408 2864 535 2898 Garat.
555 2866 598 2900 ad
622 2866 699 2901 Cic.
721 2878 775 2912 pr.
795 2866 915 2900 Plane.
938 2864 993 2901 25.

1045 1801 1082 1834 p.
1096 1785 1178 1823 749.
1189 1788 1246 1822 ed.
1260 1787 1372 1821 Orell.
1387 1787 1534 1831 Osann„
1551 1785 1595 1820 V.
1610 1785 1678 1831 cl„
1692 1783 1787 1832 Aug.

1044 1844 1118 1879 Lit.
1135 1845 1230 1879 Zeit.
1244 1845 1345 1880 1827.
1361 1844 1449 1889 Erg.
1461 1843 1517 1878 Bl.
1529 1843 1578 1877 N.
1589 1842 1646 1879 69.
1657 1854 1694 1889 p.
1705 1839 1786 1878 547.

1046 1906 1083 1936 et
1098 1913 1184 1947 quos
1196 1902 1317 1936 laudat
1326 1902 1456 1945 Wagn.
1470 1899 1506 1934 in
1517 1899 1690 1945 Orthogr.
1700 1899 1789 1934 Ver-

1045 1958 1106 2004 gil.
1126 1971 1162 2004 p.
1177 1955 1260 1994 454.
1277 1957 1358 1992 coll.
1373 1956 1568 1992 Weichert.
1584 1955 1703 1992 Lectt.
1716 1955 1789 1994 ve-

1044 2027 1120 2050 nus.
1136 2028 1172 2060 p.
1185 2015 1241 2051 75.
1257 2014 1422 2051 Hildebr.
1435 2014 1481 2055 ad
1495 2013 1598 2060 Apul.
1613 2013 1712 2059 Mag.
1727 2012 1787 2048 87.

1045 2084 1082 2116 Ρ.
1106 2072 1186 2106 609.
1218 2075 1255 2105 et
1283 2083 1352 2105 van
1379 2072 1446 2106 Jan
1472 2070 1510 2105 in
1534 2070 1653 2106 NJbb.
1681 2065 1785 2106 1843.

1046 2127 1233 2162 XXXVII.
1251 2130 1284 2163 1.
1302 2124 1339 2173 p.
1354 2127 1387 2161 9.
1407 2127 1524 2172 Atque
1542 2126 1634 2160 haud
1652 2126 1727 2165 scio
1742 2136 1787 2159 an

1043 2183 1175 2218 rectius
1198 2185 1376 2218 scribatur
1393 2184 1499 2227 villa,
1527 2183 1592 2217 sed
1609 2182 1729 2216 vilicus
1745 2186 1787 2226 ut

1043 2241 1135 2274 mille
1150 2244 1186 2274 et
1200 2241 1304 2285 milia,
1321 2239 1382 2274 sed
1398 2239 1441 2273 ab
1458 2239 1600 2285 optimis
1615 2250 1695 2274 mss.
1710 2238 1786 2273 Ho—

1041 2302 1110 2331 rat.
1124 2296 1307 2331 discedere
1319 2295 1492 2333 dubitavi.
1503 2315 1558 2321 —-
1569 2295 1652 2330 mihi
1662 2308 1717 2331 me
1729 2307 1786 2330 re·

1039 2354 1196 2388 dimentis
1218 2366 1281 2400 ag.
1310 2353 1381 2388 Ms.
1400 2353 1522 2387 Barth.
1538 2352 1632 2387 Adv.
1650 2352 1713 2397 15,
1727 2352 1784 2395 3.;

1040 2409 1248 2455 scripturam
1278 2411 1322 2444 ab
1347 2409 1408 2444 illo
1438 2409 1629 2455 probatam'
1651 2409 1788 2444 refutat

1039 2467 1237 2512 Bentlejus.
1262 2469 1428 2501 Ceterum
1453 2467 1500 2500 mi
1519 2467 1680 2501 scribunt
1700 2477 1784 2501 mss.

1040 2524 1143 2557 Dess.
1165 2526 1198 2559 2.
1222 2524 1255 2558 3.
1276 2523 1377 2569 Lips.
1402 2523 1438 2558 3.
1463 2527 1500 2557 et
1517 2524 1682 2558 silvarum
1702 2521 1785 2557 naim

1041 2580 1151 2615 Dorv.
1166 2582 1196 2615 1.
1210 2582 1329 2615 Guelf.
1341 2578 1376 2615 4.
1393 2581 1450 2614 Ex
1462 2580 1639 2625 scriptura
1649 2578 1785 2624 aliquot

1041 2649 1123 2673 mss.
1139 2639 1288 2672 redcntis
1304 2643 1417 2672 ortum
1433 2640 1488 2670 est
1500 2636 1656 2683 sphalma
1668 2635 1785 2669 riden—

1039 2695 1082 2728 tis
1096 2694 1133 2728 in
1152 2694 1230 2728 edd.
1248 2696 1337 2729 Ven.
1354 2691 1436 2728 477.
1453 2694 1511 2728 81.
1524 2711 1579 2719 —-
1596 2691 1641 2725 V.
1654 2692 1687 2727 2.
1705 2690 1784 2738 agi-
1838 2741 1843 2745 '
1863 2707 1873 2724 ,-,

1039 2756 1164 2786 tatum.
1180 2752 1248 2785 Ms-
1265 2752 1361 2786 Altd.
1378 2762 1434 2796 ap.
1449 2748 1597 2783 Haberf.
1614 2747 1784 2793 —som’c-

1041 2819 1116 2852 que.
1136 2808 1256 2842 Guelf.
1274 2810 1306 2843 2.
1323 2820 1343 2842 a
1359 2809 1448 2842 1.m.

1099 2865 1140 2898 V.
1172 2865 1206 2899 3.
1246 2863 1278 2899 V
1276 2865 1398 2899 ariam.
1433 2861 1522 2896 Mss.
1551 2871 1663 2904 paene
1690 2871 1782 2894 omn.
