2034 3224
382 223 464 266 132
503 223 879 265 COMMENTARII
898 223 958 262 IN
978 221 1202 264 HORATII
1219 222 1319 266 Lm.
1335 225 1367 265 I.
1388 223 1555 266 EPIST.
1570 224 1808 266 DUODEC.
1849 227 1932 271 132

380 353 414 391 ei
444 352 510 402 id,
550 350 651 388 unde
683 352 830 395 utatur,
868 353 1043 400 paratum
1071 350 1146 401 sit,
1188 350 1282 388 satis
1312 363 1505 403 superque
1530 350 1692 400 habeat,
1730 352 1780 390 ad
1807 363 1935 391 rerum

378 423 506 459 autem
535 420 700 456 fructum
730 417 763 454 si
791 418 950 455 accedat
978 417 1080 456 bona
1109 416 1306 468 valetudo,
1342 432 1392 457 ne
1419 418 1571 470 regales
1598 419 1753 470 quidem
1781 419 1934 459 divitias

378 489 549 540 potiores
579 498 664 523 esse
690 484 900 524 habendas,
939 479 1028 524 Jam
1054 487 1266 539 prudenter
1293 489 1470 538 tecteque
1499 487 1690 538 significat
1713 486 1852 538 Poeta,
1887 501 1935 526 ex

378 556 477 595 Iccio
507 556 591 606 ipso
618 564 757 602 magna
780 554 884 591 nasci
912 553 1038 604 bona,
1067 567 1205 607 quum,
1243 554 1283 594 id
1311 555 1417 605 quod
1443 555 1483 593 in
1510 553 1732 594 Democrito
1759 556 1934 595 admirati

379 624 456 662 sint
477 623 646 661 homines
672 620 837 659 animum
860 620 1007 661 scilicet
1024 621 1288 674 philosophiae
1310 623 1419 662 unice
1442 623 1641 674 intentum,
1667 628 1708 662 et
1729 625 1813 676 ipse
1833 624 1934 663 inter

377 690 631 730 necessarium
654 702 740 727 cum
761 688 974 728 hominibus
997 690 1053 728 rei
1077 691 1317 742 quaerendae
1339 690 1484 742 cupidis
1509 691 1775 730 commercium
1796 703 1820 730 a
1840 704 1934 730 con-

377 758 622 810 templatione
649 770 777 795 rerum
802 757 1025 796 coelestium
1059 772 1102 797 se
1131 758 1269 797 abduci
1299 771 1378 796 non
1404 759 1582 809 patiatur.
1639 757 1793 798 Deinde
1825 759 1933 798 facta

378 826 548 876 Pompeji
577 825 748 876 Grosphi
782 826 975 864 mentione
1005 830 1045 864 et
1073 826 1401 864 commendatione
1435 826 1594 865 amicum
1626 826 1678 864 de
1704 826 1820 865 rebus
1845 827 1931 866 Ro-

375 895 511 944 manis,
539 894 565 933 i.
591 906 625 931 e.
655 892 778 931 tribus
807 893 976 931 victoriis
1001 893 1260 951 amplissimis,
1290 893 1535 981 Cantabrica,
1566 893 1787 934 Armeniaca
1815 898 1855 933 et
1880 895 1930 933 de

374 976 556 1015 agrorum
583 961 799 999 Italicorum
825 961 1001 1000 ubertate
1028 962 1121 1001 facit
1151 963 1361 1001 certiorem.

488 1029 608 1068 Aliter
636 1033 763 1067 autem
790 1030 840 1068 de
867 1030 940 1068 hoc
968 1029 1078 1080 hujus
1104 1031 1303 1082 Epistolae
1329 1033 1554 1082 argumento
1582 1017 1757 1070 statuunt
1781 1030 1835 1081 ii,
1864 1032 1929 1082 qui

372 1100 495 1138 tribus
520 1098 592 1136 illis
617 1097 841 1136 Scholiastis
870 1098 975 1136 dicto
1001 1098 1201 1136 audientes
1229 1099 1370 1137 Iccium
1398 1101 1448 1138 de
1476 1111 1546 1138 sua
1572 1097 1813 1150 querulitate,
1839 1110 1910 1136 ava

371 1169 482 1218 ritia,
512 1165 767 1204 inconstantia
795 1169 836 1203 et
869 1177 967 1215 quae
999 1170 1088 1203 sunt
1116 1166 1376 1216 hujuscemodi
1413 1167 1550 1206 leviter
1581 1167 1748 1206 derideri
1780 1170 1928 1220 putant.

370 1235 544 1275 Hominis
571 1245 699 1272 mores
723 1233 809 1284 plus
828 1245 952 1283 aequo
973 1233 1212 1273 adumbravit
1234 1235 1413 1273 sordidos
1438 1234 1718 1281 Wielandiscs,
1746 1235 1787 1273 in
1805 1235 1928 1286 majus

370 1304 503 1343 extulit
529 1301 794 1353 Doeringias‚
824 1301 934 1339 aliter
961 1302 1011 1339 de
1034 1301 1080 1339 iis
1105 1301 1227 1339 sensit
1245 1302 1464 1349 Gesnerus,
1493 1308 1534 1342 at
1551 1304 1601 1342 de
1618 1302 1773 1342 crimine
1795 1301 1927 1340 talium

369 1385 497 1410 rerum
522 1374 677 1422 praeter
700 1373 849 1407 ceteros
876 1364 1157 1420 Iccium⁵plene
1187 1369 1360 1409 defendit
1391 1373 1465 1410 Fr.
1497 1369 1712 1409 Jacobsim
1740 1369 1804 1422 (V.
1830 1383 1871 1421 p.
1898 1370 1927 1410 3

368 1462 425 1468 —-
439 1439 525 1489 30).
556 1439 601 1477 In
628 1437 854 1475 sententiam
882 1436 961 1474 Viri
990 1437 1126 1475 summi
1154 1439 1315 1488 pedibus
1343 1441 1448 1479 ivere
1481 1437 1731 1485 Schmidius,
1756 1437 1927 1475 Braun-

367 1506 541 1553 hardus,
567 1504 762 1550 Orellius,
784 1503 1031 1546 Diintzerus.
1057 1503 1204 1543 Dubito
1218 1511 1358 1557 autem,
1378 1521 1470 1546 num
1488 1508 1582 1546 satis
1601 1509 1710 1545 caute
1727 1510 1927 1558 postrema

367 1575 522 1626 quidem
550 1573 667 1611 verba
695 1574 894 1630 scripserit
926 1573 1264 1612 Walbkenaerius
1291 1574 1356 1628 (11.
1385 1589 1425 1627 p.
1448 1575 1585 1628 171.):
1614 1573 1766 1625 „Iccius
1795 1573 1927 1612 s'etait

365 1643 487 1695 plaint
506 1656 579 1693 que
596 1642 633 1680 la
651 1641 762 1693 place
781 1641 872 1693 qu'il
890 1641 1120 1694 remplissait
1143 1642 1196 1681 lui
1212 1642 1305 1681 etait
1324 1642 1624 1683 mediocrement
1645 1639 1866 1694 profitable‚
1883 1645 1926 1680 et

367 1711 504 1762 qu'elle
522 1711 559 1749 le
580 1710 800 1749 de'tournait
824 1711 872 1748 de
900 1709 1045 1764 l'etude
1066 1711 1116 1750 de
1140 1710 1178 1748 la
1200 1710 1466 1762 philosophie;
1493 1710 1594 1750 c'est
1616 1712 1641 1751 a
1654 1711 1752 1764 „quoi
1769 1710 1925 1750 Horace

365 1779 530 1830 repond.
553 1777 679 1816 Avant
697 1779 746 1816 de
764 1779 1051 1817 recommender
1063 1778 1282 1831 Grosphus,
1300 1778 1327 1816 il
1342 1781 1435 1817 veut
1453 1779 1615 1830 profiter
1633 1780 1682 1819 de
1702 1778 1925 1830 l'oc'casion,

365 1858 463 1898 pour
500 1849 640 1884 mettre
676 1846 904 1885 l’intendant
944 1846 1158 1901 d'Agrippa
1186 1860 1236 1885 en
1263 1845 1382 1898 garde
1410 1850 1544 1885 contre
1570 1846 1846 1886 l'inconstance
1874 1845 1924 1884 de

366 1926 439 1952 son
465 1913 585 1965 esprit
612 1918 652 1952 et
679 1914 715 1951 le
741 1914 936 1964 premunir
964 1921 1095 1954 contre
1124 1915 1160 1956 le
1185 1919 1274 1966 trop
1303 1914 1428 1966 grand
1451 1913 1556 1952 desit
1583 1913 1674 1966 qu'il
1700 1927 1724 1952 a
1747 1914 1797 1952 de
1818 1913 1924 1953 s'en-

365 1980 478 2021 richir
503 1982 829 2033 promptement.“
857 1983 1045 2032 Equidem
1074 1983 1315 2033 crediderim,
1342 1981 1440 2021 tales
1468 1981 1645 2033 querelas
1674 1981 1819 2034 optimo
1843 1981 1925 2020 cni-

365 2063 440 2101 que
461 2049 513 2088 ad
535 2053 686 2101 tempus
710 2051 881 2089 excidere
900 2050 1056 2100 homini,
1088 2064 1185 2102 quae
1213 2064 1263 2090 ne
1291 2052 1332 2090 in
1356 2050 1479 2102 ipsius
1501 2062 1630 2090 mores
1654 2050 1925 2102 ingeniumque

366 2117 645 2157 transferantur
671 2130 907 2170 magnopere
934 2119 1144 2158 cavendum
1170 2125 1243 2159 est.

477 2185 620 2225 Iccium
648 2190 777 2225 autem
817 2188 979 2225 eundem
1013 2200 1121 2237 esse,
1161 2189 1219 2226 cui
1250 2199 1402 2225 carmen
1433 2188 1484 2236 1,
1514 2185 1582 2229 29.
1610 2186 1835 2237 inscriptum
1856 2184 1923 2236 sit,

365 2266 497 2292 omnes
520 2252 582 2292 hic
610 2257 800 2294 testantur
819 2253 1071 2304 Scholiastae,
1101 2267 1123 2292 e
1153 2255 1291 2304 quibus
1315 2253 1550 2292 Scholiastes
1571 2252 1690 2304 Cruq.
1719 2253 1924 2292 memoriae

363 2322 535 2373 prodidit
555 2321 714 2360 haecce:
754 2320 845 2372 „Ad
869 2322 1010 2361 Iccium
1040 2327 1325 2374 procuratorem
1349 2321 1544 2372 Agrippae
1567 2320 1607 2358 in
1630 2320 1757 2358 Sicilia
1779 2320 1922 2358 consti-

363 2394 502 2441 tutum,
530 2392 580 2429 de
605 2403 680 2441 quo
706 2388 760 2426 ait
780 2389 820 2426 in
835 2387 946 2440 odis,
976 2388 1053 2427 Icci
1078 2390 1201 2428 beatis
1227 2402 1326 2427 nunc
1343 2387 1512 2426 Arabum
1533 2387 1678 2426 invides
1704 2388 1810 2439 gazis
1830 2392 1922 2439 etc„

365 2459 435 2495 sed
462 2463 506 2497 ut
532 2458 607 2497 illic
637 2456 882 2509 cupiditatem
910 2457 992 2508 ejus
1030 2457 1276 2509 perstrinxit,
1314 2457 1368 2494 ita
1394 2456 1454 2494 hic
1480 2456 1758 2508 parcimoniam·
1776 2455 1921 2505 laudat,

365 2525 435 2562 sed
464 2539 548 2565 cum
573 2524 868 2564 mordacitate.“
905 2525 1044 2564 Iccium
1072 2524 1173 2564 hunc
1202 2524 1392 2563 diversum
1417 2537 1502 2563 esse
1529 2536 1554 2562 a
1581 2523 1635 2562 M.
1664 2522 1780 2573 Iccio,
1807 2529 1922 2574 prae-

364 2596 450 2629 tore
477 2605 511 2633 a.
541 2606 578 2631 u.
608 2594 729 2643 710„
766 2594 825 2631 cui
862 2593 990 2632 Sicilia
1026 2592 1222 2645 provincia
1260 2593 1443 2631 sortiente
1479 2591 1534 2630 Μ.
1565 2590 1732 2630 Antonio
1765 2587 1921 2629 consule

366 2659 548 2708 obtigerit
577 2661 676 2711 (Cic.
703 2661 869 2714 Philipp.
899 2661 942 2711 3,
977 2661 1045 2711 10,
1075 2661 1178 2712 26.)‚
1212 2663 1319 2698 recte
1348 2659 1526 2698 observat
1551 2658 1726 2697 oremus
1750 2658 1790 2695 in
1809 2655 1919 2694 Ono-

365 2726 526 2763 mastico
542 2727 720 2766 Tulliano
749 2729 814 2778 (II.
830 2742 870 2780 p.
887 2727 1016 2781 295.).
1058 2729 1146 2775 Quo
1175 2732 1298 2766 autem
1318 2728 1612 2779 propinquitatis
1638 2723 1787 2764 vinculo
1813 2727 1919 2763 uter-

367 2805 441 2843 que
470 2793 542 2829 sibi
571 2797 791 2845 conjunctus
821 2796 961 2847 fuerit,
989 2796 1030 2834 id
1055 2796 1206 2836 minime
1234 2800 1397 2835 constat.
1450 2796 1670 2834 Massonue
1696 2789 1791 2842 (Vit.
1819 2790 1916 2830 Hor.

368 2873 408 2910 p.
433 2858 549 2910 201),
582 2860 842 2910 Sanadonus,
865 2863 1104 2917 Doriglzello
1130 2864 1229 2903 hunc
1251 2877 1322 2916 pro
1347 2863 1426 2903 filio
1450 2862 1505 2902 M.
1527 2860 1624 2900 illius
1646 2859 1734 2898 Iccii
1760 2858 1915 2898 habent.

370 2926 432 2966 De
460 2927 642 2966 varietate
668 2931 829 2968 nominis
858 2932 976 2979 Iccii,
1013 2933 1087 2973 Ilii
1113 2934 1193 2973 sive
1219 2930 1312 2972 Icta·
1336 2934 1428 2986 post
1465 2927 1713 2970 Tonantium
1741 2926 1792 2966 ad
1819 2925 1858 2965 h.
1887 2925 1916 2964 1.
