<?xml version="1.0" encoding="UTF-8"?>
<!DOCTYPE html PUBLIC "-//W3C//DTD XHTML 1.0 Transitional//EN"
    "http://www.w3.org/TR/xhtml1/DTD/xhtml1-transitional.dtd">
<html xmlns="http://www.w3.org/1999/xhtml" xml:lang="en" lang="en">
 <head>
  <title>
</title>
<meta http-equiv="Content-Type" content="text/html;charset=utf-8" />
  <meta name='ocr-system' content='tesseract 3.04.00' />
  <meta name='ocr-capabilities' content='ocr_page ocr_carea ocr_par ocr_line ocrx_word'/>
</head>
<body>
  <div class='ocr_page' id='page_1' title='image "./epistolascomment02horauoft_0461.png"; bbox 0 0 1910 3138; ppageno 0'>
   <div class='ocr_carea' id='block_1_1' title="bbox 105 171 1626 216">
    <p class='ocr_par' dir='ltr' id='par_1_1' title="bbox 105 171 1626 216">
     <span class='ocr_line' id='line_1_1' title="bbox 105 171 1626 216; baseline -0.001 0"><span class='ocrx_word' id='word_1_1' title='bbox 105 173 184 216; x_wconf 76' lang='lat'><strong>105</strong></span> <span class='ocrx_word' id='word_1_2' title='bbox 210 172 487 214; x_wconf 75' lang='lat' dir='ltr'><strong>oomNT.</strong></span> <span class='ocrx_word' id='word_1_3' title='bbox 505 173 563 213; x_wconf 82' lang='grc' dir='ltr'><strong>ΙΝ</strong></span> <span class='ocrx_word' id='word_1_4' title='bbox 580 174 704 213; x_wconf 83' lang='lat' dir='ltr'><strong>HOR.</strong></span> <span class='ocrx_word' id='word_1_5' title='bbox 725 173 822 212; x_wconf 89' lang='lat' dir='ltr'><strong>LlB.</strong></span> <span class='ocrx_word' id='word_1_6' title='bbox 841 174 871 213; x_wconf 91' lang='lat'><strong>1.</strong></span> <span class='ocrx_word' id='word_1_7' title='bbox 914 173 1077 212; x_wconf 82' lang='lat' dir='ltr'><strong>EPIST.</strong></span> <span class='ocrx_word' id='word_1_8' title='bbox 1096 172 1505 214; x_wconf 77' lang='lat' dir='ltr'><strong>DUODEVICESLM.</strong></span> <span class='ocrx_word' id='word_1_9' title='bbox 1540 171 1626 214; x_wconf 79' lang='grc'><strong>453</strong></span> 
     </span>
    </p>
   </div>
   <div class='ocr_carea' id='block_1_2' title="bbox 83 285 1625 2916">
    <p class='ocr_par' dir='ltr' id='par_1_2' title="bbox 90 285 1625 1764">
     <span class='ocr_line' id='line_1_2' title="bbox 106 285 1625 338; baseline 0.002 -14"><span class='ocrx_word' id='word_1_10' title='bbox 106 285 336 332; x_wconf 66' lang='grc' dir='ltr'><em>Ηοώοᾶσ,</em></span> <span class='ocrx_word' id='word_1_11' title='bbox 363 297 388 324; x_wconf 88' lang='lat' dir='ltr'><strong>a</strong></span> <span class='ocrx_word' id='word_1_12' title='bbox 414 299 489 337; x_wconf 87' lang='lat' dir='ltr'><strong>quo</strong></span> <span class='ocrx_word' id='word_1_13' title='bbox 512 299 590 324; x_wconf 91' lang='lat' dir='ltr'><strong>non</strong></span> <span class='ocrx_word' id='word_1_14' title='bbox 615 286 768 326; x_wconf 90' lang='lat' dir='ltr'><strong>multum</strong></span> <span class='ocrx_word' id='word_1_15' title='bbox 796 287 915 326; x_wconf 78' lang='lat' dir='ltr'><strong>distat</strong></span> <span class='ocrx_word' id='word_1_16' title='bbox 940 287 1154 338; x_wconf 78' lang='lat' dir='ltr'><strong>Doeringii</strong></span> <span class='ocrx_word' id='word_1_17' title='bbox 1178 286 1394 338; x_wconf 70' lang='lat' dir='ltr'><strong>explicatio:</strong></span> <span class='ocrx_word' id='word_1_18' title='bbox 1433 288 1625 338; x_wconf 86' lang='lat' dir='ltr'><strong>„molesto</strong></span> 
     </span>
     <span class='ocr_line' id='line_1_3' title="bbox 101 353 1624 407; baseline 0.001 -14"><span class='ocrx_word' id='word_1_19' title='bbox 101 354 260 395; x_wconf 86' lang='lat' dir='ltr'><strong>modo.“</strong></span> <span class='ocrx_word' id='word_1_20' title='bbox 305 353 426 393; x_wconf 74' lang='lat' dir='ltr'><strong>Multo</strong></span> <span class='ocrx_word' id='word_1_21' title='bbox 454 355 566 393; x_wconf 83' lang='lat' dir='ltr'><strong>etiam</strong></span> <span class='ocrx_word' id='word_1_22' title='bbox 601 357 720 406; x_wconf 83' lang='lat' dir='ltr'><strong>magis</strong></span> <span class='ocrx_word' id='word_1_23' title='bbox 756 354 949 405; x_wconf 87' lang='lat' dir='ltr'><strong>ambigunt</strong></span> <span class='ocrx_word' id='word_1_24' title='bbox 983 356 1031 394; x_wconf 91' lang='lat' dir='ltr'><strong>de</strong></span> <span class='ocrx_word' id='word_1_25' title='bbox 1064 355 1227 393; x_wconf 84' lang='lat' dir='ltr'><strong>dictione</strong></span> <span class='ocrx_word' id='word_1_26' title='bbox 1259 360 1297 390; x_wconf 82' lang='lat' dir='ltr'><strong>te</strong></span> <span class='ocrx_word' id='word_1_27' title='bbox 1335 362 1491 407; x_wconf 75' lang='lat' dir='ltr'><strong>angat,</strong></span> <span class='ocrx_word' id='word_1_28' title='bbox 1526 368 1624 407; x_wconf 87' lang='lat' dir='ltr'><strong>quae</strong></span> 
     </span>
     <span class='ocr_line' id='line_1_4' title="bbox 101 421 1625 474; baseline -0.001 -13"><span class='ocrx_word' id='word_1_29' title='bbox 101 433 229 461; x_wconf 68' lang='lat' dir='ltr'><strong>mrum</strong></span> <span class='ocrx_word' id='word_1_30' title='bbox 258 421 320 460; x_wconf 85' lang='lat' dir='ltr'><strong>vel</strong></span> <span class='ocrx_word' id='word_1_31' title='bbox 353 421 544 460; x_wconf 86' lang='lat' dir='ltr'><strong>libidinem</strong></span> <span class='ocrx_word' id='word_1_32' title='bbox 570 422 733 472; x_wconf 89' lang='lat' dir='ltr'><strong>iudicat,</strong></span> <span class='ocrx_word' id='word_1_33' title='bbox 776 435 852 474; x_wconf 90' lang='lat' dir='ltr'><strong>qua</strong></span> <span class='ocrx_word' id='word_1_34' title='bbox 878 428 1025 461; x_wconf 88' lang='lat' dir='ltr'><strong>amator</strong></span> <span class='ocrx_word' id='word_1_35' title='bbox 1052 423 1132 460; x_wconf 87' lang='lat' dir='ltr'><strong>voti</strong></span> <span class='ocrx_word' id='word_1_36' title='bbox 1163 435 1241 460; x_wconf 90' lang='lat' dir='ltr'><strong>non</strong></span> <span class='ocrx_word' id='word_1_37' title='bbox 1273 435 1427 474; x_wconf 90' lang='lat' dir='ltr'><strong>compos</strong></span> <span class='ocrx_word' id='word_1_38' title='bbox 1461 423 1625 474; x_wconf 78' lang='lat' dir='ltr'><strong>agitatur</strong></span> 
     </span>
     <span class='ocr_line' id='line_1_5' title="bbox 98 488 1624 542; baseline 0.001 -14"><span class='ocrx_word' id='word_1_39' title='bbox 98 502 144 528; x_wconf 77' lang='lat' dir='ltr'><strong>ae</strong></span> <span class='ocrx_word' id='word_1_40' title='bbox 169 493 336 529; x_wconf 81' lang='lat' dir='ltr'><strong>vexatur.</strong></span> <span class='ocrx_word' id='word_1_41' title='bbox 383 488 442 527; x_wconf 83' lang='lat' dir='ltr'><strong>Ab</strong></span> <span class='ocrx_word' id='word_1_42' title='bbox 469 490 541 528; x_wconf 83' lang='lat' dir='ltr'><strong>hac</strong></span> <span class='ocrx_word' id='word_1_43' title='bbox 567 490 877 541; x_wconf 83' lang='lat' dir='ltr'><strong>interpretatione</strong></span> <span class='ocrx_word' id='word_1_44' title='bbox 904 505 980 528; x_wconf 93' lang='lat' dir='ltr'><strong>non</strong></span> <span class='ocrx_word' id='word_1_45' title='bbox 1002 491 1180 529; x_wconf 85' lang='lat' dir='ltr'><strong>abhorret</strong></span> <span class='ocrx_word' id='word_1_46' title='bbox 1205 489 1308 528; x_wconf 89' lang='lat' dir='ltr'><strong>verbi</strong></span> <span class='ocrx_word' id='word_1_47' title='bbox 1335 491 1556 542; x_wconf 83' lang='lat' dir='ltr'><strong>significatio</strong></span> <span class='ocrx_word' id='word_1_48' title='bbox 1582 493 1624 540; x_wconf 85' lang='lat'><strong>2,</strong></span> 
     </span>
     <span class='ocr_line' id='line_1_6' title="bbox 102 557 1623 609; baseline 0.001 -10"><span class='ocrx_word' id='word_1_49' title='bbox 102 559 142 607; x_wconf 81' lang='lat'><strong>1,</strong></span> <span class='ocrx_word' id='word_1_50' title='bbox 171 558 265 599; x_wconf 85' lang='lat'><strong>211.</strong></span> <span class='ocrx_word' id='word_1_51' title='bbox 293 557 342 596; x_wconf 86' lang='grc' dir='ltr'><strong>Δ.</strong></span> <span class='ocrx_word' id='word_1_52' title='bbox 369 558 414 597; x_wconf 84' lang='grc' dir='ltr'><strong>Ρ.</strong></span> <span class='ocrx_word' id='word_1_53' title='bbox 444 558 538 600; x_wconf 85' lang='grc'><strong>110.</strong></span> <span class='ocrx_word' id='word_1_54' title='bbox 566 557 682 596; x_wconf 85' lang='lat' dir='ltr'><strong>Fabr.</strong></span> <span class='ocrx_word' id='word_1_55' title='bbox 712 559 760 596; x_wconf 92' lang='lat' dir='ltr'><strong>ad</strong></span> <span class='ocrx_word' id='word_1_56' title='bbox 790 557 874 596; x_wconf 88' lang='lat' dir='ltr'><strong>Liv.</strong></span> <span class='ocrx_word' id='word_1_57' title='bbox 905 559 973 608; x_wconf 87' lang='lat'><strong>21,</strong></span> <span class='ocrx_word' id='word_1_58' title='bbox 1001 562 1041 608; x_wconf 87' lang='lat'><strong>1,</strong></span> <span class='ocrx_word' id='word_1_59' title='bbox 1067 559 1107 599; x_wconf 83' lang='lat'><strong>5.</strong></span> <span class='ocrx_word' id='word_1_60' title='bbox 1145 557 1227 596; x_wconf 91' lang='lat' dir='ltr'><strong>Cic.</strong></span> <span class='ocrx_word' id='word_1_61' title='bbox 1260 558 1310 595; x_wconf 91' lang='lat' dir='ltr'><strong>ad</strong></span> <span class='ocrx_word' id='word_1_62' title='bbox 1338 558 1452 598; x_wconf 84' lang='lat' dir='ltr'><strong>Attic.</strong></span> <span class='ocrx_word' id='word_1_63' title='bbox 1480 561 1527 609; x_wconf 92' lang='lat'><strong>1,</strong></span> <span class='ocrx_word' id='word_1_64' title='bbox 1556 558 1623 600; x_wconf 85' lang='lat'><strong>15.</strong></span> 
     </span>
     <span class='ocr_line' id='line_1_7' title="bbox 98 623 1624 678; baseline 0.002 -16"><span class='ocrx_word' id='word_1_65' title='bbox 98 623 244 662; x_wconf 78' lang='lat' dir='ltr'><strong>Multa</strong></span> <span class='ocrx_word' id='word_1_66' title='bbox 266 632 361 663; x_wconf 75' lang='lat' dir='ltr'><strong>sunt</strong></span> <span class='ocrx_word' id='word_1_67' title='bbox 386 638 490 677; x_wconf 83' lang='lat' dir='ltr'><strong>quae</strong></span> <span class='ocrx_word' id='word_1_68' title='bbox 512 639 573 662; x_wconf 86' lang='lat' dir='ltr'><strong>me</strong></span> <span class='ocrx_word' id='word_1_69' title='bbox 600 625 819 663; x_wconf 74' lang='lat' dir='ltr'><strong>sollicitant</strong></span> <span class='ocrx_word' id='word_1_70' title='bbox 838 634 1083 678; x_wconf 80' lang='lat' dir='ltr'><strong>anguntque,</strong></span> <span class='ocrx_word' id='word_1_71' title='bbox 1124 627 1201 666; x_wconf 88' lang='lat' dir='ltr'><strong>Sed</strong></span> <span class='ocrx_word' id='word_1_72' title='bbox 1229 631 1356 664; x_wconf 88' lang='lat' dir='ltr'><strong>tamen</strong></span> <span class='ocrx_word' id='word_1_73' title='bbox 1383 627 1480 664; x_wconf 86' lang='lat' dir='ltr'><strong>hane</strong></span> <span class='ocrx_word' id='word_1_74' title='bbox 1506 627 1624 665; x_wconf 87' lang='lat' dir='ltr'><strong>inter-</strong></span> 
     </span>
     <span class='ocr_line' id='line_1_8' title="bbox 97 692 1624 746; baseline 0.001 -16"><span class='ocrx_word' id='word_1_75' title='bbox 97 692 273 743; x_wconf 81' lang='lat' dir='ltr'><strong>pretandi</strong></span> <span class='ocrx_word' id='word_1_76' title='bbox 301 694 399 731; x_wconf 85' lang='lat' dir='ltr'><strong>viam</strong></span> <span class='ocrx_word' id='word_1_77' title='bbox 435 694 487 731; x_wconf 87' lang='lat' dir='ltr'><strong>ita</strong></span> <span class='ocrx_word' id='word_1_78' title='bbox 512 693 701 744; x_wconf 88' lang='lat' dir='ltr'><strong>improbat</strong></span> <span class='ocrx_word' id='word_1_79' title='bbox 730 694 913 731; x_wconf 81' lang='lat' dir='ltr'><strong>Diintzer</strong></span> <span class='ocrx_word' id='word_1_80' title='bbox 922 723 939 740; x_wconf 92' lang='lat'><strong>,</strong></span> <span class='ocrx_word' id='word_1_81' title='bbox 974 702 1014 734; x_wconf 88' lang='lat' dir='ltr'><strong>ut</strong></span> <span class='ocrx_word' id='word_1_82' title='bbox 1048 694 1298 746; x_wconf 74' lang='lat' dir='ltr'><strong>Haberfildo</strong></span> <span class='ocrx_word' id='word_1_83' title='bbox 1330 698 1370 732; x_wconf 90' lang='lat' dir='ltr'><strong>et</strong></span> <span class='ocrx_word' id='word_1_84' title='bbox 1407 694 1624 746; x_wconf 77' lang='lat' dir='ltr'><strong>Doeringio</strong></span> 
     </span>
     <span class='ocr_line' id='line_1_9' title="bbox 97 759 1624 814; baseline 0.003 -17"><span class='ocrx_word' id='word_1_85' title='bbox 97 759 312 798; x_wconf 70' lang='lat' dir='ltr'><strong>auctoribus</strong></span> <span class='ocrx_word' id='word_1_86' title='bbox 336 760 527 798; x_wconf 87' lang='lat' dir='ltr'><strong>dominum</strong></span> <span class='ocrx_word' id='word_1_87' title='bbox 543 761 727 812; x_wconf 87' lang='lat' dir='ltr'><strong>intelligat</strong></span> <span class='ocrx_word' id='word_1_88' title='bbox 754 761 1021 811; x_wconf 84' lang='lat' dir='ltr'><strong>ludibundum,</strong></span> <span class='ocrx_word' id='word_1_89' title='bbox 1051 777 1169 814; x_wconf 85' lang='lat' dir='ltr'><strong>penes</strong></span> <span class='ocrx_word' id='word_1_90' title='bbox 1192 775 1301 813; x_wconf 88' lang='lat' dir='ltr'><strong>quem</strong></span> <span class='ocrx_word' id='word_1_91' title='bbox 1322 762 1391 810; x_wconf 90' lang='lat' dir='ltr'><strong>sit,</strong></span> <span class='ocrx_word' id='word_1_92' title='bbox 1420 767 1624 802; x_wconf 86' lang='lat' dir='ltr'><strong>amatorem</strong></span> 
     </span>
     <span class='ocr_line' id='line_1_10' title="bbox 97 827 1623 880; baseline 0.002 -14"><span class='ocrx_word' id='word_1_93' title='bbox 97 827 214 879; x_wconf 79' lang='lat' dir='ltr'><strong>puelli</strong></span> <span class='ocrx_word' id='word_1_94' title='bbox 239 828 433 880; x_wconf 84' lang='lat' dir='ltr'><strong>pnellaeve</strong></span> <span class='ocrx_word' id='word_1_95' title='bbox 459 843 640 880; x_wconf 82' lang='lat' dir='ltr'><strong>pungere</strong></span> <span class='ocrx_word' id='word_1_96' title='bbox 673 834 712 868; x_wconf 83' lang='lat' dir='ltr'><strong>et</strong></span> <span class='ocrx_word' id='word_1_97' title='bbox 747 828 922 867; x_wconf 79' lang='lat' dir='ltr'><strong>ludibrio</strong></span> <span class='ocrx_word' id='word_1_98' title='bbox 949 829 1106 868; x_wconf 77' lang='lat' dir='ltr'><strong>habere.</strong></span> <span class='ocrx_word' id='word_1_99' title='bbox 1156 831 1292 871; x_wconf 89' lang='lat' dir='ltr'><strong>Parum</strong></span> <span class='ocrx_word' id='word_1_100' title='bbox 1320 835 1445 870; x_wconf 87' lang='lat' dir='ltr'><strong>autem</strong></span> <span class='ocrx_word' id='word_1_101' title='bbox 1472 835 1623 869; x_wconf 89' lang='lat' dir='ltr'><strong>contra-</strong></span> 
     </span>
     <span class='ocr_line' id='line_1_11' title="bbox 98 894 1623 951; baseline 0.001 -19"><span class='ocrx_word' id='word_1_102' title='bbox 98 895 157 933; x_wconf 87' lang='lat' dir='ltr'><strong>ria</strong></span> <span class='ocrx_word' id='word_1_103' title='bbox 182 894 266 933; x_wconf 76' lang='lat' dir='ltr'><strong>beet</strong></span> <span class='ocrx_word' id='word_1_104' title='bbox 290 916 347 925; x_wconf 93' lang='lat'>—</span> <span class='ocrx_word' id='word_1_105' title='bbox 375 903 504 948; x_wconf 80' lang='lat' dir='ltr'><strong>angat</strong></span> <span class='ocrx_word' id='word_1_106' title='bbox 525 898 685 936; x_wconf 80' lang='lat' dir='ltr'><strong>sensisse</strong></span> <span class='ocrx_word' id='word_1_107' title='bbox 712 898 859 936; x_wconf 85' lang='lat' dir='ltr'><strong>videtur</strong></span> <span class='ocrx_word' id='word_1_108' title='bbox 884 898 951 935; x_wconf 90' lang='lat' dir='ltr'><strong>Vir</strong></span> <span class='ocrx_word' id='word_1_109' title='bbox 976 899 1230 938; x_wconf 86' lang='lat' dir='ltr'><strong>doctissimus.</strong></span> <span class='ocrx_word' id='word_1_110' title='bbox 1271 899 1423 951; x_wconf 85' lang='lat' dir='ltr'><strong>Lapsus</strong></span> <span class='ocrx_word' id='word_1_111' title='bbox 1451 896 1623 935; x_wconf 72' lang='lat' dir='ltr'><strong>Lambi—</strong></span> 
     </span>
     <span class='ocr_line' id='line_1_12' title="bbox 98 965 1623 1018; baseline 0.001 -17"><span class='ocrx_word' id='word_1_112' title='bbox 98 977 176 1001; x_wconf 71' lang='lat' dir='ltr'><strong>nus</strong></span> <span class='ocrx_word' id='word_1_113' title='bbox 202 976 351 1015; x_wconf 86' lang='lat' dir='ltr'><strong>quoque</strong></span> <span class='ocrx_word' id='word_1_114' title='bbox 378 969 461 1014; x_wconf 86' lang='lat' dir='ltr'><strong>est,</strong></span> <span class='ocrx_word' id='word_1_115' title='bbox 489 978 603 1016; x_wconf 90' lang='lat' dir='ltr'><strong>quum</strong></span> <span class='ocrx_word' id='word_1_116' title='bbox 631 965 791 1004; x_wconf 88' lang='lat' dir='ltr'><strong>diceret:</strong></span> <span class='ocrx_word' id='word_1_117' title='bbox 822 965 909 1014; x_wconf 86' lang='lat' dir='ltr'><strong>„vel</strong></span> <span class='ocrx_word' id='word_1_118' title='bbox 938 967 1128 1017; x_wconf 84' lang='lat' dir='ltr'><strong>repulsam</strong></span> <span class='ocrx_word' id='word_1_119' title='bbox 1162 968 1263 1007; x_wconf 85' lang='lat' dir='ltr'><strong>feras</strong></span> <span class='ocrx_word' id='word_1_120' title='bbox 1290 974 1329 1006; x_wconf 93' lang='lat' dir='ltr'><strong>et</strong></span> <span class='ocrx_word' id='word_1_121' title='bbox 1353 969 1406 1005; x_wconf 91' lang='lat' dir='ltr'><strong>ita</strong></span> <span class='ocrx_word' id='word_1_122' title='bbox 1432 967 1623 1018; x_wconf 88' lang='lat' dir='ltr'><strong>potentio-</strong></span> 
     </span>
     <span class='ocr_line' id='line_1_13' title="bbox 99 1029 1623 1085; baseline 0.003 -18"><span class='ocrx_word' id='word_1_123' title='bbox 99 1043 181 1068; x_wconf 85' lang='lat' dir='ltr'><strong>rem</strong></span> <span class='ocrx_word' id='word_1_124' title='bbox 215 1029 432 1070; x_wconf 85' lang='lat' dir='ltr'><strong>illiberalem</strong></span> <span class='ocrx_word' id='word_1_125' title='bbox 462 1045 506 1070; x_wconf 88' lang='lat' dir='ltr'><strong>se</strong></span> <span class='ocrx_word' id='word_1_126' title='bbox 541 1045 633 1083; x_wconf 88' lang='lat' dir='ltr'><strong>erga</strong></span> <span class='ocrx_word' id='word_1_127' title='bbox 657 1038 696 1071; x_wconf 93' lang='lat' dir='ltr'><strong>te</strong></span> <span class='ocrx_word' id='word_1_128' title='bbox 722 1033 942 1084; x_wconf 84' lang='lat' dir='ltr'><strong>praebuisse</strong></span> <span class='ocrx_word' id='word_1_129' title='bbox 976 1036 1204 1085; x_wconf 70' lang='lat' dir='ltr'><strong>queraris-‘⁶‘</strong></span> <span class='ocrx_word' id='word_1_130' title='bbox 1269 1036 1468 1073; x_wconf 70' lang='lat' dir='ltr'><strong>Dacerius</strong></span> <span class='ocrx_word' id='word_1_131' title='bbox 1498 1035 1623 1085; x_wconf 91' lang='lat' dir='ltr'><strong>ipsum</strong></span> 
     </span>
     <span class='ocr_line' id='line_1_14' title="bbox 98 1098 1625 1155; baseline 0.003 -20"><span class='ocrx_word' id='word_1_132' title='bbox 98 1098 289 1136; x_wconf 87' lang='lat' dir='ltr'><strong>dominum</strong></span> <span class='ocrx_word' id='word_1_133' title='bbox 317 1111 445 1138; x_wconf 83' lang='lat' dir='ltr'><strong>amore</strong></span> <span class='ocrx_word' id='word_1_134' title='bbox 471 1101 578 1151; x_wconf 88' lang='lat' dir='ltr'><strong>pueri</strong></span> <span class='ocrx_word' id='word_1_135' title='bbox 607 1105 758 1151; x_wconf 87' lang='lat' dir='ltr'><strong>captum</strong></span> <span class='ocrx_word' id='word_1_136' title='bbox 782 1101 883 1139; x_wconf 87' lang='lat' dir='ltr'><strong>haud</strong></span> <span class='ocrx_word' id='word_1_137' title='bbox 909 1101 1022 1142; x_wconf 87' lang='lat' dir='ltr'><strong>dubie</strong></span> <span class='ocrx_word' id='word_1_138' title='bbox 1050 1103 1229 1154; x_wconf 88' lang='lat' dir='ltr'><strong>credidit,</strong></span> <span class='ocrx_word' id='word_1_139' title='bbox 1258 1117 1369 1155; x_wconf 91' lang='lat' dir='ltr'><strong>quum</strong></span> <span class='ocrx_word' id='word_1_140' title='bbox 1396 1105 1625 1153; x_wconf 89' lang='lat' dir='ltr'><strong>interpreta-</strong></span> 
     </span>
     <span class='ocr_line' id='line_1_15' title="bbox 96 1166 1623 1223; baseline 0.002 -20"><span class='ocrx_word' id='word_1_141' title='bbox 96 1170 220 1206; x_wconf 83' lang='lat' dir='ltr'><strong>retur:</strong></span> <span class='ocrx_word' id='word_1_142' title='bbox 249 1166 308 1217; x_wconf 90' lang='lat' dir='ltr'><strong>„il</strong></span> <span class='ocrx_word' id='word_1_143' title='bbox 325 1180 419 1205; x_wconf 86' lang='lat' dir='ltr'><strong>vous</strong></span> <span class='ocrx_word' id='word_1_144' title='bbox 438 1173 516 1207; x_wconf 89' lang='lat' dir='ltr'><strong>met</strong></span> <span class='ocrx_word' id='word_1_145' title='bbox 533 1181 581 1207; x_wconf 88' lang='lat' dir='ltr'><strong>au</strong></span> <span class='ocrx_word' id='word_1_146' title='bbox 607 1170 805 1219; x_wconf 85' lang='lat' dir='ltr'><strong>desespoir</strong></span> <span class='ocrx_word' id='word_1_147' title='bbox 831 1173 870 1208; x_wconf 91' lang='lat' dir='ltr'><strong>et</strong></span> <span class='ocrx_word' id='word_1_148' title='bbox 897 1183 991 1207; x_wconf 87' lang='lat' dir='ltr'><strong>vous</strong></span> <span class='ocrx_word' id='word_1_149' title='bbox 1015 1169 1067 1207; x_wconf 92' lang='lat' dir='ltr'><strong>lui</strong></span> <span class='ocrx_word' id='word_1_150' title='bbox 1085 1171 1253 1209; x_wconf 81' lang='lat' dir='ltr'><strong>devenez</strong></span> <span class='ocrx_word' id='word_1_151' title='bbox 1280 1171 1478 1223; x_wconf 83' lang='lat' dir='ltr'><strong>suspect.“</strong></span> <span class='ocrx_word' id='word_1_152' title='bbox 1513 1170 1623 1207; x_wconf 82' lang='lat' dir='ltr'><strong>Puer</strong></span> 
     </span>
     <span class='ocr_line' id='line_1_16' title="bbox 90 1233 1622 1289; baseline 0.001 -18"><span class='ocrx_word' id='word_1_153' title='bbox 90 1233 263 1285; x_wconf 81' lang='lat' dir='ltr'><strong>pulcher</strong></span> <span class='ocrx_word' id='word_1_154' title='bbox 287 1234 384 1273; x_wconf 85' lang='lat' dir='ltr'><strong>haud</strong></span> <span class='ocrx_word' id='word_1_155' title='bbox 409 1236 485 1273; x_wconf 85' lang='lat' dir='ltr'><strong>scio</strong></span> <span class='ocrx_word' id='word_1_156' title='bbox 514 1247 563 1273; x_wconf 85' lang='lat' dir='ltr'><strong>an</strong></span> <span class='ocrx_word' id='word_1_157' title='bbox 589 1236 817 1286; x_wconf 83' lang='lat' dir='ltr'><strong>intelligatur</strong></span> <span class='ocrx_word' id='word_1_158' title='bbox 836 1250 930 1276; x_wconf 89' lang='lat' dir='ltr'><strong>unus</strong></span> <span class='ocrx_word' id='word_1_159' title='bbox 958 1251 1002 1276; x_wconf 86' lang='lat' dir='ltr'><strong>ex</strong></span> <span class='ocrx_word' id='word_1_160' title='bbox 1027 1238 1096 1287; x_wconf 87' lang='lat' dir='ltr'><strong>iis,</strong></span> <span class='ocrx_word' id='word_1_161' title='bbox 1124 1252 1221 1289; x_wconf 90' lang='lat' dir='ltr'><strong>quos</strong></span> <span class='ocrx_word' id='word_1_162' title='bbox 1243 1239 1406 1278; x_wconf 88' lang='lat' dir='ltr'><strong>Romani</strong></span> <span class='ocrx_word' id='word_1_163' title='bbox 1431 1237 1622 1275; x_wconf 70' lang='lat' dir='ltr'><strong>delicatos</strong></span> 
     </span>
     <span class='ocr_line' id='line_1_17' title="bbox 97 1300 1620 1357; baseline 0.003 -18"><span class='ocrx_word' id='word_1_164' title='bbox 97 1302 157 1340; x_wconf 87' lang='lat' dir='ltr'><strong>vel</strong></span> <span class='ocrx_word' id='word_1_165' title='bbox 183 1300 348 1339; x_wconf 68' lang='lat' dir='ltr'><strong>delicias</strong></span> <span class='ocrx_word' id='word_1_166' title='bbox 375 1302 584 1353; x_wconf 83' lang='lat' dir='ltr'><strong>vocabant,</strong></span> <span class='ocrx_word' id='word_1_167' title='bbox 612 1304 697 1342; x_wconf 86' lang='lat' dir='ltr'><strong>vide</strong></span> <span class='ocrx_word' id='word_1_168' title='bbox 724 1305 773 1342; x_wconf 89' lang='lat' dir='ltr'><strong>de</strong></span> <span class='ocrx_word' id='word_1_169' title='bbox 794 1304 931 1343; x_wconf 87' lang='lat' dir='ltr'><strong>talibus</strong></span> <span class='ocrx_word' id='word_1_170' title='bbox 960 1306 1111 1356; x_wconf 75' lang='lat' dir='ltr'><strong>Spolm.</strong></span> <span class='ocrx_word' id='word_1_171' title='bbox 1140 1309 1188 1345; x_wconf 88' lang='lat' dir='ltr'><strong>ad</strong></span> <span class='ocrx_word' id='word_1_172' title='bbox 1215 1307 1322 1357; x_wconf 84' lang='lat' dir='ltr'><strong>Virg.</strong></span> <span class='ocrx_word' id='word_1_173' title='bbox 1348 1307 1483 1356; x_wconf 90' lang='lat' dir='ltr'><strong>Eclog.</strong></span> <span class='ocrx_word' id='word_1_174' title='bbox 1511 1308 1551 1355; x_wconf 87' lang='lat'><strong>2,</strong></span> <span class='ocrx_word' id='word_1_175' title='bbox 1582 1306 1620 1346; x_wconf 87' lang='lat'><strong>2.</strong></span> 
     </span>
     <span class='ocr_line' id='line_1_18' title="bbox 96 1370 1621 1427; baseline 0.001 -19"><span class='ocrx_word' id='word_1_176' title='bbox 96 1371 159 1408; x_wconf 88' lang='lat' dir='ltr'><strong>ed.</strong></span> <span class='ocrx_word' id='word_1_177' title='bbox 185 1370 323 1421; x_wconf 83' lang='lat' dir='ltr'><strong>Wagn.</strong></span> <span class='ocrx_word' id='word_1_178' title='bbox 353 1375 393 1409; x_wconf 90' lang='lat' dir='ltr'><strong>et</strong></span> <span class='ocrx_word' id='word_1_179' title='bbox 429 1371 644 1410; x_wconf 77' lang='lat' dir='ltr'><strong>Weichert.</strong></span> <span class='ocrx_word' id='word_1_180' title='bbox 678 1372 788 1412; x_wconf 90' lang='lat' dir='ltr'><strong>Poet.</strong></span> <span class='ocrx_word' id='word_1_181' title='bbox 818 1373 883 1411; x_wconf 89' lang='lat' dir='ltr'><strong>lat.</strong></span> <span class='ocrx_word' id='word_1_182' title='bbox 913 1374 1037 1424; x_wconf 87' lang='lat' dir='ltr'><strong>Reliq.</strong></span> <span class='ocrx_word' id='word_1_183' title='bbox 1070 1388 1110 1426; x_wconf 90' lang='lat' dir='ltr'><strong>p.</strong></span> <span class='ocrx_word' id='word_1_184' title='bbox 1140 1371 1222 1416; x_wconf 79' lang='lat'><strong>224</strong></span> <span class='ocrx_word' id='word_1_185' title='bbox 1246 1389 1330 1427; x_wconf 86' lang='lat' dir='ltr'><strong>sqq.</strong></span> <span class='ocrx_word' id='word_1_186' title='bbox 1378 1375 1621 1425; x_wconf 86' lang='lat' dir='ltr'><strong>Quapropter</strong></span> 
     </span>
     <span class='ocr_line' id='line_1_19' title="bbox 97 1438 1621 1492; baseline 0.003 -17"><span class='ocrx_word' id='word_1_187' title='bbox 97 1451 175 1476; x_wconf 86' lang='lat' dir='ltr'><strong>uon</strong></span> <span class='ocrx_word' id='word_1_188' title='bbox 199 1438 410 1477; x_wconf 88' lang='lat' dir='ltr'><strong>omittenda</strong></span> <span class='ocrx_word' id='word_1_189' title='bbox 431 1440 579 1477; x_wconf 80' lang='lat' dir='ltr'><strong>videtur</strong></span> <span class='ocrx_word' id='word_1_190' title='bbox 605 1439 874 1491; x_wconf 87' lang='lat' dir='ltr'><strong>Porphyrionis</strong></span> <span class='ocrx_word' id='word_1_191' title='bbox 904 1442 954 1479; x_wconf 92' lang='lat' dir='ltr'><strong>ad</strong></span> <span class='ocrx_word' id='word_1_192' title='bbox 980 1442 1017 1480; x_wconf 90' lang='lat' dir='ltr'><strong>h.</strong></span> <span class='ocrx_word' id='word_1_193' title='bbox 1049 1442 1076 1479; x_wconf 93' lang='lat' dir='ltr'><strong>l.</strong></span> <span class='ocrx_word' id='word_1_194' title='bbox 1110 1444 1327 1482; x_wconf 82' lang='lat' dir='ltr'><strong>annotatio:</strong></span> <span class='ocrx_word' id='word_1_195' title='bbox 1364 1442 1537 1492; x_wconf 85' lang='lat' dir='ltr'><strong>„Alludit</strong></span> <span class='ocrx_word' id='word_1_196' title='bbox 1572 1442 1621 1479; x_wconf 93' lang='lat' dir='ltr'><strong>ad</strong></span> 
     </span>
     <span class='ocr_line' id='line_1_20' title="bbox 96 1505 1621 1558; baseline 0.004 -16"><span class='ocrx_word' id='word_1_197' title='bbox 96 1505 312 1556; x_wconf 85' lang='lat' dir='ltr'><strong>Virgilium,</strong></span> <span class='ocrx_word' id='word_1_198' title='bbox 341 1507 399 1544; x_wconf 89' lang='lat' dir='ltr'><strong>cui</strong></span> <span class='ocrx_word' id='word_1_199' title='bbox 425 1507 673 1545; x_wconf 84' lang='lat' dir='ltr'><strong>Alexandrum</strong></span> <span class='ocrx_word' id='word_1_200' title='bbox 699 1520 854 1558; x_wconf 88' lang='lat' dir='ltr'><strong>puerum</strong></span> <span class='ocrx_word' id='word_1_201' title='bbox 882 1508 1000 1547; x_wconf 88' lang='lat' dir='ltr'><strong>Pollio</strong></span> <span class='ocrx_word' id='word_1_202' title='bbox 1028 1510 1200 1548; x_wconf 88' lang='lat' dir='ltr'><strong>dominus</strong></span> <span class='ocrx_word' id='word_1_203' title='bbox 1231 1512 1331 1548; x_wconf 89' lang='lat' dir='ltr'><strong>dono</strong></span> <span class='ocrx_word' id='word_1_204' title='bbox 1360 1510 1513 1548; x_wconf 87' lang='lat' dir='ltr'><strong>dedit.“</strong></span> <span class='ocrx_word' id='word_1_205' title='bbox 1560 1508 1621 1547; x_wconf 86' lang='lat' dir='ltr'><strong>De</strong></span> 
     </span>
     <span class='ocr_line' id='line_1_21' title="bbox 97 1573 1621 1628; baseline 0.003 -18"><span class='ocrx_word' id='word_1_206' title='bbox 97 1573 167 1611; x_wconf 80' lang='lat' dir='ltr'><strong>hac</strong></span> <span class='ocrx_word' id='word_1_207' title='bbox 192 1586 235 1611; x_wconf 92' lang='lat' dir='ltr'><strong>re</strong></span> <span class='ocrx_word' id='word_1_208' title='bbox 260 1574 421 1611; x_wconf 76' lang='lat' dir='ltr'><strong>delicata</strong></span> <span class='ocrx_word' id='word_1_209' title='bbox 448 1575 512 1625; x_wconf 89' lang='lat' dir='ltr'><strong>qui</strong></span> <span class='ocrx_word' id='word_1_210' title='bbox 540 1575 644 1623; x_wconf 85' lang='lat' dir='ltr'><strong>plura</strong></span> <span class='ocrx_word' id='word_1_211' title='bbox 675 1575 771 1613; x_wconf 84' lang='lat' dir='ltr'><strong>scire</strong></span> <span class='ocrx_word' id='word_1_212' title='bbox 800 1577 944 1627; x_wconf 71' lang='lat' dir='ltr'><strong>cupiet,</strong></span> <span class='ocrx_word' id='word_1_213' title='bbox 980 1591 1064 1615; x_wconf 87' lang='lat' dir='ltr'><strong>eum</strong></span> <span class='ocrx_word' id='word_1_214' title='bbox 1093 1578 1372 1616; x_wconf 88' lang='lat' dir='ltr'><strong>amandabimus</strong></span> <span class='ocrx_word' id='word_1_215' title='bbox 1408 1578 1457 1615; x_wconf 91' lang='lat' dir='ltr'><strong>ad</strong></span> <span class='ocrx_word' id='word_1_216' title='bbox 1487 1577 1621 1628; x_wconf 76' lang='lat' dir='ltr'><strong>Spolz-</strong></span> 
     </span>
     <span class='ocr_line' id='line_1_22' title="bbox 96 1640 1619 1695; baseline 0.003 -18"><span class='ocrx_word' id='word_1_217' title='bbox 96 1642 158 1677; x_wconf 76' lang='lat' dir='ltr'><strong>nii</strong></span> <span class='ocrx_word' id='word_1_218' title='bbox 181 1640 455 1691; x_wconf 83' lang='lat' dir='ltr'><strong>Prolegomena</strong></span> <span class='ocrx_word' id='word_1_219' title='bbox 482 1643 531 1680; x_wconf 91' lang='lat' dir='ltr'><strong>ad</strong></span> <span class='ocrx_word' id='word_1_220' title='bbox 561 1644 663 1693; x_wconf 85' lang='lat' dir='ltr'><strong>Virg.</strong></span> <span class='ocrx_word' id='word_1_221' title='bbox 692 1643 774 1684; x_wconf 85' lang='lat' dir='ltr'><strong>Ecl,</strong></span> <span class='ocrx_word' id='word_1_222' title='bbox 808 1645 845 1684; x_wconf 88' lang='grc'><strong>2.</strong></span> <span class='ocrx_word' id='word_1_223' title='bbox 873 1657 913 1695; x_wconf 87' lang='lat' dir='ltr'><strong>p.</strong></span> <span class='ocrx_word' id='word_1_224' title='bbox 946 1643 1012 1687; x_wconf 84' lang='lat'><strong>24.</strong></span> <span class='ocrx_word' id='word_1_225' title='bbox 1053 1646 1138 1683; x_wconf 89' lang='lat' dir='ltr'><strong>coll.</strong></span> <span class='ocrx_word' id='word_1_226' title='bbox 1176 1646 1390 1685; x_wconf 73' lang='lat' dir='ltr'><strong>lVeiclzert.</strong></span> <span class='ocrx_word' id='word_1_227' title='bbox 1425 1647 1473 1684; x_wconf 92' lang='lat' dir='ltr'><strong>de</strong></span> <span class='ocrx_word' id='word_1_228' title='bbox 1497 1645 1619 1684; x_wconf 89' lang='lat' dir='ltr'><strong>Lucio</strong></span> 
     </span>
     <span class='ocr_line' id='line_1_23' title="bbox 96 1707 1619 1764; baseline 0.007 -20"><span class='ocrx_word' id='word_1_229' title='bbox 96 1709 207 1746; x_wconf 78' lang='lat' dir='ltr'><strong>Vario</strong></span> <span class='ocrx_word' id='word_1_230' title='bbox 231 1707 352 1746; x_wconf 86' lang='lat' dir='ltr'><strong>Poeta</strong></span> <span class='ocrx_word' id='word_1_231' title='bbox 377 1722 415 1759; x_wconf 89' lang='lat' dir='ltr'><strong>p.</strong></span> <span class='ocrx_word' id='word_1_232' title='bbox 439 1711 493 1751; x_wconf 89' lang='lat'><strong>88</strong></span> <span class='ocrx_word' id='word_1_233' title='bbox 512 1724 598 1761; x_wconf 90' lang='lat' dir='ltr'><strong>sqq.</strong></span> <span class='ocrx_word' id='word_1_234' title='bbox 624 1716 663 1749; x_wconf 89' lang='lat' dir='ltr'><strong>et</strong></span> <span class='ocrx_word' id='word_1_235' title='bbox 683 1712 898 1750; x_wconf 78' lang='lat' dir='ltr'><strong>Frandsen.</strong></span> <span class='ocrx_word' id='word_1_236' title='bbox 918 1713 956 1751; x_wconf 92' lang='lat' dir='ltr'><strong>in</strong></span> <span class='ocrx_word' id='word_1_237' title='bbox 982 1714 1096 1763; x_wconf 89' lang='lat' dir='ltr'><strong>„Cai.</strong></span> <span class='ocrx_word' id='word_1_238' title='bbox 1118 1714 1214 1754; x_wconf 90' lang='lat' dir='ltr'><strong>Ciln.</strong></span> <span class='ocrx_word' id='word_1_239' title='bbox 1235 1714 1437 1763; x_wconf 86' lang='lat' dir='ltr'><strong>Maecen,“</strong></span> <span class='ocrx_word' id='word_1_240' title='bbox 1464 1728 1503 1764; x_wconf 91' lang='lat' dir='ltr'><strong>p.</strong></span> <span class='ocrx_word' id='word_1_241' title='bbox 1526 1715 1619 1755; x_wconf 88' lang='lat'><strong>127.</strong></span> 
     </span>
    </p>

    <p class='ocr_par' dir='ltr' id='par_1_3' title="bbox 83 1776 1620 2916">
     <span class='ocr_line' id='line_1_24' title="bbox 207 1776 1619 1832; baseline 0.001 -16"><span class='ocrx_word' id='word_1_242' title='bbox 207 1776 255 1814; x_wconf 84' lang='lat' dir='ltr'><strong>V·</strong></span> <span class='ocrx_word' id='word_1_243' title='bbox 285 1778 339 1816; x_wconf 87' lang='lat'><strong>76</strong></span> <span class='ocrx_word' id='word_1_244' title='bbox 364 1798 419 1804; x_wconf 90' lang='lat'>—</span> <span class='ocrx_word' id='word_1_245' title='bbox 444 1778 510 1818; x_wconf 85' lang='lat'><strong>85.</strong></span> <span class='ocrx_word' id='word_1_246' title='bbox 559 1778 731 1818; x_wconf 90' lang='lat' dir='ltr'><strong>Tertium</strong></span> <span class='ocrx_word' id='word_1_247' title='bbox 756 1785 1020 1832; x_wconf 81' lang='lat' dir='ltr'><strong>praeceptum,</strong></span> <span class='ocrx_word' id='word_1_248' title='bbox 1051 1796 1124 1832; x_wconf 89' lang='lat' dir='ltr'><strong>quo</strong></span> <span class='ocrx_word' id='word_1_249' title='bbox 1154 1783 1202 1821; x_wconf 89' lang='lat' dir='ltr'><strong>de</strong></span> <span class='ocrx_word' id='word_1_250' title='bbox 1221 1782 1430 1820; x_wconf 88' lang='lat' dir='ltr'><strong>homiuibus</strong></span> <span class='ocrx_word' id='word_1_251' title='bbox 1459 1786 1619 1832; x_wconf 89' lang='lat' dir='ltr'><strong>patrono</strong></span> 
     </span>
     <span class='ocr_line' id='line_1_25' title="bbox 96 1845 1620 1901; baseline 0.003 -19"><span class='ocrx_word' id='word_1_252' title='bbox 96 1848 197 1883; x_wconf 85' lang='lat' dir='ltr'><strong>recte</strong></span> <span class='ocrx_word' id='word_1_253' title='bbox 225 1845 526 1883; x_wconf 85' lang='lat' dir='ltr'><strong>commendandis</strong></span> <span class='ocrx_word' id='word_1_254' title='bbox 549 1848 685 1896; x_wconf 82' lang='lat' dir='ltr'><strong>agitur,</strong></span> <span class='ocrx_word' id='word_1_255' title='bbox 726 1849 959 1887; x_wconf 85' lang='lat' dir='ltr'><strong>Sententiam</strong></span> <span class='ocrx_word' id='word_1_256' title='bbox 986 1855 1110 1888; x_wconf 86' lang='lat' dir='ltr'><strong>autem</strong></span> <span class='ocrx_word' id='word_1_257' title='bbox 1135 1863 1181 1887; x_wconf 91' lang='lat' dir='ltr'><strong>ex</strong></span> <span class='ocrx_word' id='word_1_258' title='bbox 1202 1851 1298 1887; x_wconf 91' lang='lat' dir='ltr'><strong>omni</strong></span> <span class='ocrx_word' id='word_1_259' title='bbox 1324 1854 1431 1901; x_wconf 85' lang='lat' dir='ltr'><strong>parte</strong></span> <span class='ocrx_word' id='word_1_260' title='bbox 1458 1849 1620 1900; x_wconf 87' lang='lat' dir='ltr'><strong>quadra·</strong></span> 
     </span>
     <span class='ocr_line' id='line_1_26' title="bbox 95 1912 1619 1967; baseline 0.003 -18"><span class='ocrx_word' id='word_1_261' title='bbox 95 1919 188 1950; x_wconf 82' lang='lat' dir='ltr'><strong>tam:</strong></span> <span class='ocrx_word' id='word_1_262' title='bbox 218 1913 284 1962; x_wconf 92' lang='lat' dir='ltr'><strong>„si</strong></span> <span class='ocrx_word' id='word_1_263' title='bbox 305 1912 374 1949; x_wconf 91' lang='lat' dir='ltr'><strong>tibi</strong></span> <span class='ocrx_word' id='word_1_264' title='bbox 401 1913 557 1961; x_wconf 82' lang='lat' dir='ltr'><strong>accidit,</strong></span> <span class='ocrx_word' id='word_1_265' title='bbox 586 1921 627 1952; x_wconf 90' lang='lat' dir='ltr'><strong>ut</strong></span> <span class='ocrx_word' id='word_1_266' title='bbox 653 1915 838 1954; x_wconf 89' lang='lat' dir='ltr'><strong>hominem</strong></span> <span class='ocrx_word' id='word_1_267' title='bbox 857 1918 1006 1967; x_wconf 86' lang='lat' dir='ltr'><strong>patroni</strong></span> <span class='ocrx_word' id='word_1_268' title='bbox 1032 1918 1195 1955; x_wconf 88' lang='lat' dir='ltr'><strong>amicitia</strong></span> <span class='ocrx_word' id='word_1_269' title='bbox 1216 1918 1410 1967; x_wconf 87' lang='lat' dir='ltr'><strong>indignum</strong></span> <span class='ocrx_word' id='word_1_270' title='bbox 1429 1929 1619 1954; x_wconf 86' lang='lat' dir='ltr'><strong>commen-</strong></span> 
     </span>
     <span class='ocr_line' id='line_1_27' title="bbox 93 1980 1616 2035; baseline 0.002 -17"><span class='ocrx_word' id='word_1_271' title='bbox 93 1983 229 2029; x_wconf 85' lang='lat' dir='ltr'><strong>dares,</strong></span> <span class='ocrx_word' id='word_1_272' title='bbox 265 1994 373 2028; x_wconf 92' lang='lat' dir='ltr'><strong>eum,</strong></span> <span class='ocrx_word' id='word_1_273' title='bbox 407 1980 489 2030; x_wconf 87' lang='lat' dir='ltr'><strong>ipse</strong></span> <span class='ocrx_word' id='word_1_274' title='bbox 524 1981 725 2032; x_wconf 87' lang='lat' dir='ltr'><strong>deceptus,</strong></span> <span class='ocrx_word' id='word_1_275' title='bbox 763 1998 811 2022; x_wconf 93' lang='lat' dir='ltr'><strong>ne</strong></span> <span class='ocrx_word' id='word_1_276' title='bbox 841 1998 966 2022; x_wconf 89' lang='lat' dir='ltr'><strong>coram</strong></span> <span class='ocrx_word' id='word_1_277' title='bbox 993 1998 1084 2035; x_wconf 87' lang='lat' dir='ltr'><strong>rege</strong></span> <span class='ocrx_word' id='word_1_278' title='bbox 1120 1986 1416 2023; x_wconf 88' lang='lat' dir='ltr'><strong>erubescendum</strong></span> <span class='ocrx_word' id='word_1_279' title='bbox 1448 1985 1517 2022; x_wconf 90' lang='lat' dir='ltr'><strong>tibi</strong></span> <span class='ocrx_word' id='word_1_280' title='bbox 1554 1985 1616 2033; x_wconf 89' lang='lat' dir='ltr'><strong>sit,</strong></span> 
     </span>
     <span class='ocr_line' id='line_1_28' title="bbox 83 2045 1618 2103; baseline 0.003 -18"><span class='ocrx_word' id='word_1_281' title='bbox 83 2045 172 2086; x_wconf 74' lang='lat' dir='ltr'><strong>¹noli</strong></span> <span class='ocrx_word' id='word_1_282' title='bbox 190 2048 287 2086; x_wconf 88' lang='lat' dir='ltr'><strong>tueri</strong></span> <span class='ocrx_word' id='word_1_283' title='bbox 313 2048 495 2098; x_wconf 87' lang='lat' dir='ltr'><strong>amplius,</strong></span> <span class='ocrx_word' id='word_1_284' title='bbox 525 2054 566 2086; x_wconf 93' lang='lat' dir='ltr'><strong>ut</strong></span> <span class='ocrx_word' id='word_1_285' title='bbox 583 2050 668 2100; x_wconf 88' lang='lat' dir='ltr'><strong>plus</strong></span> <span class='ocrx_word' id='word_1_286' title='bbox 689 2051 829 2090; x_wconf 81' lang='lat' dir='ltr'><strong>habeas</strong></span> <span class='ocrx_word' id='word_1_287' title='bbox 849 2053 1109 2103; x_wconf 85' lang='lat' dir='ltr'><strong>auctoritatis,</strong></span> <span class='ocrx_word' id='word_1_288' title='bbox 1139 2065 1214 2103; x_wconf 89' lang='lat' dir='ltr'><strong>qua</strong></span> <span class='ocrx_word' id='word_1_289' title='bbox 1242 2054 1361 2090; x_wconf 89' lang='lat' dir='ltr'><strong>virum</strong></span> <span class='ocrx_word' id='word_1_290' title='bbox 1380 2052 1447 2090; x_wconf 88' lang='lat' dir='ltr'><strong>tibi</strong></span> <span class='ocrx_word' id='word_1_291' title='bbox 1466 2056 1618 2102; x_wconf 89' lang='lat' dir='ltr'><strong>specta-</strong></span> 
     </span>
     <span class='ocr_line' id='line_1_29' title="bbox 94 2116 1618 2169; baseline 0.002 -17"><span class='ocrx_word' id='word_1_292' title='bbox 94 2122 195 2164; x_wconf 82' lang='lat' dir='ltr'><strong>tum,</strong></span> <span class='ocrx_word' id='word_1_293' title='bbox 225 2116 297 2153; x_wconf 91' lang='lat' dir='ltr'><strong>sed</strong></span> <span class='ocrx_word' id='word_1_294' title='bbox 327 2116 430 2153; x_wconf 87' lang='lat' dir='ltr'><strong>falsis</strong></span> <span class='ocrx_word' id='word_1_295' title='bbox 458 2116 621 2154; x_wconf 82' lang='lat' dir='ltr'><strong>fortasse</strong></span> <span class='ocrx_word' id='word_1_296' title='bbox 649 2119 967 2157; x_wconf 88' lang='lat' dir='ltr'><strong>criminationibus</strong></span> <span class='ocrx_word' id='word_1_297' title='bbox 997 2121 1305 2169; x_wconf 79' lang='lat' dir='ltr'><strong>circumventum,</strong></span> <span class='ocrx_word' id='word_1_298' title='bbox 1335 2120 1476 2157; x_wconf 90' lang='lat' dir='ltr'><strong>tuearis</strong></span> <span class='ocrx_word' id='word_1_299' title='bbox 1506 2119 1618 2169; x_wconf 89' lang='lat' dir='ltr'><strong>idque</strong></span> 
     </span>
     <span class='ocr_line' id='line_1_30' title="bbox 93 2182 1617 2238; baseline 0.001 -18"><span class='ocrx_word' id='word_1_300' title='bbox 93 2196 140 2220; x_wconf 87' lang='lat' dir='ltr'><strong>eo</strong></span> <span class='ocrx_word' id='word_1_301' title='bbox 166 2182 312 2232; x_wconf 84' lang='lat' dir='ltr'><strong>magis,</strong></span> <span class='ocrx_word' id='word_1_302' title='bbox 342 2195 417 2232; x_wconf 94' lang='lat' dir='ltr'><strong>quo</strong></span> <span class='ocrx_word' id='word_1_303' title='bbox 441 2184 578 2222; x_wconf 78' lang='lat' dir='ltr'><strong>certius</strong></span> <span class='ocrx_word' id='word_1_304' title='bbox 607 2190 645 2224; x_wconf 82' lang='lat' dir='ltr'><strong>et</strong></span> <span class='ocrx_word' id='word_1_305' title='bbox 668 2187 916 2224; x_wconf 81' lang='lat' dir='ltr'><strong>confidentius</strong></span> <span class='ocrx_word' id='word_1_306' title='bbox 937 2187 998 2225; x_wconf 91' lang='lat' dir='ltr'><strong>ille</strong></span> <span class='ocrx_word' id='word_1_307' title='bbox 1018 2192 1084 2225; x_wconf 89' lang='lat' dir='ltr'><strong>tuo</strong></span> <span class='ocrx_word' id='word_1_308' title='bbox 1105 2188 1273 2225; x_wconf 78' lang='lat' dir='ltr'><strong>innititur</strong></span> <span class='ocrx_word' id='word_1_309' title='bbox 1294 2186 1511 2238; x_wconf 87' lang='lat' dir='ltr'><strong>praesidio“</strong></span> <span class='ocrx_word' id='word_1_310' title='bbox 1542 2190 1617 2228; x_wconf 81' lang='lat' dir='ltr'><strong>etc,</strong></span> 
     </span>
     <span class='ocr_line' id='line_1_31' title="bbox 93 2251 1619 2301; baseline 0.003 -14"><span class='ocrx_word' id='word_1_311' title='bbox 93 2251 120 2288; x_wconf 89' lang='lat' dir='ltr'><strong>ii</strong></span> <span class='ocrx_word' id='word_1_312' title='bbox 147 2251 376 2300; x_wconf 87' lang='lat' dir='ltr'><strong>deformant,</strong></span> <span class='ocrx_word' id='word_1_313' title='bbox 413 2252 476 2301; x_wconf 90' lang='lat' dir='ltr'><strong>qui</strong></span> <span class='ocrx_word' id='word_1_314' title='bbox 505 2265 585 2290; x_wconf 92' lang='lat' dir='ltr'><strong>cum</strong></span> <span class='ocrx_word' id='word_1_315' title='bbox 618 2253 840 2299; x_wconf 70' lang='lat' dir='ltr'><strong>Ascensio,</strong></span> <span class='ocrx_word' id='word_1_316' title='bbox 877 2253 1024 2291; x_wconf 74' lang='lat' dir='ltr'><strong>Jahnio</strong></span> <span class='ocrx_word' id='word_1_317' title='bbox 1034 2282 1050 2299; x_wconf 89' lang='lat'><strong>,</strong></span> <span class='ocrx_word' id='word_1_318' title='bbox 1084 2255 1311 2299; x_wconf 77' lang='lat' dir='ltr'><strong>Schmidio,</strong></span> <span class='ocrx_word' id='word_1_319' title='bbox 1348 2253 1552 2290; x_wconf 77' lang='lat' dir='ltr'><strong>Diintzero</strong></span> <span class='ocrx_word' id='word_1_320' title='bbox 1580 2258 1619 2292; x_wconf 88' lang='lat' dir='ltr'><strong>et</strong></span> 
     </span>
     <span class='ocr_line' id='line_1_32' title="bbox 94 2318 1617 2372; baseline 0.003 -16"><span class='ocrx_word' id='word_1_321' title='bbox 94 2318 402 2370; x_wconf 79' lang='lat' dir='ltr'><strong>Dillenburgero</strong></span> <span class='ocrx_word' id='word_1_322' title='bbox 434 2319 653 2358; x_wconf 88' lang='lat' dir='ltr'><strong>vocabulum</strong></span> <span class='ocrx_word' id='word_1_323' title='bbox 690 2328 735 2359; x_wconf 86' lang='lat' dir='ltr'><strong>ut</strong></span> <span class='ocrx_word' id='word_1_324' title='bbox 771 2336 840 2372; x_wconf 87' lang='lat' dir='ltr'><strong>pro</strong></span> <span class='ocrx_word' id='word_1_325' title='bbox 876 2322 1058 2371; x_wconf 73' lang='lat' dir='ltr'><strong>particula</strong></span> <span class='ocrx_word' id='word_1_326' title='bbox 1091 2322 1344 2372; x_wconf 86' lang='lat' dir='ltr'><strong>comparativa</strong></span> <span class='ocrx_word' id='word_1_327' title='bbox 1377 2320 1536 2370; x_wconf 87' lang='lat' dir='ltr'><strong>habeut,</strong></span> <span class='ocrx_word' id='word_1_328' title='bbox 1575 2326 1617 2360; x_wconf 86' lang='lat' dir='ltr'><strong>ut</strong></span> 
     </span>
     <span class='ocr_line' id='line_1_33' title="bbox 94 2387 1616 2440; baseline 0.003 -17"><span class='ocrx_word' id='word_1_329' title='bbox 94 2387 280 2424; x_wconf 88' lang='lat' dir='ltr'><strong>sententia</strong></span> <span class='ocrx_word' id='word_1_330' title='bbox 311 2387 377 2424; x_wconf 88' lang='lat' dir='ltr'><strong>sit:</strong></span> <span class='ocrx_word' id='word_1_331' title='bbox 424 2388 578 2436; x_wconf 87' lang='lat' dir='ltr'><strong>„sicut,</strong></span> <span class='ocrx_word' id='word_1_332' title='bbox 617 2390 931 2439; x_wconf 90' lang='lat' dir='ltr'><strong>quemadmodum</strong></span> <span class='ocrx_word' id='word_1_333' title='bbox 958 2390 1107 2440; x_wconf 88' lang='lat' dir='ltr'><strong>penitus</strong></span> <span class='ocrx_word' id='word_1_334' title='bbox 1134 2394 1246 2426; x_wconf 88' lang='lat' dir='ltr'><strong>notus</strong></span> <span class='ocrx_word' id='word_1_335' title='bbox 1276 2388 1447 2426; x_wconf 87' lang='lat' dir='ltr'><strong>omnibus</strong></span> <span class='ocrx_word' id='word_1_336' title='bbox 1477 2389 1616 2427; x_wconf 83' lang='lat' dir='ltr'><strong>viribus</strong></span> 
     </span>
     <span class='ocr_line' id='line_1_34' title="bbox 93 2454 1615 2508; baseline 0.004 -18"><span class='ocrx_word' id='word_1_337' title='bbox 93 2454 292 2499; x_wconf 89' lang='lat' dir='ltr'><strong>tutandus,</strong></span> <span class='ocrx_word' id='word_1_338' title='bbox 323 2455 528 2492; x_wconf 86' lang='lat' dir='ltr'><strong>servandus</strong></span> <span class='ocrx_word' id='word_1_339' title='bbox 556 2459 656 2493; x_wconf 77' lang='lat' dir='ltr'><strong>est-‘⁶</strong></span> <span class='ocrx_word' id='word_1_340' title='bbox 696 2457 831 2495; x_wconf 89' lang='lat' dir='ltr'><strong>Talem</strong></span> <span class='ocrx_word' id='word_1_341' title='bbox 861 2457 974 2506; x_wconf 88' lang='lat' dir='ltr'><strong>igitur</strong></span> <span class='ocrx_word' id='word_1_342' title='bbox 1001 2455 1206 2504; x_wconf 85' lang='lat' dir='ltr'><strong>particulae</strong></span> <span class='ocrx_word' id='word_1_343' title='bbox 1238 2469 1346 2493; x_wconf 85' lang='lat' dir='ltr'><strong>usum</strong></span> <span class='ocrx_word' id='word_1_344' title='bbox 1373 2457 1412 2493; x_wconf 90' lang='lat' dir='ltr'><strong>in</strong></span> <span class='ocrx_word' id='word_1_345' title='bbox 1440 2457 1510 2494; x_wconf 88' lang='lat' dir='ltr'><strong>hac</strong></span> <span class='ocrx_word' id='word_1_346' title='bbox 1533 2458 1615 2508; x_wconf 89' lang='lat' dir='ltr'><strong>qui-</strong></span> 
     </span>
     <span class='ocr_line' id='line_1_35' title="bbox 94 2519 1613 2574; baseline 0.003 -16"><span class='ocrx_word' id='word_1_347' title='bbox 94 2522 179 2558; x_wconf 84' lang='lat' dir='ltr'><strong>dem</strong></span> <span class='ocrx_word' id='word_1_348' title='bbox 202 2519 396 2557; x_wconf 86' lang='lat' dir='ltr'><strong>verborum</strong></span> <span class='ocrx_word' id='word_1_349' title='bbox 419 2522 594 2571; x_wconf 85' lang='lat' dir='ltr'><strong>junctura</strong></span> <span class='ocrx_word' id='word_1_350' title='bbox 628 2537 788 2574; x_wconf 88' lang='lat' dir='ltr'><strong>unquam</strong></span> <span class='ocrx_word' id='word_1_351' title='bbox 824 2524 1014 2560; x_wconf 85' lang='lat' dir='ltr'><strong>inventum</strong></span> <span class='ocrx_word' id='word_1_352' title='bbox 1048 2522 1092 2558; x_wconf 86' lang='lat' dir='ltr'><strong>iri</strong></span> <span class='ocrx_word' id='word_1_353' title='bbox 1116 2523 1200 2571; x_wconf 88' lang='lat' dir='ltr'><strong>jure</strong></span> <span class='ocrx_word' id='word_1_354' title='bbox 1227 2523 1379 2573; x_wconf 82' lang='lat' dir='ltr'><strong>negavit</strong></span> <span class='ocrx_word' id='word_1_355' title='bbox 1417 2523 1613 2573; x_wconf 71' lang='lat' dir='ltr'><strong>Orellius;</strong></span> 
     </span>
     <span class='ocr_line' id='line_1_36' title="bbox 94 2575 1613 2644; baseline 0.003 -19"><span class='ocrx_word' id='word_1_356' title='bbox 94 2587 192 2625; x_wconf 85' lang='lat' dir='ltr'><strong>conf.</strong></span> <span class='ocrx_word' id='word_1_357' title='bbox 220 2586 332 2623; x_wconf 86' lang='lat' dir='ltr'><strong>etiam</strong></span> <span class='ocrx_word' id='word_1_358' title='bbox 356 2587 424 2628; x_wconf 68' lang='lat' dir='ltr'><strong>Er.</strong></span> <span class='ocrx_word' id='word_1_359' title='bbox 456 2588 611 2628; x_wconf 75' lang='lat' dir='ltr'><strong>Jacobs.</strong></span> <span class='ocrx_word' id='word_1_360' title='bbox 642 2591 687 2628; x_wconf 90' lang='lat' dir='ltr'><strong>V.</strong></span> <span class='ocrx_word' id='word_1_361' title='bbox 714 2604 752 2641; x_wconf 92' lang='lat' dir='ltr'><strong>p.</strong></span> <span class='ocrx_word' id='word_1_362' title='bbox 782 2591 849 2630; x_wconf 88' lang='lat'><strong>93.</strong></span> <span class='ocrx_word' id='word_1_363' title='bbox 880 2575 1059 2636; x_wconf 71' lang='lat' dir='ltr'><strong>Bentlefi</strong></span> <span class='ocrx_word' id='word_1_364' title='bbox 1082 2594 1207 2627; x_wconf 91' lang='lat' dir='ltr'><strong>autem</strong></span> <span class='ocrx_word' id='word_1_365' title='bbox 1234 2591 1471 2641; x_wconf 87' lang='lat' dir='ltr'><strong>conjectura,</strong></span> <span class='ocrx_word' id='word_1_366' title='bbox 1501 2605 1613 2644; x_wconf 87' lang='lat' dir='ltr'><strong>quam</strong></span> 
     </span>
     <span class='ocr_line' id='line_1_37' title="bbox 93 2653 1613 2707; baseline 0.005 -15"><span class='ocrx_word' id='word_1_367' title='bbox 93 2668 117 2692; x_wconf 89' lang='lat' dir='ltr'><strong>a</strong></span> <span class='ocrx_word' id='word_1_368' title='bbox 134 2653 258 2692; x_wconf 85' lang='lat' dir='ltr'><strong>multis</strong></span> <span class='ocrx_word' id='word_1_369' title='bbox 278 2653 482 2691; x_wconf 88' lang='lat' dir='ltr'><strong>editoribus</strong></span> <span class='ocrx_word' id='word_1_370' title='bbox 504 2658 785 2707; x_wconf 90' lang='lat' dir='ltr'><strong>comprobatam</strong></span> <span class='ocrx_word' id='word_1_371' title='bbox 807 2657 969 2694; x_wconf 86' lang='lat' dir='ltr'><strong>mireris:</strong></span> <span class='ocrx_word' id='word_1_372' title='bbox 999 2656 1062 2692; x_wconf 81' lang='lat' dir='ltr'><strong>At</strong></span> <span class='ocrx_word' id='word_1_373' title='bbox 1074 2658 1259 2707; x_wconf 69' lang='lat' dir='ltr'><strong>penitus,</strong></span> <span class='ocrx_word' id='word_1_374' title='bbox 1287 2658 1341 2696; x_wconf 84' lang='lat' dir='ltr'><strong>ita</strong></span> <span class='ocrx_word' id='word_1_375' title='bbox 1358 2659 1504 2697; x_wconf 82' lang='lat' dir='ltr'><strong>vacillat</strong></span> <span class='ocrx_word' id='word_1_376' title='bbox 1524 2674 1613 2699; x_wconf 85' lang='lat' dir='ltr'><strong>seu-</strong></span> 
     </span>
     <span class='ocr_line' id='line_1_38' title="bbox 93 2723 1610 2779; baseline 0.003 -18"><span class='ocrx_word' id='word_1_377' title='bbox 93 2723 368 2773; x_wconf 83' lang='lat' dir='ltr'><strong>tentiarumque</strong></span> <span class='ocrx_word' id='word_1_378' title='bbox 396 2724 565 2761; x_wconf 88' lang='lat' dir='ltr'><strong>ordinem</strong></span> <span class='ocrx_word' id='word_1_379' title='bbox 591 2724 810 2776; x_wconf 87' lang='lat' dir='ltr'><strong>disrumpit,</strong></span> <span class='ocrx_word' id='word_1_380' title='bbox 841 2728 882 2762; x_wconf 89' lang='lat' dir='ltr'><strong>ut</strong></span> <span class='ocrx_word' id='word_1_381' title='bbox 909 2723 1061 2761; x_wconf 90' lang='lat' dir='ltr'><strong>verbum</strong></span> <span class='ocrx_word' id='word_1_382' title='bbox 1088 2738 1165 2763; x_wconf 91' lang='lat' dir='ltr'><strong>non</strong></span> <span class='ocrx_word' id='word_1_383' title='bbox 1193 2726 1340 2764; x_wconf 90' lang='lat' dir='ltr'><strong>addam.</strong></span> <span class='ocrx_word' id='word_1_384' title='bbox 1389 2726 1610 2779; x_wconf 87' lang='lat' dir='ltr'><strong>Improban·</strong></span> 
     </span>
     <span class='ocr_line' id='line_1_39' title="bbox 94 2790 1610 2846; baseline 0.005 -18"><span class='ocrx_word' id='word_1_385' title='bbox 94 2791 165 2828; x_wconf 89' lang='lat' dir='ltr'><strong>dus</strong></span> <span class='ocrx_word' id='word_1_386' title='bbox 195 2790 394 2842; x_wconf 72' lang='lat' dir='ltr'><strong>Cruquius</strong></span> <span class='ocrx_word' id='word_1_387' title='bbox 426 2804 575 2842; x_wconf 92' lang='lat' dir='ltr'><strong>quoque</strong></span> <span class='ocrx_word' id='word_1_388' title='bbox 603 2804 671 2829; x_wconf 87' lang='lat' dir='ltr'><strong>sua</strong></span> <span class='ocrx_word' id='word_1_389' title='bbox 708 2795 747 2828; x_wconf 88' lang='lat' dir='ltr'><strong>et</strong></span> <span class='ocrx_word' id='word_1_390' title='bbox 774 2791 973 2829; x_wconf 86' lang='lat' dir='ltr'><strong>verborum</strong></span> <span class='ocrx_word' id='word_1_391' title='bbox 1001 2793 1271 2844; x_wconf 86' lang='lat' dir='ltr'><strong>compositione</strong></span> <span class='ocrx_word' id='word_1_392' title='bbox 1299 2798 1339 2832; x_wconf 88' lang='lat' dir='ltr'><strong>et</strong></span> <span class='ocrx_word' id='word_1_393' title='bbox 1366 2795 1610 2846; x_wconf 83' lang='lat' dir='ltr'><strong>explicatione</strong></span> 
     </span>
     <span class='ocr_line' id='line_1_40' title="bbox 93 2858 1608 2916; baseline 0.005 -22"><span class='ocrx_word' id='word_1_394' title='bbox 93 2861 170 2894; x_wconf 88' lang='lat' dir='ltr'><strong>est:</strong></span> <span class='ocrx_word' id='word_1_395' title='bbox 197 2858 314 2907; x_wconf 91' lang='lat' dir='ltr'><strong>„Noli</strong></span> <span class='ocrx_word' id='word_1_396' title='bbox 338 2859 457 2909; x_wconf 87' lang='lat' dir='ltr'><strong>tueri,</strong></span> <span class='ocrx_word' id='word_1_397' title='bbox 485 2872 597 2909; x_wconf 91' lang='lat' dir='ltr'><strong>quem</strong></span> <span class='ocrx_word' id='word_1_398' title='bbox 622 2859 908 2909; x_wconf 89' lang='lat' dir='ltr'><strong>commendasti,</strong></span> <span class='ocrx_word' id='word_1_399' title='bbox 938 2861 969 2898; x_wconf 90' lang='lat' dir='ltr'><strong>si</strong></span> <span class='ocrx_word' id='word_1_400' title='bbox 995 2861 1034 2898; x_wconf 93' lang='lat' dir='ltr'><strong>in</strong></span> <span class='ocrx_word' id='word_1_401' title='bbox 1055 2860 1163 2913; x_wconf 89' lang='lat' dir='ltr'><strong>culpa</strong></span> <span class='ocrx_word' id='word_1_402' title='bbox 1183 2862 1235 2900; x_wconf 87' lang='lat' dir='ltr'><strong>sit</strong></span> <span class='ocrx_word' id='word_1_403' title='bbox 1257 2862 1453 2914; x_wconf 81' lang='lat' dir='ltr'><strong>inventus,</strong></span> <span class='ocrx_word' id='word_1_404' title='bbox 1479 2877 1608 2916; x_wconf 87' lang='lat' dir='ltr'><strong>quem-</strong></span> 
     </span>
    </p>
   </div>
  </div>
 </body>
</html>
