1910 3138
118 186 175 227 8⁷
221 182 578 226 comm.1N
595 185 721 224 HOR.
739 183 839 228 Lm.
861 185 890 224 1.
920 185 1086 226 EPIST.
1105 183 1514 226 Duonssvlcnsm.
1562 181 1646 224 435

114 298 407 351 interpretandi,
434 298 522 336 vide
547 311 637 337 ann.
665 300 714 337 ad
743 300 810 349 10,
839 297 908 340 49.
933 303 972 338 et
998 299 1066 349 18,
1095 299 1136 340 9.
1165 322 1223 328 -—
1247 299 1482 351 cuicumque
1508 312 1645 336 nocere

121 363 285 406 volebat.
323 364 387 403 Ne
413 365 623 416 Eutrapelo
650 365 702 404 illi
729 366 790 404 vel
813 367 1083 418 iniquissimum
1109 367 1272 405 animum
1301 366 1362 406 vel
1386 367 1563 417 ingentes
1586 367 1644 404 di-

118 433 229 471 visas
263 432 385 471 fuisse
422 445 505 471 mm
548 432 724 485 cruquio
759 435 949 486 opineris,
997 436 1231 486 culmumque
1266 433 1575 486 interpretaberis
1609 435 1647 472 si

118 500 208 550 eui,
235 502 474 552 quicumque
495 508 590 541 erat.
642 501 702 540 Cf.
726 515 813 543 ann.
837 503 887 541 ad
914 502 980 551 15,
1005 503 1072 543 38.
1101 516 1142 554 p.
1174 503 1270 544 237.
1305 501 1533 539 Schmidius
1553 502 1644 541 illud

117 567 330 607 Pronomen
357 569 407 606 ad
437 570 593 607 comites
622 573 661 607 et
688 570 828 607 amicos
866 570 1026 607 hominis
1054 581 1192 608 nocere
1219 569 1380 608 volentis
1408 569 1646 609 referendum

118 639 260 675 censet.
278 657 336 665 ·—
362 636 410 678 V.
430 637 499 679 32.
553 637 714 675 Vestim.
744 636 869 674 dabat
887 645 990 688 pret.
1017 638 1041 674 i.
1070 651 1104 677 e.
1133 637 1225 677 dare
1251 637 1399 675 solebat
1425 637 1474 675 de
1497 636 1646 676 homine

118 707 198 742 tum
224 716 301 743 non
333 706 538 756 superstite
567 709 608 742 ut
637 705 711 754 15,
739 705 808 745 34.
846 704 1067 751 coenabat,
1109 705 1192 742 Sat.
1228 705 1274 753 1,
1313 704 1361 754 3,
1390 705 1431 745 3.
1465 704 1648 744 habebat.

125 771 326 824 quuius
356 773 440 823 plus
471 785 592 823 aequo
628 776 760 810 acutus
788 772 885 810 hanc
912 774 1030 811 sentit
1062 772 1310 812 sententiam:
1351 773 1443 821 „cui
1472 772 1531 811 vel
1556 786 1646 824 pre—

119 839 298 888 cabatur,
324 841 385 878 vel
413 840 508 877 male
535 839 708 890 volebat,
737 840 787 878 ob
812 841 996 891 ignaviam
1025 840 1085 878 vel
1114 841 1232 878 otium
1262 839 1321 877 vel
1349 832 1462 877 aliam'
1482 840 1644 891 culpam,

120 908 154 946 ei
178 906 345 958 opmbat
371 908 507 947 multas
532 909 725 945 divitias.“
772 908 865 959 Alii,
890 913 932 946 ut
967 909 1220 954 Torrentius,
1253 907 1426 958 Vulpizm
1453 908 1501 944 ad
1527 907 1645 959 Prop.

122 975 150 1013 l.
178 987 217 1027 p.
246 973 344 1016 345.
371 980 412 1014 et
439 975 666 1014 Paldamus
691 977 783 1015 ibid.
818 990 856 1028 p.
886 977 982 1018 306.
1009 976 1095 1014 coll.
1131 977 1303 1017 Gronov.
1331 975 1454 1013 Diatr.
1482 978 1519 1012 in
1546 977 1647 1014 Stat.

120 1043 149 1080 1.
175 1056 219 1095 p.
247 1043 342 1084 211.
370 1043 447 1082 nd.
472 1057 518 1082 ex
543 1057 590 1082 ea
619 1045 770 1083 dicendi
797 1045 1093 1093 consuetudine,
1129 1057 1241 1095 quam
1268 1045 1318 1082 ad
1345 1044 1389 1092 3,
1427 1042 1492 1084 14.
1515 1044 1647 1093 tetigi-

119 1122 221 1149 murs.
249 1111 406 1160 „danda
430 1125 515 1151 esse
541 1113 712 1163 ajebat‚“
738 1112 798 1151 vel
826 1117 868 1150 ut
893 1110 980 1151 itte·
1007 1111 1119 1161 „dari
1146 1111 1298 1150 volebat
1323 1111 1384 1150 vel
1404 1111 1531 1149 danda
1558 1123 1649 1149 sen-

119 1177 251 1216 tiebat.
254 1179 284 1203 “
331 1178 373 1216 ln
400 1192 478 1217 rem
507 1181 641 1219 Senec.
673 1181 722 1218 de
749 1179 883 1218 Benef.
907 1181 948 1226 2,
978 1179 1044 1221 15.
1077 1180 1206 1230 Saepe
1232 1178 1338 1216 nihil
1359 1180 1518 1216 interest
1546 1179 1648 1216 inter

119 1247 340 1283 misorum
368 1260 531 1285 munera
569 1256 607 1286 et
633 1249 805 1286 hostium
841 1253 944 1286 vota.
969 1268 1026 1275 —-
1055 1248 1102 1285 V.
1130 1249 1199 1289 32.
1238 1246 1377 1284 beatus
1410 1248 1516 1283 enim
1539 1249 1647 1294 jam.

120 1313 304 1366 Porphyr.
331 1316 431 1366 „jam
459 1315 593 1354 beatus
621 1329 696 1353 non
714 1328 824 1364 vere,
853 1315 925 1353 sed
949 1316 1014 1366 qni
1042 1315 1111 1354 sibi
1138 1315 1272 1354 beatus
1298 1315 1459 1352 videtur.
1461 1315 1491 1338 ‘⁶
1538 1315 1648 1352 simi—

122 1381 208 1420 liter
234 1385 275 1431 2,
307 1384 347 1431 2,
376 1384 470 1424 108.
508 1387 547 1421 et
584 1383 677 1424 Plin,
711 1383 833 1434 Epist
861 1386 903 1433 7,
932 1385 1001 1433 28,
1030 1385 1070 1425 2.
1117 1384 1172 1420 Ut
1199 1385 1303 1420 enim
1331 1396 1412 1420 non
1438 1383 1522 1420 sint
1548 1382 1649 1419 tales

120 1449 288 1501 (aulici),
317 1451 458 1502 quales
483 1464 511 1487 α
539 1464 601 1487 me
621 1451 931 1501 praedicantur,
958 1464 1030 1502 ego
1061 1458 1193 1488 tamen
1221 1449 1382 1500 beatus,
1418 1450 1527 1502 quod
1548 1449 1650 1487 mihi

121 1517 315 1555 sudantur.
370 1519 614 1569 Quapropter
634 1518 730 1557 male
757 1519 821 1557 alii
847 1524 889 1557 ut
922 1519 1123 1570 Oruquius
1151 1523 1190 1556 et
1211 1517 1420 1556 Lubinus:
1450 1531 1649 1568 „numma-

119 1589 183 1624 tus
209 1586 270 1624 vel
297 1586 404 1623 dives
431 1587 576 1627 sactus!
566 1587 592 1609 ‘⁶
644 1586 827 1624 Homines
854 1590 978 1624 autem
1007 1587 1183 1639 opinione
1210 1586 1332 1634 beati,
1367 1587 1470 1637 quod
1496 1586 1647 1637 quidem

121 1665 249 1690 secum
269 1652 385 1691 tacite
412 1653 561 1692 dicebat
578 1653 826 1704 Eutrapelus,
853 1655 891 1692 in
916 1667 1020 1692 suam
1042 1654 1210 1705 ipsorum
1235 1655 1439 1705 perniciem
1460 1654 1571 1692 facile
1597 1654 1648 1691 ad

119 1733 227 1757 not-a
252 1720 421 1757 consilia
447 1728 486 1757 et
516 1734 604 1772 spes
629 1722 808 1760 evolitant
836 1726 875 1761 et
900 1722 1072 1761 sublimia
1098 1722 1297 1761 somniant.
1342 1721 1440 1761 Hinc
1468 1723 1647 1760 Socrates

120 1789 223 1840 apud
248 1788 367 1826 Orell.
388 1788 417 1828 1.
451 1788 522 1826 Nr.
548 1791 614 1830 68.
639 1803 679 1840 p.
700 1790 767 1831 24.
816 1790 874 1830 Ac
900 1788 1077 1841 πονηραὶ
1102 1789 1279 1839 ἐλπίδες,
1308 1786 1441 1843 ὥσπερ
1465 1789 1509 1830 οἷ
1530 1788 1647 1830 κακοὶ

121 1854 281 1910 ὁδηγοί,
310 1855 377 1896 ἐπὶ
398 1852 445 1896 τὰ
475 1854 937 1910 ἇμαρτήματαῧγουσιν.
985 1858 1211 1909 Cruquius,
1238 1872 1350 1909 quem
1367 1859 1439 1896 hoe
1463 1858 1536 1896 loci
1555 1871 1648 1896 acu-

121 1936 206 1962 men
231 1923 387 1974 fefellit,
416 1938 485 1963 sna
512 1927 696 1978 scriptura
724 1939 857 1976 exspes
874 1926 947 1964 hoc
977 1926 1051 1963 diei
1077 1927 1274 1977 opinatur:
1306 1939 1414 1975 „non
1442 1939 1528 1964 raro
1552 1926 1645 1972 fieri,

123 1995 166 2029 ut
190 2003 354 2043 pauper,
392 1994 457 2043 qui
481 1995 557 2044 jam
585 1994 692 2032 dives
709 1994 878 2032 ⁴effectus
906 1995 957 2032 ad
983 1994 1149 2032 honores
1183 1998 1222 2031 et
1248 1994 1489 2044 magistratus
1518 1993 1647 2042 adspi-

122 2063 203 2108 ret,
229 2072 326 2111 quos
352 2061 505 2111 assequi
532 2061 563 2099 si
591 2066 754 2113 nequeat
778 2076 849 2114 pro
872 2062 1056 2100 arbitratu
1082 2075 1174 2111 suo,
1201 2074 1332 2112 exspes
1358 2062 1384 2099 i.
1415 2074 1448 2102 e.
1474 2059 1646 2097 omnibus

122 2126 333 2177 desperatis
358 2140 401 2166 se
425 2131 548 2166 vertat
572 2129 609 2166 in
639 2143 788 2168 omnem
814 2131 1022 2169 luxuriam“
1052 2133 1125 2169 etc.

234 2194 279 2236 V.
303 2193 371 2235 34.
419 2195 601 2233 Dormiet
630 2198 675 2234 in
710 2197 861 2246 lucem,
898 2199 1000 2248 quod
1028 2208 1142 2247 quum
1168 2196 1312 2243 securi,
1349 2199 1429 2233 tum
1460 2194 1546 2243 ejus
1576 2197 1647 2238 est,

123 2262 187 2311 qui
216 2263 337 2312 primo
362 2276 471 2300 mane
499 2268 700 2314 patronum
737 2266 902 2303 salutare
929 2278 1007 2303 non
1034 2267 1160 2312 curat,
1200 2263 1276 2299 vid.
1305 2275 1393 2300 ann.
1430 2262 1479 2299 ad
1509 2262 1549 2309 2,
1576 2260 1647 2301 30.

126 2330 193 2378 17,
218 2331 258 2370 6.
276 2335 332 2368 ἐἰ
362 2331 412 2368 de
440 2331 604 2370 dictione
629 2333 775 2371 Hand.
804 2333 854 2371 ad
882 2331 1045 2370 Tursell.
1075 2331 1139 2368 Ill.
1168 2345 1205 2382 p.
1237 2330 1333 2370 335.
1371 2334 1411 2366 et
1437 2326 1571 2365 Liibk.
1598 2329 1647 2365 ad

125 2395 203 2433 Od-
231 2396 274 2444 3,
301 2398 343 2445 8,
373 2397 438 2437 15.
466 2399 526 2436 Ad
555 2399 744 2450 officinm,
779 2399 1040 2449 quodcumque
1068 2401 1150 2445 est,
1185 2409 1209 2434 a
1237 2397 1374 2435 cliente
1406 2395 1559 2433 domiuo
1587 2395 1648 2433 sa-

125 2461 321 2510 ciendum,
346 2475 420 2501 nou
443 2466 492 2502 ad
516 2469 703 2517 καθῆκον
729 2467 845 2505 verba
872 2478 1022 2516 quoque
1049 2465 1255 2515 pertinent:
1291 2469 1417 2499 scorto
1441 2469 1650 2512 postponet

125 2528 218 2566 Ιιοη.
244 2529 436 2579 Officium
458 2532 484 2568 i.
511 2545 547 2572 e.
575 2544 649 2583 „er
675 2534 769 2571 wird
796 2555 852 2561 —-
881 2554 935 2560 —
962 2533 1032 2570 der
1053 2531 1230 2570 Buhlerin
1254 2530 1387 2581 opfem
1408 2530 1470 2568 die
1490 2528 1646 2568 Dienst·

127 2701 252 2736 minum
272 2701 491 2746 propriorum
518 2711 581 2735 usu
603 2702 766 2736 docuisse
788 2701 877 2736 dicit
901 2701 1051 2736 Jahnim
1077 2701 1113 2735 in
1133 2701 1252 2737 NJbb.
1274 2697 1374 2736 1845.
1402 2700 1533 2746 xmn,
1551 2702 1587 2747 3,
1607 2714 1645 2748 p.

86 2792 89 2794 ,
125 2757 220 2802 366.,
238 2769 369 2792 mecum
387 2755 534 2799 sentiat,
556 2756 660 2792 hodie
678 2770 732 2792 me
751 2757 854 2803 fugit.
873 2757 974 2792 eonf.
995 2757 1098 2792 etiam
1114 2758 1157 2793 F.
1177 2757 1394 2804 Bamberger·
1409 2757 1446 2792 in
1462 2758 1646 2794 schneide-

127 2813 208 2848 1νὺιὶ
230 2814 411 2858 ,,ΡΙιίΙοΙ.“
433 2811 533 2848 1846.
556 2813 601 2847 11.
631 2825 666 2860 p.
685 2814 756 2849 315
771 2833 819 2840 --
837 2813 926 2849 330:
946 2813 1088 2858 „Uiber
1111 2813 1293 2860 Telephus
1311 2814 1381 2849 und
1402 2814 1518 2860 einige
1535 2815 1646 2851 andro

129 2880 300 2914 personae
317 2869 572 2905 Horatianae.“
