1910 3138
118 167 180 209 a?
226 161 506 207 comN'r.
527 164 582 204 ΙΝ
601 165 726 205 flou.
742 159 841 204 Lm.
863 166 891 205 1.
921 165 1087 205 EplsT.
1108 163 1516 205 DUODEVICRSIM.
1563 160 1648 203 415

123 288 238 329 quam
261 276 499 317 arflficiosam
527 283 815 330 praeceptorum
845 279 988 317 utilium
1016 280 1308 328 connexionem,
1337 283 1380 317 ut
1405 289 1483 316 non
1507 278 1651 315 incom-

123 347 236 385 mode
259 346 397 384 dixerit
422 359 596 384 morosus
624 346 687 384 ille
711 346 827 396 judex
853 347 938 386 Jue.
978 348 1089 386 Caes.
1127 347 1336 402 Scaliger.-
1367 346 1464 398 „Sic
1490 345 1529 383 in
1555 345 1652 382 duo·

125 413 372 463 devicesima,
409 414 604 464 ingressus
640 427 722 452 eam
750 415 1066 465 disputationem,
1106 428 1182 466 qna
1217 416 1362 453 reducit
1396 415 1568 452 virtutem
1602 413 1652 450 ad

122 476 287 519 medium
314 481 363 518 de
387 483 586 531 extremis,
626 481 813 520 saltuatim
843 483 967 532 agitur
998 495 1067 532 per
1094 490 1297 534 praecepta
1325 483 1492 530 diversa,
1533 491 1651 531 quae-

125 560 200 599 que
226 549 324 587 iuter
350 561 394 588 se
421 549 521 588 nulla
548 550 755 588 cohaerent
777 550 1006 587 affinitate.“
1060 550 1206 593 Quodsi
1242 550 1339 587 Hor.
1366 549 1404 586 iu
1433 548 1503 586 hae
1530 547 1651 599 Epist.

123 616 233 666 quasi
257 616 464 668 exemplum
494 619 641 656 virtutis
679 616 930 669 ὁμιλητικῆς,
970 629 1044 667 qua
1076 618 1160 668 quis
1186 618 1275 655 viris
1307 615 1526 667 potentibus
1561 625 1651 666 pru—

124 683 261 721 denter
287 690 478 734 uteretur,
508 698 722 736 proponere
749 685 889 733 voluit,
923 685 983 722 vix
1011 684 1122 724 aliter
1150 687 1276 736 potuit
1294 686 1439 733 facere,
1468 684 1558 734 quin
1576 682 1653 720 dir-

125 750 331 789 ficultatem
359 757 398 789 et
424 752 590 803 pericula
616 754 782 790 culturae
804 753 1012 803 potentium
1031 753 1236 791 amicorum
1253 753 1449 790 indicaret.
1496 751 1553 789 Ex
1577 761 1653 800 qua

121 828 167 855 re
194 818 227 855 si
253 808 406 869 quidam
432 820 528 858 effici
558 820 773 868 voluerunt,
802 820 999 858 Horatium
1027 820 1066 857 id
1093 821 1241 871 egisse,
1270 824 1313 858 ut
1330 819 1495 858 Lollium
1522 830 1546 855 a
1573 817 1654 856 eul-

125 888 212 923 tura
227 887 399 936 potentis
425 887 534 925 amici
561 888 792 936 deterreret,
818 899 939 938 aeque
966 891 1094 925 errant
1116 893 1230 938 atque
1249 889 1297 933 ii,
1323 888 1386 938 qui
1417 887 1576 924 poetam
1601 885 1652 933 ad

126 951 361 991 ambiendam
389 954 503 992 talem
536 956 733 993 amicitiam
757 955 995 992 adhortatum
1025 968 1111 993 esse
1148 954 1219 992 sibi
1246 955 1480 1006 persuadent
1490 950 1540 1003 *).
1590 952 1653 1003 lp-

123 1032 208 1058 sum
234 1019 398 1059 Lollium
421 1034 532 1072 quum
561 1023 623 1060 alii
651 1023 929 1061 adolescentem
958 1022 1149 1061 obstantia
1166 1022 1330 1061 libertati
1354 1021 1517 1059 claustra
1543 1019 1652 1069 quasi

122 1098 367 1140 perrumpere
395 1095 591 1128 conantem
617 1096 657 1128 et
688 1092 820 1141 jugum
846 1090 1032 1130 amicitiae
1060 1102 1143 1127 cum
1171 1101 1309 1140 magno
1338 1089 1460 1126 amico
1489 1091 1554 1124 aut
1579 1086 1652 1123 iui-

122 1158 188 1193 tae
213 1158 280 1194 aut
304 1155 491 1195 ineundae
515 1157 575 1194 vel
604 1170 719 1207 aegre
747 1158 931 1196 ferentem
959 1156 1018 1194 vel
1043 1161 1279 1195 recusantem
1306 1156 1495 1207 opinionis
1523 1166 1652 1192 errore

122 1222 196 1261 sibi
218 1223 367 1274 fingunt
377 1224 463 1276 **),
489 1225 551 1262 alii
581 1226 619 1263 in
647 1225 804 1263 alterum
829 1226 1022 1262 incurrunt
1045 1224 1197 1272 vitium,
1227 1236 1340 1274 quum
1364 1223 1524 1260 eundem
1551 1221 1652 1270 „hu-

123 1382 186 1417 mit
199 1382 350 1427 goldneu
365 1384 591 1418 Buchstaben
605 1383 836 1429 geschrieben
854 1383 923 1417 und
938 1395 982 1417 an
995 1382 1116 1418 seinen
1127 1383 1305 1417 Calender
1323 1382 1412 1415 oder
1426 1381 1504 1416 sein
1519 1381 1653 1415 Memo-

122 1439 371 1474 mden-Buch
386 1441 591 1485 gebunden,
614 1440 674 1474 bei
694 1440 768 1474 sich
786 1440 930 1482 ffihren‚
953 1440 1022 1474 und
1041 1440 1155 1474 worin
1170 1452 1209 1473 er
1229 1438 1362 1484 taglich
1390 1439 1441 1473 als
1459 1439 1494 1471 in
1519 1438 1651 1472 seinem

122 1496 266 1531 Brevin·
285 1497 392 1530 beten
414 1498 544 1531 sollte“
564 1502 635 1530 etc.
674 1496 848 1531 Similiter
856 1496 997 1541 judicat
1019 1497 1067 1531 W
1066 1497 1252 1531 alckenaer
1270 1496 1335 1538 (11.
1358 1508 1393 1540 p.
1412 1490 1533 1540 178.):
1571 1495 1651 1538 „he

122 1555 232 1598 poete
256 1552 344 1587 dans
365 1559 461 1587 nette
489 1554 604 1598 epitre
634 1548 725 1587 c'est
757 1557 923 1598 surpasse
950 1554 1123 1587 lui-meme
1157 1553 1245 1587 dans
1274 1553 1357 1587 l'art
1383 1553 1468 1597 qu'il
1498 1552 1651 1598 possede

122 1609 355 1654 d'exprimer,
386 1620 475 1644 avec
494 1621 562 1644 une
589 1610 752 1654 elegante
779 1610 977 1653 concisiou,
1007 1610 1058 1644 les
1077 1612 1265 1655 preceptes
1292 1610 1344 1643 les
1365 1609 1442 1653 plus
1461 1609 1578 1643 utiles.
1619 1609 1650 1642 Il

123 1671 181 1699 est
194 1675 351 1710 parvenu
366 1667 387 1699 a
406 1667 599 1701 renfermer
623 1667 710 1700 dans
740 1678 786 1700 un
807 1667 902 1712 petit
919 1668 1065 1701 nombre
1082 1667 1128 1701 de
1147 1677 1230 1700 vers
1260 1666 1294 1700 le
1313 1666 1403 1714 code
1427 1666 1581 1711 complet
1603 1664 1652 1700 da

123 1721 305 1756 com-tizan
318 1722 470 1756 honuete
485 1723 638 1763 homme3
657 1723 702 1757 de
718 1724 877 1758 l’homme
896 1724 1071 1758 aimable“
1091 1728 1161 1757 etc.
1182 1729 1251 1759 etc.

233 1777 273 1822 ¹⁹¹)
293 1778 420 1824 Neque
437 1778 519 1813 mihi
538 1791 651 1824 neque
669 1779 852 1815 Diintzero
871 1781 916 1814 ab
938 1779 1029 1815 omni
1052 1786 1154 1825 parte
1179 1791 1267 1814 vera
1285 1778 1452 1813 videntur
1474 1788 1564 1823 quae
1585 1779 1651 1812 hac

123 1834 170 1868 de
186 1845 228 1868 re
250 1835 434 1880 eleganter
448 1836 645 1881 disputavit
663 1835 906 1871 Doederlim'us
922 1836 958 1870 in
976 1837 1094 1871 Lectt.
1114 1837 1245 1871 Horat.
1266 1836 1389 1870 decad.
1409 1847 1445 1880 p.
1462 1834 1525 1870 152
1545 1835 1650 1878 „Sio-

123 1890 177 1926 nti
194 1890 410 1936 potissimum
424 1898 480 1926 est
496 1894 590 1927 nolle
607 1898 772 1938 potentes
787 1893 906 1928 colere
918 1920 927 1937 ,
949 1894 1012 1928 sed
1036 1893 1107 1928 sibi
1120 1893 1242 1928 vivere
1266 1893 1437 1938 honeste,
1463 1892 1558 1938 quod
1581 1903 1649 1936 ego

123 1957 215 1982 mc
241 1947 355 1992 facio,
383 1949 568 1984 secundum
597 1956 714 1984 autem
740 1954 779 1983 et
801 1962 928 1996 cupere
953 1957 1117 1996 potentes
1147 1951 1266 1984 colere
1294 1956 1331 1983 et
1354 1961 1472 1995 posse,
1498 1948 1588 1993 quod
1609 1954 1649 1981 tu

34 2008 38 2014 '
102 2036 106 2037 γ
123 2004 226 2038 nodo
245 2004 335 2039 facis
355 2004 412 2038 vel
431 1999 587 2040 facturus
609 2018 665 2050 es,
686 2007 821 2050 utilius,
851 2018 954 2052 quam
983 2007 1179 2044 honestum
1200 2007 1251 2040 ita
1275 2005 1428 2040 ultimum
1449 2012 1506 2038 est
1526 2015 1568 2038 ac
1588 2005 1650 2038 de-

122 2061 320 2105 terrimum,
343 2067 468 2107 utpote
495 2074 561 2101 nee
579 2063 683 2106 utile,
708 2075 774 2097 nec
800 2062 983 2098 honestum
1001 2076 1127 2109 cupere
1151 2075 1215 2097 nec
1242 2075 1352 2108 posse.
1363 2064 1387 2081 ‘⁴
1438 2061 1565 2105 Neque
1586 2072 1648 2105 ap-

124 2117 237 2163 probo
260 2129 351 2164 quae
371 2119 519 2154 Oratim
536 2121 580 2154 ab
602 2120 754 2154 Horatio
775 2120 957 2154 admoneri
975 2120 1103 2162 sentit,
1130 2130 1258 2164 „quam
1277 2120 1384 2152 multa
1404 2117 1524 2151 officia
1538 2117 1648 2150 libero

125 2178 165 2208 et
182 2173 336 2218 ingenuo
354 2174 430 2209 viro
451 2174 511 2209 vix
531 2175 618 2210 satis
637 2175 743 2221 digna
757 2175 828 2210 sint
848 2177 1071 2211 observanda
1087 2175 1161 2210 tale
1180 2176 1251 2209 iter
1269 2174 1440 2220 ingressis
1452 2199 1462 2216 ‚
1484 2180 1522 2207 et.
1545 2184 1647 2218 quam

123 2230 232 2264 nula
248 2231 404 2276 pericula
421 2233 594 2267 fautorem
616 2232 817 2266 offendendi
842 2233 944 2267 anxie
964 2233 1193 2267 devitanda.“
1232 2232 1335 2272 Quae
1359 2230 1390 2264 si
1409 2241 1495 2263 vera
1516 2234 1646 2271 essent,

124 2285 294 2333 Horatius
307 2288 374 2331 iis,
394 2299 484 2333 quae
504 2289 548 2323 ad
569 2290 739 2323 scaevam
759 2289 924 2335 scripsit,
950 2289 1021 2323 sibi
1040 2289 1110 2334 ipsi
1128 2293 1377 2333 repugnasset.

217 2340 273 2386 ⁹)
293 2343 453 2381 Dfintzer
472 2346 527 2390 (p.
544 2342 652 2388 489):
672 2346 777 2389 „Von
797 2346 870 2386 den>
884 2345 1028 2388 frohen,
1051 2344 1146 2378 wohl
1165 2343 1416 2378 iibertriebnen
1437 2340 1648 2376 Aussichten

124 2397 194 2431 und
207 2398 450 2444 Hoffnungen,
471 2401 529 2435 die
548 2401 623 2435 sich
642 2402 707 2435 der
721 2401 784 2436 mit
797 2401 1008 2435 mancherlei
1021 2400 1280 2435 Beschwerden
1296 2399 1413 2433 dieses
1429 2397 1648 2432 Verhiiltnis-

124 2463 182 2487 ses
202 2455 292 2488 noch
305 2455 528 2491 unbekannte
536 2458 646 2502 junge
660 2458 767 2492 Manu
782 2457 930 2500 machte,
951 2457 1092 2492 schrieb
1113 2467 1154 2490 er
1168 2467 1308 2490 unserm
1320 2455 1469 2489 Dichter
1483 2454 1547 2488 mit
1559 2454 1648 2488 aller

124 2508 422 2555 Freimiithigkeit
430 2513 500 2546 und
511 2513 598 2546 aller
606 2514 696 2547 Lust
706 2514 816 2548 frisch
828 2514 991 2548 belebter
1001 2513 1194 2556 Hoffnung.
1220 2513 1341 2546 Horat
1353 2512 1440 2546 aber
1449 2510 1551 2545 sucht
1558 2511 1650 2546 auch

125 2565 203 2600 dem
217 2566 367 2609 lanan,
387 2569 450 2602 auf
460 2567 619 2603 iihnliche
633 2560 756 2604 W'eise
766 2596 776 2613 ,
795 2571 866 2603 wie
881 2570 959 2603 dem
975 2570 1092 2604 celsus
1112 2569 1161 2611 (I,
1176 2569 1244 2611 8.),
1266 2568 1372 2613 kluge
1386 2567 1647 2605 Beoonnenheit

124 2632 169 2656 zu
189 2621 382 2666 empsehlen
403 2623 472 2656 und
491 2624 587 2658 seine
607 2625 768 2670 feurigen
789 2625 1011 2669 Hoffnungen
1031 2624 1363 2666 herabzusfimmen,
1393 2635 1434 2658 er
1452 2624 1567 2658 macht
1585 2624 1645 2659 ihu

127 2677 253 2712 damus
264 2678 510 2722 aufinerksam,
531 2680 612 2714 dass
632 2691 708 2714 man
731 2681 806 2714 bier
821 2693 887 2714 vor
906 2682 1015 2714 Allem
1034 2680 1096 2714 mit
1113 2681 1272 2724 grosster
1286 2681 1549 2715 Behutsamkeit
1561 2681 1645 2716 han-

127 2732 205 2768 deln
221 2734 290 2769 und
309 2735 376 2769 alle
391 2736 551 2770 Schritte
572 2736 663 2769 wohl
684 2737 867 2771 bedenken
882 2736 1014 2778 mfisse3
1035 2736 1123 2770 auch
1142 2735 1218 2770 hier
1235 2737 1350 2772 miisse
1364 2738 1439 2772 sich
1458 2737 1515 2772 die
1527 2737 1644 2772 Weis-

129 2789 204 2824 hait
231 2791 294 2825 des
313 2792 461 2826 Mannes
483 2791 691 2836 bethiitigen
703 2818 712 2835 ‚
733 2793 791 2826 die
817 2792 936 2827 immer
960 2793 1022 2827 das
1039 2793 1297 2838 vorgesteckte
1316 2794 1394 2828 Ziel
1413 2793 1460 2828 im
1483 2796 1581 2840 Auge
1599 2806 1642 2829 zu

129 2843 294 2882 behalteu
309 2849 436 2892 wisse,
459 2849 502 2883 da
518 2861 555 2882 es
576 2848 672 2882 nicht
686 2859 724 2882 so
742 2848 851 2883 leicht
871 2848 920 2883 sei
933 2875 942 2891 ‚
965 2848 1037 2883 sich
1054 2849 1111 2884 die
1135 2850 1252 2884 Gunst
1267 2852 1332 2885 der
1349 2851 1508 2886 Grossen
1524 2862 1568 2886 zu
1587 2864 1644 2886 er-

1232 2911 1314 2953 27*
1338 2915 1381 2964 (5
1393 2917 1430 2964 *)
