1910 3138
8 1645 17 1656 ⁴
0 1286 45 1612 «θεῖς’

171 226 241 269 *19
320 220 597 265 Gom.
617 223 678 264 IN
694 223 818 263 HOR.
840 222 941 262 LIB.
961 223 991 261 1.
1028 222 1195 262 Epls'r.
1214 220 1363 264 SEPT.
1380 221 1560 262 linem.
1618 219 1704 263 367

291 339 345 378 V.
366 337 407 379 9.
436 337 504 378 10.
549 336 663 375 Nam
690 349 815 388 neque
839 334 1031 376 divitibus
1051 358 1108 364 —
1117 335 1283 387 fefellit.
1339 333 1434 374 Loci
1462 336 1558 375 illius
1585 337 1701 376 inste-

95 416 98 425 ¹
179 405 329 457 quetis
352 405 692 444 commemorationi
721 404 814 444 haec
839 405 1049 443 annectitur
1076 403 1277 442 sententia:
1308 429 1339 452 „
1348 403 1447 442 Nam
1471 406 1700 457 pauperibus

177 484 331 526 qnoque
356 484 475 524 parvo
510 473 699 510 contentis
738 485 806 510 sua
833 477 922 510 sunt
956 472 1093 521 gandia
1107 472 1170 520 ¹⁸¹),
1202 484 1272 509 nec
1299 470 1495 512 infeliciter
1521 473 1547 510 ii
1573 473 1700 512 existi-

177 541 303 580 mandi
339 544 449 590 sunt,
496 540 559 590 qui
595 539 667 577 sibi
702 541 872 579 viventes
907 540 947 577 in
975 539 1164 577 hominum
1196 539 1434 589 ignoratione
1464 544 1701 580 versantur.“

160 607 263 646 -Jam
286 607 480 647 constituit
516 607 567 647 H.
592 609 667 646 duo
696 608 884 646 hominum
913 620 1076 658 genera,
1112 607 1321 645 otiosorum
1348 610 1387 644 et
1413 610 1606 658 potentiae
1632 622 1698 648 cn-

176 675 364 728 pidorum.
421 674 574 713 Illorum
599 676 714 713 vitam
743 675 1016 727 Epicureorum
1041 679 1269 726 praecepto:
1299 670 1403 714 λάθε
1428 671 1599 727 βιῶσας,
1621 689 1699 715 me-

174 742 270 783 titur
294 755 342 782 aar.
365 743 508 792 dirigit.
550 742 596 781 In
624 743 781 780 eandem
799 743 1026 781 sententiam
1049 743 1115 792 18,
1145 742 1240 783 103.
1269 741 1456 793 fallentis
1477 744 1618 781 semita
1636 746 1700 782 νὶ-

176 816 244 849 toe
268 814 309 850 et
335 810 451 849 ovid.
479 808 600 850 Trist.
630 810 674 859 8,
711 809 751 859 4,
780 810 845 850 25.
894 810 1016 847 Crede
1042 809 1162 859 mihi,
1201 808 1296 847 bene
1321 811 1393 862 qui
1426 810 1570 857 lamii,
1606 811 1701 850 bem

174 878 302 924 axis,
329 885 367 915 et
396 879 504 915 intra
530 878 751 915 Fortunam
778 876 889 915 debet
914 879 1079 929 quisque
1103 891 1261 914 manere
1287 891 1415 917 suam.
1471 879 1553 918 Cic.
1581 881 1698 920 Tuse.

173 945 219 996 3,
247 943 317 994 24,
346 945 414 987 57.
457 945 525 983 De
550 945 826 983 contemnendo
853 945 1022 982 honore:
1053 944 1173 982 multi
1198 945 1425 984 inhonorati
1439 948 1700 998 proferuntur

174 1019 215 1050 et
247 1012 409 1065 quidem
439 1020 603 1064 propter
629 1013 675 1051 id
698 1015 828 1064 ipsum
855 1012 1042 1051 beatiores
1051 1027 1069 1060 ,·
1110 1026 1346 1066 eorumque,
1388 1015 1461 1066 qui
1492 1018 1698 1065 privatum

173 1082 300 1119 otium
330 1082 495 1132 negotis}
512 1080 692 1132 puhhbis
707 1081 996 1130 amuletum,
1025 1083 1260 1119 nominatim
1278 1084 1363 1120 vita
1390 1083 1593 1121 laudatur.
1641 1084 1698 1124 ld.

175 1146 216 1196 5,
242 1147 314 1198 87,
346 1150 440 1191 108,
467 1149 519 1190 ib.
547 1149 676 1190 Klotz.
704 1150 839 1190 Senec.
868 1150 1028 1201 Thyest.
1053 1148 1139 1190 391
1161 1163 1246 1201 sqq.
1291 1150 1461 1189 Pertinet
1477 1151 1550 1190 huc
1568 1151 1698 1202 impri-

172 1217 245 1255 mis
271 1215 458 1257 Plutarchi
488 1217 653 1255 libellus:
693 1217 729 1257 εἰ
749 1219 878 1265 καλῶς
905 1217 1055 1270 εἴρηται
1082 1214 1126 1258 τό
1157 1215 1260 1257 λα’θε
1288 1214 1438 1270 βιώσας
1464 1217 1564 1269 (Vol.
1588 1219 1635 1257 X.
1657 1232 1697 1271 p.

170 1283 257 1325 685
279 1297 365 1336 sqq.
391 1281 544 1337 Reisk.)
573 1288 613 1322 et
640 1284 920 1336 Eurip..1phig.
950 1286 1036 1324 Aul.
1064 1287 1131 1327 17.
1161 1285 1290 1337 (quem
1316 1287 1439 1324 locum
1471 1286 1698 1325 Lambinus

172 1353 338 1404 aperuit)
363 1354 464 1404 ζηλοῖ
483 1348 698 1405 δ’ἄνδρῶν,
723 1349 768 1400 ὃς
788 1347 1010 1395 α’κίνδυνον
1032 1355 1124 1407 βίον
1143 1353 1341 1407 §gemeque
1362 1348 1514 1407 ἀγνώς,
1539 1351 1697 1408 ἀκλεής·

173 1417 266 1468 τούς
289 1418 374 1461 δ’ἐν
397 1424 529 1473 τιμαῖς
552 1415 679 1472 ἧσσον
711 1421 823 1471 ζηλῶ.
875 1421 1075 1472 Chrysost.
1103 1425 1225 1476 Epist,
1253 1425 1302 1462 ad
1327 1424 1476 1474 Olymp.
1504 1422 1546 1470 3,
1578 1425 1614 1463 1.
1640 1423 1696 1475 (p.

177 1487 269 1530 195.
291 1487 435 1541 Loml.)
486 1487 568 1529 Καὶ
607 1488 651 1529 οἱ
684 1486 756 1540 μὲν
787 1489 1034 1541 δορυφορίας
1069 1492 1340 1540 ἀπολαύοντες
1373 1490 1439 1532 καὶ
1480 1485 1599 1542 δόξης
1626 1490 1695 1531 καὶ

172 1557 291 1607 τιμῆς
318 1553 511 1603 πολλάκις
538 1555 690 1596 ἑαυτῶν
720 1555 987 1608 ἐπηραίσαντο
1021 1562 1073 1615 τῇ
1100 1561 1206 1615 ζωῇ,
1235 1560 1277 1600 οἱ
1311 1557 1356 1600 δὲ
1384 1557 1531 1610 ἄσημοι
1559 1557 1628 1599 καὶ
1654 1558 1696 1608 ἐξ

167 1617 345 1676 ’ἇσήμων
369 1623 438 1664 καὶ
466 1619 602 1665 οὐδενὶ
632 1621 827 1676 γνώριμοι
863 1626 1021 1666 πολλῶν
1057 1624 1223 1675 tautonis·
1247 1626 1564 1680 μακαριωτέρους
1592 1623 1696 1668 εἶναι

174 1689 375 1743 ἐνόμισαν.
434 1691 528 1730 Cum
566 1692 635 1730 hac
662 1692 851 1730 hominum
889 1694 1118 1745 otiosorum,
1155 1696 1334 1746 imprimis
1369 1694 1695 1746 philosophorum,

172 1759 252 1797 vita
276 1759 341 1809 (de
369 1772 446 1810 qua
478 1760 563 1797 vide
591 1759 679 1800 Car.
709 1758 867 1798 Passov.
894 1761 945 1799 N.
975 1763 1043 1804 57.
1083 1763 1207 1804 Beier.
1227 1763 1275 1800 ad
1305 1763 1385 1801 Cic.
1413 1762 1526 1803 offic.
1548 1764 1595 1811 1,
1623 1762 1693 1812 20,

173 1826 241 1868 69.
271 1829 340 1876 26,
363 1827 434 1869 92.
460 1827 583 1866 Halm.
614 1828 662 1866 ad
690 1828 759 1867 Or.
776 1841 835 1879 pr.
861 1829 962 1871 Sest.
990 1831 1057 1879 10,
1084 1830 1149 1871 23.
1175 1830 1261 1868 coll.
1291 1832 1360 1879 66,
1384 1831 1477 1871 138.
1501 1830 1593 1870 139.
1621 1831 1692 1868 Se-

174 1907 259 1933 nec.
282 1894 405 1946 Epist.
435 1895 501 1936 55.
529 1896 615 1946 68.)
650 1908 741 1935 cave
768 1896 977 1935 confundas
1004 1899 1114 1935 vitam
1143 1892 1346 1936 solitariam
1373 1903 1529 1936 naturae
1555 1899 1691 1935 adver-

173 1966 342 2012 nantem,
371 1965 420 2002 de
446 1975 521 2013 qua
545 1963 645 2003 conf.
671 1963 795 2002 Beier.
821 1964 912 2004 ibid.
943 1965 971 2003 Ι.
996 1979 1035 2017 p.
1058 1966 1154 2007 302.
1183 1970 1223 2005 et
1250 1966 1296 2004 11.
1323 1980 1363 2018 p.
1383 1966 1478 2006 225.
1520 1966 1607 2004 Non
1634 1967 1690 2002 in-

174 2031 372 2069 commode
404 2031 630 2082 Cruquiuo:
668 2032 858 2081 „Videtur
882 2033 1008 2083 itaque
1039 2034 1220 2073 Horatius
1247 2035 1412 2072 ludendo
1440 2035 1604 2071 Scaevae
1631 2032 1690 2069 hic

101 2091 103 2094 ¹
174 2097 325 2147 quidem
361 2099 613 2151 applaudere,
648 2101 715 2138 sed
741 2112 817 2138 non
851 2101 904 2137 ita
940 2106 982 2139 ut
1010 2102 1190 2153 Aristippi
1219 2102 1442 2141 sententiam
1469 2112 1544 2136 non
1570 2099 1687 2149 pluris

173 2163 305 2215 faeiat,
332 2170 374 2204 ut
401 2167 528 2206 videre
557 2172 617 2206 est
638 2169 676 2206 in
702 2168 987 2218 sequentibus.“
1045 2168 1104 2207 De
1137 2170 1296 2208 formula
1334 2166 1437 2204 male
1462 2169 1588 2203 vivere
1613 2167 1688 2206 vid.

175 2243 260 2270 ann.
287 2234 337 2271 ad
366 2236 405 2284 6,
435 2236 487 2276 29
499 2235 575 2286 **).

285 2301 332 2341 V.
365 2303 430 2343 11.
460 2305 525 2346 12.
573 2303 621 2340 Si
639 2304 826 2354 prodesse
854 2305 932 2340 tuis
958 2325 1011 2331 —
1041 2304 1100 2340 ad
1124 2310 1296 2340 unctum.
1348 2301 1429 2350 „At
1457 2301 1520 2351 qui
1547 2302 1690 2350 majora

285 2458 326 2502 ¹⁰³)
342 2460 439 2495 Toto
455 2463 553 2497 coelo
570 2463 714 2498 aberrat
728 2463 794 2498 Ed.
812 2474 836 2496 α
854 2462 981 2504 Zurck,
998 2472 1100 2507 quum
1113 2459 1251 2505 gaudia
1268 2462 1390 2503 gratas
1405 2458 1576 2492 divitibus
1589 2459 1688 2494 vices

173 2513 361 2559 intelligit,
383 2516 435 2550 ita
449 2524 489 2551 ut
502 2519 673 2554 Horatius
689 2520 859 2553 Scaevam
878 2518 922 2551 ad
947 2519 1096 2562 „sedem
1111 2515 1258 2548 subinde
1273 2515 1469 2549 mutandam
1479 2516 1503 2535 “
1522 2515 1688 2551 adhorte—

173 2574 243 2603 tur.
286 2569 500 2617 Doeringi'o,
522 2574 582 2620 qui
606 2576 744 2621 gaudia
760 2572 938 2610 inteilexit
966 2573 1228 2617 „voluptatem
1256 2582 1346 2616 quae
1363 2571 1402 2605 in
1420 2572 1574 2606 amoenis
1599 2572 1687 2608 loeis

173 2625 433 2671 percipiatur,“
453 2629 516 2663 Fr.
538 2631 673 2664 Jacobs.
693 2631 756 2675 (V.
771 2644 806 2676 p.
822 2631 885 2672 89)
904 2629 990 2662 hanc
1010 2627 1157 2674 opponit
1176 2628 1310 2661 Poetae
1325 2627 1552 2662 sententiam:
1578 2629 1686 2672 „dass

173 2693 268 2726 man,
287 2693 344 2716 um
363 2682 441 2716 froh
465 2694 509 2718 zu
528 2686 621 2729 sein,
642 2685 740 2720 nicht
757 2686 880 2728 nothig
902 2685 992 2718 habe
1016 2684 1114 2718 reich
1132 2693 1176 2716 zu
1190 2682 1311 2717 sein.“
1354 2684 1401 2718 At
1419 2695 1463 2718 ne
1483 2685 1528 2719 de
1550 2684 1684 2721 divitiis

175 2738 331 2784 quidem,
352 2739 414 2773 sed
431 2739 475 2773 de
490 2739 566 2774 vita
585 2741 705 2786 quieta
716 2768 726 2786 ‚
747 2742 880 2782 otiosa,
902 2741 1052 2774 obscura
1066 2739 1123 2773 bic
1143 2738 1200 2782 agi
1214 2743 1312 2774 recte
1327 2740 1418 2774 vidit
1433 2740 1603 2778 Dantzer.

266 2792 323 2840 **)
346 2796 401 2830 De
421 2797 682 2831 constructione
696 2809 732 2832 v.
752 2796 902 2838 fallendi
925 2807 1000 2829 cnm
1021 2796 1109 2841 ipsis
1127 2795 1334 2842 Participiis
1355 2797 1571 2832 Graecorum
1588 2810 1684 2835 more

172 2850 285 2894 juncti
298 2852 391 2887 conf.
411 2852 525 2887 Lfibk.
546 2852 590 2886 ad
610 2851 679 2886 Od.
695 2852 728 2894 3,
745 2853 800 2895 16,
815 2852 873 2886 32.
895 2853 1022 2896 Wagn,
1039 2857 1077 2886 et
1090 2852 1261 2888 Gossrau.
1276 2854 1323 2888 ad
1333 2853 1436 2899 Virg.
1451 2853 1538 2889 Aen.
1548 2855 1585 2900 7,
1601 2856 1683 2892 850.

175 2907 284 2942 Fabr.
304 2908 348 2944 ad
367 2909 445 2945 Liv.
464 2911 519 2953 21,
535 2907 593 2953 48,
609 2907 642 2943 5.
663 2914 700 2943 et
720 2908 764 2941 de
783 2907 960 2942 Perfectis
979 2908 1062 2943 vixit
1079 2909 1273 2953 —sq'ellit
1287 2922 1367 2945 ann.
1384 2910 1428 2944 ad
1442 2910 1498 2955 19,
1516 2907 1573 2947 49.

1269 2971 1351 3012 24*
1375 2974 1416 3024 (2
1429 2976 1467 3026 *)
