1910 3138
294 179 378 223 216
434 184 791 224 coMMENT.1N
808 185 935 226 non.
953 185 1095 230 1.1Β.1.
1122 187 1286 227 EPIST.
1306 166 1504 234 onim.
1522 184 1700 226 neem.
1757 185 1812 229 66

295 310 335 346 et
357 310 608 347 exundatione
638 309 846 360 proximum
867 315 1018 362 pratum
1037 311 1290 352 devastabit.“
1333 311 1386 351 At
1405 313 1454 351 de
1471 316 1564 352 nota
1582 310 1746 349 inertiae
1757 309 1819 357 ¹⁸²),

296 388 408 426 quam
432 375 589 415 eandem
618 376 791 415 Orellius
817 391 856 415 v.
890 377 929 418 4.
957 379 996 420 5.
1031 379 1116 419 huic
1143 380 1266 419 villico
1295 380 1489 433 impingit,
1515 391 1703 437 'quaeque
1727 390 1818 417 sen-

294 444 434 482 tentiae
455 457 570 495 supra
594 446 816 496 propositae
842 460 1000 498 prorsus
1028 448 1274 498 adversatur,
1305 449 1475 499 cogitare
1492 448 1585 487 noli.
1605 471 1660 478 —
1679 447 1726 485 V.
1748 445 1818 487 30.

296 510 436 548 Multa
474 511 575 548 mole
603 512 804 551 docendas
813 541 830 560 ,
866 518 910 552 ut
936 513 984 552 Δ.
1019 513 1064 553 Ρ.
1099 517 1166 557 68.
1204 517 1338 555 amnis
1364 515 1522 554 Doctus
1556 517 1638 553 iter.
1663 514 1818 552 melius.

295 579 410 629 Prop.
442 580 489 629 1,
521 581 568 630 2,
598 582 663 622 12.
708 582 766 619 Et
789 584 893 620 sciat
923 582 1113 621 indociles
1149 597 1304 622 currere
1331 583 1497 636 lympha
1525 585 1626 622 via-5.
1671 582 1818 622 Colum.

296 646 341 684 C.
370 647 419 685 H.
452 645 520 688 48.
554 650 668 696 jussi
702 651 792 689 rivi.
845 649 973 688 Dictio
1003 654 1128 689 autem
1157 652 1285 690 multa
1313 651 1435 691 molae
1461 651 1502 690 in
1528 651 1599 690 hac
1629 664 1672 690 re
1699 650 1820 688 usita-

295 715 458 752 tissima:
487 716 596 767 Virg.
631 717 730 756 Aen.
763 719 803 767 2,
830 720 926 758 496.
958 718 1173 770 aggeribus
1200 721 1331 771 ruptis·
1359 731 1483 772 quum
1508 732 1696 772 spumeus
1729 730 1820 755 am-

296 783 359 819 nis
380 782 494 820 Exiit
517 787 795 837 oppositasque
817 786 934 823 evicit
952 788 1116 837 gurgite
1140 788 1260 826 moles
1274 816 1289 834 ,
1315 784 1458 826 Fertur
1484 787 1528 824 in
1553 798 1657 825 ‘arva
1676 786 1821 839 furens

295 850 466 888 cumulo.
505 852 618 891 Ovid.
651 853 748 891 Met.
779 854 851 903 11,
888 854 986 895 728.
1026 854 1199 903 Adjacet
1227 855 1346 893 undis
1378 856 1507 894 Facta
1533 852 1818 893 manunmoles.

297 919 377 957 Cic.
404 919 518 959 Offie.
544 922 585 971 2,
616 919 658 970 4,
694 919 757 961 14.
788 920 910 959 moles
937 923 1137 973 oppositas
1153 923 1362 974 fluctibus.
1405 923 1470 962 Sic
1497 921 1662 960 molium
1690 920 1820 970 objec-

296 995 360 1024 tus
396 988 445 1025 de
479 989 591 1027 litore
628 989 775 1039 Bajano
805 1003 867 1041 ap.
898 989 992 1029 Tac.
1020 989 1118 1033 Ann.
1149 989 1227 1042 14,
1257 993 1306 1042 8,
1336 995 1372 1035 1.
1408 991 1494 1034 JuV.
1525 992 1602 1041 12,
1628 989 1696 1031 75.
1733 987 1819 1028 coll.

296 1055 446 1094 Mitsch.
472 1057 522 1094 ad
552 1056 628 1094 od.
649 1057 691 1107 3,
716 1059 755 1107 1,
781 1057 851 1098 33.
877 1055 946 1098 34.
975 1057 1140 1108 Herzog.
1165 1059 1214 1096 ad
1243 1059 1352 1097 Caes.
1378 1060 1423 1097 B.
1447 1059 1493 1097 C.
1517 1061 1556 1109 1,
1585 1057 1653 1100 25.
1680 1055 1819 1096 Man-kl.

295 1125 343 1161 ad
371 1124 469 1162 Stat.
491 1125 584 1164 Silv.
608 1126 647 1174 1,
676 1124 716 1175 5,
747 1127 801 1167 26
821 1138 878 1175 sq.
900 1131 1091 1175 —prato
1119 1127 1267 1176 aprico.
1311 1127 1427 1165 Prata
1454 1127 1553 1166 enim
1578 1125 1685 1164 vallis
1713 1123 1822 1164 Usti-

295 1204 361 1230 cae
387 1192 518 1243 tepido
552 1205 597 1230 ac
626 1192 725 1243 leni,
765 1206 843 1231 non
877 1193 1154 1231 torrentissimo
1190 1193 1262 1231 soli
1293 1197 1467 1245 exposita
1501 1197 1664 1233 constat.
1705 1190 1820 1230 Conf.

295 1259 502 1298 Eia-hholz.
531 1259 554 1297 l.
590 1259 612 1296 l·
644 1273 683 1311 p-
713 1260 806 1301 156.
853 1260 1047 1312 Gernl‘ng.
1088 1274 1126 1311 p-
1156 1260 1250 1302 184.
1294 1261 1530 1312 Capmartin
1563 1260 1612 1297 de
1653 1259 1821 1310 C'lzaupy

294 1326 536 1366 De'couverte
555 1331 629 1365 etc.
660 1327 691 1365 l.
721 1340 759 1378 p.
788 1327 884 1368 336.
914 1327 981 1366 111.
1011 1342 1050 1380 p.
1085 1329 1166 1371 292
1189 1350 1238 1357 —
1265 1327 1361 1370 334.

406 1395 455 1433 V.
476 1395 524 1435 31
546 1418 602 1424 ——-
617 1391 686 1436 44.
713 1394 839 1432 szc
860 1409 937 1448 age
951 1401 1023 1434 etc.
1053 1397 1334 1435 Sententiarum
1355 1396 1467 1435 ordo:
1491 1394 1650 1446 „Habes
1667 1397 1821 1433 nostrae

296 1463 544 1501 dissensionis
574 1464 773 1501 rationem.
815 1463 907 1502 Non
935 1466 1056 1516 pudet
1080 1465 1230 1516 quidem
1255 1465 1356 1503 vitae
1382 1464 1422 1501 in
1451 1463 1602 1502 urbanis
1630 1462 1821 1500 munditiis

295 1531 382 1569 olim
411 1535 541 1581 actae,
581 1535 621 1569 at
649 1544 764 1582 quum
801 1531 875 1570 alia
901 1537 1008 1571 aetas
1037 1533 1132 1571 alios
1165 1545 1292 1572 mores
1318 1531 1509 1583 postulet,
1543 1531 1607 1569 ina
1633 1530 1720 1568 mihi
1743 1530 1823 1581 jam

294 1613 371 1637 non
399 1599 605 1652 probatur,
646 1600 787 1651 quippe
815 1613 912 1651 quae
945 1606 1102 1640 naturae
1135 1600 1399 1639 convenienter
1426 1599 1567 1638 viventi
1596 1597 1652 1651 (v.
1677 1595 1757 1650 34)
1783 1602 1824 1637 et

296 1673 439 1707 sortem
477 1669 627 1706 beatam
657 1681 815 1719 eamque
837 1669 1101 1721 *interruptam
1129 1668 1361 1708 desideranti
1384 1668 1438 1719 (v.
1467 1667 1523 1709 37
1549 1688 1598 1696 —
1625 1664 1702 1718 40)
1731 1678 1824 1704 con-

295 1739 409 1775 traria
439 1738 491 1775 sit
514 1742 552 1776 et
579 1736 753 1775 adversa.
802 1735 864 1774 'Be
905 1741 1038 1775 contra
1076 1738 1214 1788 prioris
1249 1736 1372 1786 vitae,
1411 1735 1500 1774 licet
1533 1747 1579 1773 ea
1613 1745 1689 1784 qua
1722 1745 1822 1771 1111110
1888 1768 1891 1771 .

293 1805 430 1843 frueris
459 1806 624 1843 deterior
654 1803 725 1852 sit,
765 1816 941 1853 magnum
977 1809 1086 1843 tenet
1119 1804 1367 1853 desiderium,
1405 1815 1519 1854 quum
1557 1802 1653 1841 alter
1689 1812 1821 1840 servus

297 1872 460 1910 urbanus
487 1872 584 1909 hanc
613 1875 717 1908 tuam
747 1874 866 1920 optet.
909 1871 1081 1910 Alienam
1105 1873 1220 1924 igitur
1243 1875 1402 1922 uterque
1425 1870 1548 1922 diligit
1567 1873 1710 1909 sortem
1731 1880 1822 1920 per-

295 1943 424 1977 taesus
453 1951 582 1987 suam,
610 1950 823 1988 quanquam
853 1940 950 1977 vitae
979 1953 1127 1978 cursum
1157 1944 1288 1978 tenere
1316 1951 1426 1976 suum
1451 1938 1567 1976 satius
1597 1941 1679 1987 est,
1706 1937 1820 1975 immo

296 2006 485 2058 optimum.
496 2006 525 2029 ‘⁶
569 2006 634 2043 Sic
666 2005 786 2043 Poeta
813 2006 863 2043 ad
897 2007 1156 2058 propositum,
1192 2007 1295 2058 quod
1327 2006 1366 2044 in
1403 2010 1625 2056 argumento
1654 2014 1819 2043 comme-

295 2075 545 2124 moravimus,
583 2074 751 2124 prudens
779 2073 889 2110 redit.
934 2074 1049 2118 Quod
1086 2087 1199 2124 quum
1231 2075 1459 2125 interpretes
1494 2085 1626 2125 parum
1653 2071 1820 2110 animad-

296 2144 519 2192 vertissent,
564 2154 631 2180 eos
666 2145 744 2179 tam
782 2141 922 2179 variam
949 2141 988 2178 in
1029 2141 1127 2179 hunc
1161 2142 1286 2180 locum
1320 2140 1490 2179 intulisse
1529 2139 1819 2191 discrepantiam

295 2225 372 2249 non
398 2210 597 2250 mirabere.
639 2209 814 2248 Proxime
840 2221 863 2246 a
890 2209 999 2246 nobis
1028 2210 1138 2248 abest
1167 2208 1365 2249 Diintzer.
1393 2230 1443 2237 -—
1484 2207 1544 2246 Ad
1579 2220 1616 2246 v.
1651 2219 1819 2245 concen-

296 2286 381 2316 tum
408 2278 508 2319 conf.
537 2277 617 2315 Cic.
646 2278 694 2315 de
722 2276 846 2315 Divin.
878 2278 917 2322 2,
945 2274 1011 2327 14,
1039 2275 1107 2317 34.
1157 2276 1247 2326 Qua
1272 2290 1318 2314 ex
1347 2275 1621 2324 conjunctione
1647 2281 1818 2318 naturae

296 2354 332 2383 et
359 2348 478 2398 quasi
505 2351 694 2383 concentu
721 2351 842 2396 atque
869 2357 1058 2382 consensu
1069 2373 1084 2390 ,
1120 2358 1244 2396 quam
1278 2345 1427 2382 Graeci
1459 2338 1717 2396 συμπάθειαν
1744 2355 1818 2380 νο-

407 2477 447 2527 *)
468 2481 559 2517 Η1110
575 2483 752 2529 Judicabis
772 2483 817 2518 de
834 2481 1066 2517 translatione
1087 2483 1126 2517 C.
1149 2482 1317 2516 Passovii:
1347 2480 1503 2527 „Arbeit
1519 2481 1635 2516 melu-t
1659 2479 1719 2515 ffir
1746 2479 1815 2515 den

298 2539 445 2584 Triigen
466 2539 529 2574 der
548 2541 671 2575 Bach“
698 2545 736 2575 et
757 2544 904 2575 auctore
921 2540 1050 2574 Vossio
1070 2539 1106 2574 J.
1124 2538 1300 2573 Merkelii:
1325 2538 1481 2583 „Arbeit
1498 2537 1612 2573 mehr-t
1630 2537 1709 2572 dem
1722 2536 1814 2571 Ver-

298 2596 467 2630 drossnen
496 2596 559 2631 der
587 2597 733 2632 Bach.“
781 2597 910 2631 Veram
939 2596 1042 2631 verbi
1067 2595 1173 2642 pigro
1203 2595 1496 2640 significationem
1526 2597 1599 2641 jam
1627 2595 1813 2628 senserunt

300 2653 454 2686 Piscator
477 2659 514 2687 et
531 2655 727 2698 Rodellius,
756 2653 910 2701 itemque
933 2652 1151 2688 Schirachius
1178 2652 1301 2696 (clav.
1327 2654 1418 2687 Hor.
1440 2665 1476 2699 p.
1500 2652 1615 2696 276.),
1638 2659 1740 2696 quum
1756 2647 1811 2693 pi-

297 2720 402 2751 grum
431 2710 654 2755 „agricolam
679 2712 751 2756 jam
776 2723 868 2746 nunc
894 2722 964 2745 non
991 2710 1225 2756 ψει-1111101114ι
1247 2709 1395 2744 diceret.
1435 2709 1627 2754 Vulgarem
1653 2704 1810 2739 imitatus

299 2774 375 2796 esse
395 2764 537 2800 videtur
555 2768 669 2802 Poeta
696 2779 909 2811 sermonem,
938 2778 1026 2814 qun,
1055 2765 1115 2812 qni
1132 2777 1264 2800 vacuus
1284 2770 1399 2812 esset,
1427 2778 1466 2801 se
1482 2765 1626 2812 pigrum
1651 2765 1809 2795 vocaret·

298 2819 350 2852 De
371 2820 488 2855 officio
510 2823 587 2867 ipso
604 2825 695 2858 Cato
716 2825 760 2861 R.
781 2826 826 2860 R.
845 2823 944 2860 155.:
966 2825 1079 2868 Quum
1091 2823 1215 2869 pluere
1231 2823 1386 2869 incipiet,
1395 2821 1575 2867 familiam
1593 2816 1810 2862 cumferreis

297 2876 440 2910 sarculis
460 2879 552 2912 exire
568 2886 721 2925 oportet,
741 2881 859 2916 incilia
879 2881 1035 2927 aperire,
1055 2891 1182 2925 aquam
1200 2881 1370 2915 deducere
1385 2878 1423 2913 in
1442 2877 1516 2913 vias
1534 2880 1605 2910 etc·
