1910 3138
116 174 198 216 157
242 168 518 212 connssNT.
535 171 592 211 ΙΝ
610 171 733 210 HOR.
760 169 909 209 LIB.1.
949 169 1112 209 EPIST.
1132 168 1506 210 UNDEvlcsssm.
1553 165 1637 208 505

112 286 260 325 dicendi
283 288 401 324 artem
421 297 498 323 non
526 285 677 335 assequi
699 287 877 334 potuerat
895 283 1164 324 aemulando.“
1204 284 1472 322 Praecesserat
1493 282 1639 320 lanius

111 353 169 406 (p.
197 353 320 404 288):
361 353 574 402 „Hyarbita
614 351 749 389 wahlte
784 364 868 388 zum
904 351 1174 400 Gegenstande
1208 353 1326 402 grade
1359 351 1435 390 den
1466 350 1636 400 einzigen

110 421 249 461 Fehler
277 422 345 460 des
372 421 543 470 Timag.‚
581 418 740 456 niimlich
770 419 874 456 seine
910 422 1028 455 etwas
1057 431 1104 455 zu
1140 418 1241 458 laute
1267 419 1457 470 Sprache‚
1496 417 1637 475 welche

109 489 250 540 Hyarb.
283 489 383 527 noch
411 502 452 525 so
484 487 570 524 sehr
599 485 811 535 iibertrieb,
852 486 942 522 dass
971 498 1012 523 er
1038 485 1117 522 sich
1146 485 1402 527 iiberschrie.“
1450 484 1636 534 Ambigue

117 557 364 596 Guumann:
397 554 573 606 „Nieder
598 555 648 591 im
668 553 980 603 Zungengefecht
1004 555 1067 590 mit
1087 554 1316 604 Timagenes
1345 555 1445 604 ringt
1467 553 1536 590 der
1552 552 1637 590 Jar-

110 626 167 664 bit
194 626 293 675 sich,
329 624 389 663 Da
418 635 459 660 er
486 622 551 659 mit
582 621 680 658 Hast
707 620 785 658 sich
821 620 1005 670 bem-'iht5
1037 622 1098 658 fiir
1125 621 1257 659 beredt
1286 622 1361 659 und
1395 620 1563 672 gebildet
1587 633 1636 658 zu

110 694 281 744 gelten.“
324 691 508 730 Diintzer
533 701 743 739 quanquam
763 688 977 739 pulmonum
998 689 1246 740 diruptionem
1268 690 1374 727 videt
1393 688 1636 739 descriptam,

110 765 234 799 tamen
274 757 550 811 hyperbolicam
589 755 686 794 illam
729 756 1038 806 significationem
1077 769 1151 793 non
1190 769 1347 807 prorsus
1381 757 1568 807 vituperat
1581 756 1635 806 *).

110 828 171 867 De
203 828 442 878 Timagene,
478 824 630 862 rhetore
660 823 933 872 Alexandrino,
972 825 1055 873 qui,
1095 830 1296 874 postquam
1325 825 1447 875 gratia
1476 823 1636 874 Augusti

112 896 270 944 excidit,
308 895 346 932 in
370 893 490 932 Asinii
507 891 685 929 Pollionis
714 891 911 929 amicitiam
939 896 1115 942 acceptus
1140 897 1255 942 atque
1281 893 1319 929 in
1347 893 1515 942 ejusdem
1542 904 1634 941 agro

110 961 328 1000 Tusculano
365 966 535 998 mortuus
573 963 654 1008 est,
698 958 783 996 vide
825 959 1045 996 Weiclzerti
1084 961 1432 998 commentationem
1471 959 1497 996 l.
1537 958 1563 996 l.
1596 971 1635 1009 p.

109 1029 195 1070 893
222 1051 272 1056 -
303 1028 400 1069 396.
410 1054 424 1077 ,
463 1040 621 1077 quacum
649 1025 748 1064 conf.
784 1025 958 1063 Gustata·
990 1027 1178 1064 Schwahc'
1204 1028 1354 1078 Disput.
1382 1027 1430 1064 de
1453 1027 1572 1064 Livio
1599 1033 1637 1062 et

119 1097 358 1148 Timagene,
393 1094 648 1131 historiarum-
677 1093 958 1144 scriptoribus,
987 1096 1166 1136 aemulis.
1206 1097 1348 1144 Stuttg.
1380 1094 1500 1135 1834.
1539 1095 1632 1131 Jar-

111 1162 217 1200 bitae
244 1166 367 1202 autem
398 1163 423 1199 i.
444 1175 478 1200 e.
511 1162 642 1199 Mauro
669 1162 716 1199 ab
741 1162 878 1212 Jarba,
908 1149 1153 1201 Mauritaniae
1179 1177 1288 1213 rege,
1315 1163 1370 1200 sic
1394 1163 1634 1200 denominato

109 1243 237 1269 verum
272 1242 409 1268 nomen
448 1230 662 1268 auctoribus
699 1229 964 1281 Porphyrione'
996 1232 1034 1268 in
1068 1232 1154 1269 cod.
1200 1231 1269 1271 Ch.
1307 1231 1406 1282 apud
1441 1230 1559 1267 Feam
1596 1233 1635 1267 et

109 1298 262 1338 Auctar.
296 1297 555 1335 commentat.
577 1303 652 1336 vet.
679 1299 780 1349 apud
809 1299 925 1348 Cruq,
949 1312 988 1349 p.
1017 1298 1113 1339 694.
1158 1299 1308 1336 Cordus
1340 1298 1419 1347 vel,
1456 1302 1497 1334 ut
1524 1298 1634 1347 inge—

107 1367 216 1405 niose
241 1366 401 1416 conjecit
434 1365 711 1411 Weiehertus,
756 1366 933 1411 Codrus,
965 1367 1056 1414 fuit,
1091 1368 1139 1404 de
1165 1381 1240 1417 quo
1277 1372 1408 1418 utpote
1437 1365 1632 1402 notissimo

107 1438 222 1485 poeta
249 1433 426 1485 Virgilius
456 1434 494 1470 in
525 1433 607 1473 Ecl.
637 1435 678 1482 7,
711 1435 803 1476 26.:
839 1434 995 1471 invidia
1025 1441 1265 1484 rumpantur
1302 1441 1348 1470 ut
1381 1433 1454 1470 ilia
1489 1433 1632 1478 Codro,

109 1502 172 1540 ubi
210 1502 307 1540 conf.
346 1498 544 1551 Forhiger.
579 1505 618 1539 et
644 1501 694 1538 ad
717 1501 758 1550 5,
784 1504 850 1543 11.
888 1503 1014 1540 Schol.
1046 1503 1094 1539 ad
1127 1502 1212 1541 JuV.
1243 1505 1281 1550 1,
1312 1504 1350 1543 2.
1381 1514 1418 1551 p.
1449 1501 1543 1541 329.
1572 1499 1632 1537 ed·

110 1569 242 1607 Heinr.
270 1572 309 1606 et
336 1567 527 1606 Schmidt.
551 1569 601 1606 ad
627 1569 712 1611 Juv.
742 1583 782 1620 p.
812 1571 906 1611 153.
965 1571 1074 1608 Hanc
1101 1570 1324 1608 sententiam
1360 1568 1536 1605 Diintzer
1561 1568 1629 1606 111.

220 1725 261 1770 *)
289 1726 413 1762 Miram
441 1735 556 1764 autem
583 1742 656 1765 rem
684 1731 904 1776 excogitavit
932 1733 996 1766 Ge.
1021 1731 1221 1774 Fabricius,
1249 1742 1351 1775 quum
1378 1729 1487 1764 scribi
1513 1729 1630 1763 mallet

108 1783 326 1828 ,‚Jar1›itum,
347 1786 390 1819 ab
411 1786 520 1821 Jarba
542 1799 644 1832 rege,
663 1788 688 1822 i.
713 1799 744 1822 e.
764 1789 933 1823 homiuem
954 1789 1204 1830 Mauritanum‚
1225 1789 1284 1832 qui
1307 1788 1502 1832 sumptibus
1522 1785 1630 1831 largi·

107 1840 332 1885 tionibusque
350 1843 541 1877 aemulatus
558 1844 607 1878 sit
621 1844 862 1889 Timagenem,
883 1853 923 1879 ut.
940 1847 1017 1890 ejus
1036 1844 1150 1879 oratio
1166 1844 1345 1889 placeret:
1364 1844 1427 1877 sed
1446 1845 1629 1878 clamorem

108 1903 146 1930 et
159 1896 395 1941 arrogantiam
414 1899 543 1934 imitari
564 1901 741 1946 potuisse:
761 1907 800 1935 ut
819 1904 971 1936 urbanus
991 1908 1052 1936 ant
1071 1901 1224 1935 disertus
1246 1907 1362 1943 esset,
1383 1912 1449 1934 non
1471 1900 1629 1946 potuisse

107 1953 251 1987 efficere
270 1956 364 1987 etc.“
392 1955 492 1990 aliam
512 1957 698 2001 Docet-ius,
720 1959 778 2003 qui
797 1970 880 1993 suae
906 1957 1208 2004 interpretationi:
1240 1957 1462 2002 „Hyarbitas
1485 1957 1630 1990 roulant

105 2021 231 2055 passer
252 2021 342 2055 pour
360 2010 491 2047 homme
510 2014 674 2059 eloquent
693 2020 730 2048 et
747 2027 836 2060 pour
855 2016 901 2049 fin
923 2016 1084 2058 raillenr,
1110 2009 1283 2048 s’attacha
1305 2015 1496 2058 justement
1515 2013 1535 2045 a
1553 2012 1630 2045 imi-

105 2073 163 2100 ter
182 2066 233 2100 les
255 2066 426 2102 railleries
445 2070 630 2115 piquantes
649 2071 693 2104 de
712 2071 905 2116 Timagene
918 2098 927 2115 ‚
950 2079 987 2105 et
1001 2072 1068 2105 mal
1088 2071 1135 2104 lui
1155 2083 1197 2104 en
1218 2071 1316 2115 prit“
1341 2069 1418 2103 coll.
1436 2070 1564 2102 Senec.
1583 2068 1628 2102 de

106 2123 155 2158 Ir.
175 2123 210 2167 3,
232 2123 288 2161 23,
310 2129 348 2158 et
373 2125 550 2161 Plutarch.
571 2126 615 2160 de
633 2127 735 2161 Adul.
755 2135 791 2162 et
815 2129 924 2162 Amic.
947 2128 1100 2165 disci-im.
1123 2128 1185 2160 Vl.
1205 2138 1239 2171 p.
1266 2126 1344 2162 250.
1375 2124 1628 2159 commentandi

107 2190 211 2214 causa
230 2179 318 2214 haec
337 2181 454 2215 additz
484 2183 650 2226 „Horace
674 2191 761 2218 veut
780 2185 870 2218 donc
892 2185 968 2217 dire
998 2182 1055 2229 qu’
1075 2183 1266 2226 Hyarbitas
1285 2194 1324 2215 se
1344 2181 1462 2226 perdit
1478 2194 1522 2215 en
1540 2193 1629 2216 vou-

106 2236 182 2270 lant
200 2236 317 2271 imiter
336 2238 528 2282 Timagene
552 2251 617 2284 par
635 2238 799 2274 l’cndroit
822 2240 880 2285 qui
901 2239 991 2274 etoit
1012 2241 1044 2273 le
1060 2240 1169 2272 moins
1185 2238 1343 2272 imitable
1362 2249 1404 2271 en
1425 2237 1494 2279 lui;
1516 2243 1553 2271 et
1568 2239 1628 2283 qui

105 2292 204 2327 avoit
222 2297 326 2328 cause
345 2306 385 2328 sa
407 2302 521 2340 perte.
567 2296 622 2330 En
646 2308 690 2330 un
711 2302 782 2330 mot
801 2295 994 2339 Hyarbitas
1014 2294 1143 2329 imitoit
1161 2306 1200 2328 ce
1221 2306 1289 2340 que
1315 2293 1507 2340 Timagene
1530 2295 1628 2329 avoit

106 2349 151 2383 de
170 2350 345 2395 mannis,
367 2358 404 2385 et
423 2364 490 2385 non
512 2363 574 2396 pas
595 2364 635 2386 ce
654 2353 737 2397 qu'il
764 2353 861 2386 avoit
879 2352 923 2385 de
944 2352 1023 2386 bon.
1064 2351 1160 2384 C'est
1179 2351 1212 2383 le
1242 2362 1322 2384 sens
1344 2351 1387 2384 de
1413 2363 1453 2385 ce
1477 2361 1626 2396 passage

105 2406 211 2450 qu'on
225 2400 358 2441 n'avoit
372 2408 474 2452 point
488 2410 569 2442 bien
584 2409 787 2454 explique.“
808 2408 994 2442 Daca-ium
1008 2407 1154 2441 Damus
1170 2405 1269 2451 sequi
1283 2406 1442 2440 videtur:
1465 2408 1542 2450 „Au
1557 2408 1625 2442 lieu

106 2460 263 2504 d’egaler
281 2461 473 2508 Timagene
503 2466 575 2499 Par
593 2476 655 2498 son
681 2465 819 2507 savoir,
850 2475 915 2508 par
934 2475 997 2497 son
1024 2463 1156 2504 talem,
1185 2463 1279 2497 Pour
1298 2464 1460 2509 aequerir
1482 2475 1546 2497 son
1568 2476 1626 2498 eu-

101 2515 259 2560 Jofiment
272 2518 415 2553 Certain
430 2526 487 2554 sot
507 2521 582 2566 prit
600 2521 644 2554 de
659 2521 691 2554 la
712 2520 833 2565 peine,
856 2520 906 2553 Et
921 2531 958 2553 se
975 2518 1095 2564 perdit
1115 2530 1157 2552 en
1176 2518 1376 2554 l‘imitant.“
1413 2520 1467 2554 Ab
1488 2519 1541 2555 his
1560 2533 1624 2566 po-

107 2572 289 2617 pularibus
310 2574 493 2609 discedunt
512 2576 717 2620 scripturam
734 2577 872 2610 aemula
890 2587 999 2610 coena
1019 2574 1168 2620 amplexi
1186 2576 1398 2611 sandonus
1412 2582 1449 2610 et
1468 2576 1515 2611 W
1513 2578 1624 2612 alche-

106 2629 227 2662 narius
246 2629 311 2671 (11.
333 2641 369 2674 p.
386 2630 484 2673 356),
506 2642 646 2676 quorum
666 2633 746 2666 ille:
770 2633 856 2674 „On
881 2632 935 2666 dit
954 2631 1060 2676 qu'un
1078 2629 1212 2665 certain
1230 2632 1352 2666 Maure
1377 2644 1482 2667 creva
1499 2644 1544 2668 au
1559 2634 1623 2668 mi-

107 2684 177 2718 lieu
192 2684 270 2718 d’un
291 2685 416 2728 festin‚
443 2697 510 2730 par
529 2698 595 2720 une
623 2694 700 2721 sote
723 2687 909 2721 emulation
937 2687 1088 2721 d'imiter
1114 2687 1148 2721 la
1167 2689 1348 2723 mordante
1370 2689 1559 2734 eloquence
1577 2691 1622 2725 de

106 2741 339 2786 Timagene‚“
359 2752 501 2787 quorum
524 2742 595 2775 hic:
615 2743 780 2785 „Codrus
797 2743 938 2776 voulant
956 2754 1001 2777 un
1019 2744 1121 2788 jour,
1142 2744 1163 2777 a
1177 2755 1325 2791 suuper,
1345 2752 1383 2780 et
1401 2748 1504 2791 apres
1522 2748 1622 2782 avoir

106 2796 187 2831 bien
208 2799 273 2840 bu,
305 2797 422 2832 imiter
441 2798 474 2831 la
497 2798 726 2832 declamation
753 2800 797 2833 de
818 2800 1050 2844 Timagenes,
1079 2811 1118 2834 se
1139 2801 1270 2847 rompit
1292 2813 1338 2837 un
1355 2802 1518 2838 vaisseau
1533 2804 1621 2839 dans

105 2853 139 2888 la
156 2854 331 2899 poitrine‚
352 2859 389 2889 et
403 2859 541 2889 mourut
558 2854 808 2890 subitement.“
848 2856 921 2890 Sed
942 2856 1092 2902 sapienti
1113 2858 1187 2891 sat!
