1910 3138
258 222 342 264 492
397 222 675 264 COMMENT.
697 223 757 262 IN
775 222 899 261 HOR.
922 221 1021 261 LlB.
1042 222 1071 264 1.
1112 222 1280 262 EPIST.
1300 221 1674 263 UNDEVICESIM.
1719 220 1802 264 144

259 338 371 376 trium
401 349 613 375 sermonem
649 337 763 375 vertit
808 336 1084 374 Gattmannas
1118 336 1156 374 in
1197 336 1331 387 Progr.
1368 336 1486 375 schol.
1524 335 1799 389 (Schweidnitz

261 404 390 456 1836)
418 418 457 455 p.
488 406 515 445 7
545 418 604 456 sq.

369 473 418 510 V.
447 475 469 512 1
498 493 555 502 ——
585 472 624 513 3.
665 472 805 508 Prisco
834 492 891 498 —
911 470 1131 522 potoribuS.
1188 470 1444 510 Allocutione:
1482 471 1593 510 docte
1634 473 1800 510 Maece-

258 554 333 578 nas
342 568 357 586 ,
388 540 511 578 eidem
538 540 613 591 ipsi
642 539 1021 578 honorificentissime
1045 539 1221 578 tribuitur
1250 541 1298 578 de
1325 541 1444 579 literis
1472 539 1630 579 Graecis
1655 543 1694 578 et
1722 538 1800 578 La-

257 609 343 646 tinis
375 611 478 646 recte
506 607 700 658 judicandi
729 607 911 656 facultas,
941 606 1001 646 hic
1031 606 1141 645 simul
1169 608 1216 646 de
1246 608 1472 646 carminibus
1499 608 1717 647 Horatianis
1743 609 1801 646 in-

257 676 433 726 telligens
459 675 623 714 habendi
649 675 842 726 judicium.
890 674 1090 714 Maecenas
1118 675 1216 714 enim
1237 675 1406 727 quamvis
1432 689 1509 714 non
1529 676 1644 715 fuerit
1670 681 1799 728 poeta,

256 748 384 782 tamen
413 743 595 783 Horatius
625 747 664 782 et
690 742 871 794 Virgilius
896 743 1025 794 (Serv.
1053 744 1103 781 ad
1131 743 1202 782 Ge.
1233 746 1272 794 2,
1302 742 1359 785 40
1383 744 1460 796 sq.)
1488 743 1526 781 in
1557 745 1640 796 ejus
1667 748 1801 795 utpote

257 813 408 866 patroni
439 812 694 851 candidissimi
718 812 860 863 judicio
893 825 936 850 ac
971 812 1163 864 praesidio
1199 813 1440 862 acquiescere
1465 824 1543 850 non
1571 811 1801 852 dubitarunt.

258 879 371 918 conf.
407 879 517 930 Eleg.
546 880 584 918 in
616 880 720 919 Obit.
749 881 920 920 Maecen.
950 893 985 918 v.
1019 881 1084 921 17.
1113 881 1179 920 18.
1233 880 1477 931 Quapropter
1510 893 1588 918 non
1617 879 1802 918 assentior

258 948 485 999 Herzogio,
516 948 608 987 Viro
628 949 717 988 mihi
744 948 994 998 amicissimo,
1025 961 1138 998 quum
1163 948 1200 986 in
1223 948 1337 989 Obss.
1360 948 1495 999 partic.
1514 947 1634 989 XVII.
1661 947 1802 998 Gerae,

260 1017 383 1058 1845.
414 1031 452 1069 p.
485 1018 524 1057 6.
554 1018 668 1067 dicit,
707 1030 754 1055 ne
782 1017 884 1054 illam
913 1016 1062 1067 quidem
1091 1015 1410 1068 appellationem,
1448 1016 1584 1058 Maec.
1615 1014 1729 1054 docte
1742 1013 1801 1068 *)‚

260 1099 373 1137 quam
407 1084 639 1123 Schmidias
670 1087 708 1123 in
739 1085 894 1124 eximiae
930 1084 1121 1134 cujusdam
1149 1083 1270 1122 laudis
1299 1088 1407 1136 parte
1434 1088 1576 1135 ponat,
1615 1084 1704 1123 salis
1734 1085 1805 1122 ad-

259 1155 383 1206 spersi
411 1154 594 1205 particula
621 1165 755 1191 vacare
784 1156 898 1202 atque
925 1165 972 1190 eo
1002 1152 1221 1190 facetiarum
1248 1152 1405 1203 lepore,
1435 1151 1557 1203 qualis
1586 1152 1684 1191 inter
1710 1151 1805 1191 ami-

260 1236 324 1261 cos
359 1236 446 1261 esse
476 1222 613 1262 soleat.
663 1220 803 1259 Verbis
841 1224 967 1259 autem
1003 1221 1142 1260 Prisco
1177 1221 1214 1258 si
1241 1220 1368 1257 credis
1398 1220 1561 1257 Cratino
1585 1224 1656 1258 etc.
1691 1232 1803 1272 prae-

259 1294 370 1342 cepto
399 1303 435 1329 v.
465 1292 503 1331 8.
532 1291 571 1331 9,
607 1290 738 1340 jocose
767 1288 857 1327 dato
895 1289 1004 1339 quasi
1031 1289 1289 1340 praeluditur,
1325 1292 1367 1327 ut
1398 1288 1606 1327 audiendus
1639 1302 1716 1327 non
1753 1289 1804 1327 sit

259 1358 517 1396 Dic'ntzerus:
567 1357 697 1408 „Fing
740 1357 799 1394 ich
843 1357 904 1395 ein
941 1358 1105 1396 Gedicht
1141 1358 1223 1395 also
1260 1369 1327 1393 an:
1370 1355 1494 1394 Wenn
1534 1356 1604 1406 du,
1649 1355 1802 1395 Maece-

258 1441 328 1466 nas
357 1442 396 1465 u.
426 1441 459 1465 s.
490 1427 568 1465 w.“
628 1426 818 1477 Opinatur
843 1426 960 1476 igitur
987 1425 1070 1472 ille,
1109 1437 1240 1464 versus
1267 1424 1290 1463 1
1311 1446 1369 1452 —
1388 1423 1414 1463 9
1443 1423 1589 1462 initium
1611 1424 1800 1475 poematis

258 1496 453 1546 cujusdam
483 1508 591 1544 esse,
621 1507 696 1544 quo
727 1494 909 1532 Horatius
938 1499 1072 1546 poetas
1101 1494 1309 1532 imitatores
1337 1493 1385 1530 ad
1409 1491 1594 1530 insaniam
1616 1492 1802 1542 quandam

257 1564 466 1616 perducere
507 1577 550 1602 se
578 1575 693 1613 posse
723 1562 792 1600 sibi
819 1564 1062 1614 persuadeat.
1131 1562 1320 1600 Cratinus
1349 1563 1475 1598 autem
1502 1561 1662 1610 priscus
1689 1572 1803 1598 voca—

258 1636 343 1682 tur,
384 1645 498 1682 quum
528 1630 617 1682 quia
645 1630 782 1668 multos
812 1630 906 1669 alios
936 1635 1074 1683 poetas
1103 1634 1291 1670 vetustate
1319 1629 1510 1681 praestitit
1533 1627 1664 1680 (natus
1691 1627 1803 1674 enim,
1856 1639 1861 1644 ¹
1888 1627 1895 1686 *Q

261 1706 302 1739 ut
331 1700 526 1737 Meinekio
555 1701 594 1737 in
633 1698 791 1743 Quaest.
826 1711 930 1737 scen.
965 1699 996 1739 I.
1032 1698 1156 1738 Berol.
1188 1699 1311 1740 1826.
1350 1697 1525 1746 videtur,
1551 1696 1701 1748 Olymp·
1732 1697 1804 1746 65,

262 1770 313 1819 1.,
343 1773 515 1807 mortuus
544 1770 613 1819 89,
645 1769 725 1820 2.)‚
758 1773 839 1808 tum
869 1768 957 1819 quia
979 1767 1117 1805 veteris
1147 1767 1363 1805 comoediae
1391 1766 1555 1816 scriptor
1582 1764 1674 1814 fuit,
1701 1764 1802 1806 conf.

260 1836 413 1874 Heind.
442 1837 491 1874 ad
515 1836 597 1874 Sat.
620 1837 657 1885 1,
678 1835 718 1886 4,
750 1839 788 1879 1.
834 1838 1001 1874 Passov.
1029 1835 1079 1872 ad
1101 1834 1210 1872 Pers.
1237 1848 1274 1886 p.
1296 1835 1392 1875 352.
1421 1837 1462 1871 et
1480 1832 1609 1870 Bahr.
1639 1833 1678 1870 in
1700 1831 1804 1870 Pau-

259 1904 311 1955 lyi
348 1902 856 1955 „Real-Encyclopaedie“
893 1903 940 1940 ΙΙ.
989 1915 1027 1952 p.
1065 1901 1162 1942 741.
1198 1924 1256 1930 —
1304 1902 1350 1939 V.
1384 1904 1422 1944 2.
1472 1899 1607 1938 Nulla
1637 1899 1803 1951 placere

260 1973 332 2011 diu
361 1985 432 2009 nec
461 1973 592 2008 vivere
621 1973 803 2008 carmina
827 1976 1008 2022 possunt.
1063 1969 1160 2007 Illud
1189 1968 1343 2006 verbum
1361 1969 1515 2020 proprie
1544 1969 1592 2007 de
1615 1968 1739 2020 poetis
1764 1971 1804 2007 et

260 2039 464 2079 artificibus
494 2043 534 2077 ut
563 2039 646 2077 Sat.
679 2041 717 2088 1,
752 2040 819 2088 10,
849 2040 916 2080 89.
960 2037 1005 2075 Α.
1035 2035 1077 2074 Ρ.
1106 2036 1201 2076 365.
1246 2037 1322 2075 Od.
1355 2039 1397 2086 4,
1431 2037 1472 2087 3,
1504 2036 1585 2079 24..
1615 2037 1732 2076 Mart.
1758 2037 1801 2084 2,

261 2110 330 2158 86,
363 2108 430 2148 12.
475 2106 587 2145 Conf.
612 2106 741 2144 Burm.
772 2107 821 2144 ad
853 2106 968 2143 Anth.
996 2105 1065 2142 lat.
1099 2105 1129 2142 I.
1160 2119 1198 2156 p.
1230 2104 1325 2146 624.
1365 2105 1517 2145 Ruhnk.
1553 2106 1603 2144 ad
1640 2094 1798 2146 Terent.

260 2175 380 2215 Andr.
410 2175 507 2227 prol.
538 2175 578 2216 3.
619 2179 659 2213 et
686 2174 773 2213 Axt.
803 2174 852 2211 ad
885 2173 1044 2213 Vestrit.
1077 2174 1189 2224 Spur.
1223 2174 1262 2222 1,
1301 2170 1342 2213 4.
1378 2186 1418 2224 p.
1446 2173 1515 2214 39,
1559 2172 1653 2212 Noli
1675 2176 1800 2210 autem

263 2257 347 2283 cum
366 2242 551 2281 Fabricio
572 2244 802 2294 conjungere
819 2241 892 2279 diu
911 2242 1042 2280 vivere
1051 2269 1067 2287 ,
1090 2244 1130 2278 ut
1151 2240 1337 2291 „placere
1354 2240 1508 2292 probari
1526 2238 1801 2292 praesentibus,

373 2417 415 2463 *)
437 2419 489 2452 De
509 2417 575 2452 hac
593 2417 834 2463 appellatione
853 2424 952 2451 recte
972 2415 1064 2452 vidit
1082 2415 1243 2451 Diintzer
1255 2442 1265 2460 ‚
1284 2414 1407 2450 verbis
1428 2415 1472 2448 ab
1496 2414 1625 2449 Orellio
1643 2425 1730 2448 suae
1748 2412 1803 2448 in-

262 2475 533 2523 terpretationi.-
552 2475 656 2520 (‚‚qui
670 2475 761 2509 bene
776 2479 942 2508 versatus
961 2486 999 2508 es
1014 2474 1051 2508 in
1069 2473 1183 2507 literis
1202 2472 1353 2507 Graecis
1374 2478 1409 2506 et
1424 2471 1609 2516 Latinis“)
1633 2469 1802 2517 adjectisx

262 2546 329 2577 „ac
350 2538 543 2579 propterea
569 2531 684 2577 ipsum
710 2542 849 2576 quoque
869 2530 1050 2565 Cratinum
1076 2529 1236 2564 trivisti“
1262 2540 1330 2563 non
1351 2539 1438 2574 opus
1458 2528 1578 2563 fuisse.
1624 2528 1739 2570 Quum
1757 2527 1802 2561 de

263 2590 400 2624 nomine
420 2589 513 2624 docti
526 2588 686 2632 (Mitsch.
709 2588 751 2622 ad
774 2588 844 2622 od.
860 2588 894 2631 3,
910 2589 944 2631 8,
963 2589 995 2621 5.
1018 2587 1201 2622 Weichert.
1221 2587 1325 2620 Poet.
1341 2586 1402 2620 lat.
1423 2586 1541 2631 Reliq.
1563 2597 1598 2630 p.
1618 2586 1698 2621 122.
1723 2583 1803 2622 Dn‘l‘
1880 2620 1882 2622 .

264 2648 427 2693 lenburg.
448 2645 636 2680 Horatian.
653 2645 699 2678 II.
723 2642 826 2680 1845.
850 2657 886 2689 p.
907 2647 946 2679 11
959 2664 1013 2670 —-
1027 2645 1082 2679 13.
1105 2644 1184 2678 coll.
1202 2643 1342 2677 Mitsch.
1367 2644 1412 2677 ad
1429 2643 1499 2677 Od.
1517 2645 1548 2686 1,
1565 2643 1599 2687 l,
1615 2642 1674 2678 29.
1691 2640 1800 2685 Heyn.

264 2707 301 2736 et
321 2703 412 2737 Diss.
432 2703 477 2736 ad
498 2703 584 2736 Tib.
605 2702 641 2746 3,
661 2703 694 2746 6,
713 2703 770 2736 41.
801 2702 918 2736 Klotz.
939 2702 984 2736 ad
1001 2702 1077 2735 Cic.
1100 2700 1198 2735 Lael.
1213 2697 1247 2743 5,
1265 2701 1353 2744 17.),
1375 2705 1446 2734 tum
1464 2700 1508 2734 de
1523 2698 1602 2733 aliis
1618 2696 1802 2732 allocutio·
1875 2721 1878 2726 .

265 2757 390 2804 nibus,
422 2760 550 2804 quibus
571 2759 759 2793 Maecenas
789 2771 810 2793 a
839 2759 953 2793 Poeta
982 2763 1154 2792 mactatus
1184 2763 1262 2800 est,
1288 2757 1380 2792 conf.
1412 2757 1451 2790 C.
1475 2757 1617 2791 Passov.
1645 2754 1694 2788 N.
1721 2749 1801 2787 148.

264 2815 477 2849 Frandsenii
496 2816 742 2859 ,‚Maecenas“
761 2827 796 2860 p.
811 2815 891 2850 139.
915 2822 951 2850 et
974 2816 1178 2860 Grotefend.
1195 2815 1229 2848 in
1246 2812 1483 2858 „zeitschrift
1499 2812 1524 2846 f.
1546 2812 1581 2846 d.
1601 2810 1674 2844 A.“
1696 2805 1798 2845 1845.

264 2881 300 2914 p.
316 2871 397 2906 927.
428 2871 524 2905 Male
547 2877 663 2906 autem
688 2878 838 2917 propter
857 2871 947 2906 huuc
966 2872 1078 2907 locum
1103 2871 1254 2916 Crostius
1282 2883 1318 2916 p.
1333 2871 1390 2906 98.
1411 2870 1646 2914 conjecturam
1670 2865 1722 2899 Te
1737 2865 1798 2898 do-

266 2931 353 2963 ctor.
380 2927 451 2961 Od.
474 2930 505 2970 1,
529 2929 561 2971 1,
583 2929 639 2964 29.
660 2928 791 2962 laudat.
