2034 3224
97 252 181 298 m
213 248 590 294 mim
608 249 667 290 {N
683 246 910 289 nomm
928 246 1030 287 Lm.
1041 246 1073 286 I.
1091 244 1504 288 mffluonssc.
1542 247 1624 292 1³7

95 377 357 428 ijfffi,
371 377 453 419 47.
487 376 594 423 Quia
618 377 696 424 est,
723 385 836 424 quem
861 372 997 423 fugiat,
1022 371 1222 411 notatim
1244 375 1286 411 et
1310 371 1406 411 alias
1433 386 1519 413 cum
1543 373 1625 413 aliis

94 441 596 486 maenum-iis
621 442 724 482 vitae
751 441 862 479 bonis
896 436 1170 480 annumerare!
1222 438 1308 479 vid.
1341 445 1473 479 annot.
1503 442 1555 480 ad
1581 440 1625 491 4,

97 511 264 562 Ιῧάδς
293 512 544 554 108—112.
573 513 615 549 et
640 510 692 549 cf.
718 508 875 548 Lueret.
896 509 937 557 2,
967 508 1020 548 16
1044 520 1132 558 sqq.
1159 507 1246 546 Juv.
1269 507 1339 558 10,
1364 508 1624 551 356—363.

94 576 389 631 fflobnp.
415 578 562 630 5‚55.
599 572 1343 628 snllb.adP1at.Gorg.7.p..44
1377 575 1624 629 Philismap.

95 644 455 700 hnc-⁸238,
485 647 552 688 19.
579 647 650 690 21.
678 643 953 695 Maxim-Tyr.
980 642 1087 682 Diss-
1118 644 1195 694 13,
1225 645 1264 685 1.
1296 643 1627 696 Rupe'xitlocmn

95 712 303 756 hiebus
293 727 333 753 ιιι
357 714 498 753 Ecbas.
525 714 639 766 Capt.
664 713 763 754 399.
806 711 926 762 Quod
942 713 1075 762 prosit
1099 712 1242 762 capiti,
1270 713 1397 758 cruri,
1422 715 1628 766 vetarique

90 779 284 833 pdiqu..
294 781 543 834 Quapropter
570 795 594 820 a
622 794 712 820 vero
740 780 853 831 plane
878 779 1033 818 aberrat
1055 779 1224 831 Cbuqmss
1239 780 1335 818 mira
1351 779 1628 832 interpretatio,

96 850 337 899 quamuis
354 851 480 902 potius
499 849 697 888 commoda
714 852 826 899 grata
843 847 1047 898 significari
1066 850 1212 895 censet,
1233 860 1339 897 „non
1359 860 1472 899 egere
1490 849 1629 890 Iccium

96 915 200 956 «τίω
226 921 439 967 ornatuque
465 917 659 968 corporiS,
686 930 764 956 nou
789 915 967 966 caballis,
993 929 1073 954 ιιοιι
1100 916 1225 966 equis,
1265 915 1400 966 quibus
1427 918 1478 956 ad
1501 917 1632 968 splen-

97 983 230 1022 brem
255 983 648 1035 magnificentiamque
672 984 831 1022 vehatur
852 983 1173 1034 suspiciaturque:
1202 984 1351 1022 divitias
1373 985 1473 1023 enim
1496 998 1581 1024 eum
1607 997 1634 1023 a

96 1051 251 1101 regibus
278 1063 356 1088 ιιοιι
383 1051 585 1103 ampliores
613 1052 754 1091 habere
776 1064 909 1104 posse,
937 1063 1098 1102 quorum
1119 1063 1260 1103 pompa
1282 1051 1334 1089 sit
1362 1052 1567 1103 praecipua
1592 1053 1632 1091 in

97 1119 237 1158 vesfitu
272 1123 314 1158 et
344 1119 552 1169 ιιειιιίίιιίιι66
585 1124 658 1158 etc.
709 1118 894 1171 Exemplo
929 1119 1040 1169 quasi
1071 1118 1314 1170 praeiverunt
1346 1118 1559 1170 Porphyrio
1593 1125 1634 1159 et

98 1186 335 1226 Scholiasta
357 1186 515 1237 Cruquii
547 1188 829 1240 eorundemque
861 1186 1027 1237 vestigia
1053 1191 1278 1238 presserunt
1304 1186 1523 1234 Daca-ias,
1557 1188 1635 1226 Sa-

98 1252 306 1299 nam,-
323 1253 582 1305 Doeighello,
607 1256 688 1306 alii,
716 1260 761 1294 ut
787 1255 979 1294 sententia
1004 1255 1075 1293 sit:
1105 1255 1179 1304 „Si
1206 1254 1358 1306 pinguis
1384 1268 1449 1305 es,
1484 1256 1518 1294 si
1545 1256 1634 1307 pul-

98 1320 392 1361 «bb-vestibus
425 1322 629 1373 indueris,
653 1323 687 1361 si
713 1324 836 1376 pedes
864 1323 1003 1363 calceis
1029 1323 1175 1362 claudis
1184 1322 1214 1346 ‘⁶
1240 1327 1314 1362 etc.
1365 1323 1492 1373 Quid,
1530 1324 1633 1374 quod

97 1388 298 1432 M
314 1389 433 1428 bono
470 1390 568 1429 Iccio
604 1393 762 1431 amicam
799 1393 939 1432 deesse
970 1392 1111 1432 noluit!
1158 1391 1256 1429 Eum
1286 1391 1456 1441 sequitur
1490 1392 1529 1429 iu
1562 1392 1634 1430 hac

97 1456 320 1508 fidem-re
344 1456 492 1496 Dam:
531 1460 606 1509 „Si
639 1464 750 1499 votre
779 1473 895 1512 corps
922 1461 1026 1513 pleiu
1049 1461 1100 1498 de
1126 1459 1237 1498 sante
1262 1459 1326 1498 Ne
1350 1459 1504 1498 connait
1526 1459 1635 1510 point

96 1523 340 1571 hambdie3
380 1525 424 1562 Si
451 1538 548 1565 vous
577 1530 736 1567 trouvez
770 1528 809 1566 la
839 1528 997 1580 volupte
1029 1527 1090 1565 Au
1123 1527 1207 1564 sein
1240 1527 1291 1564 de
1326 1525 1489 1578 quelque
1519 1526 1635 1576 jeune

96 1592 219 1639 δήεις
264 1592 367 1630 Snus
404 1591 514 1631 l'abri
550 1595 600 1633 de
634 1609 703 1634 vos
743 1592 916 1634 humbles
950 1597 1066 1645 toits,
1109 1595 1154 1632 Si
1181 1598 1291 1633 votre
1316 1593 1419 1631 table
1455 1597 1516 1631 est
1546 1593 1637 1631 bien

96 1659 268 1706 kuni&
296 1659 383 1704 Que
407 1672 502 1698 vous
531 1664 765 1713 serviraient,
787 1664 828 1714 je
855 1676 950 1702 vous
975 1663 1074 1714 prie,
1102 1662 1252 1700 Toutes
1278 1660 1337 1699 les
1354 1660 1543 1700 richesses
1562 1662 1636 1700 des

98 1726 207 1765 tois?
215 1727 246 1751 “
289 1725 410 1764 Aliter
436 1726 643 1766 Baueuae:
671 1731 805 1781 „Vous
832 1743 927 1769 avez
953 1729 1156 1768 l'estomac
1180 1729 1282 1778 bon,
1316 1728 1354 1767 la
1378 1729 1543 1779 poitrine
1570 1742 1635 1768 ex—

99 1794 271 1844 cellente,
298 1794 408 1845 point
429 1796 479 1834 de
502 1801 661 1846 goutte3
689 1798 816 1849 quand
841 1810 939 1835 vous
962 1798 1091 1836 auria
1114 1810 1163 1836 en
1188 1810 1331 1850 propre
1358 1796 1415 1835 les
1440 1797 1636 1836 domaines

99 1860 315 1910 d'un-Roi,
362 1863 618 1903 seria-vous
647 1865 734 1917 plus
767 1865 872 1903 riche
880 1863 937 1903 ἲς(
966 1885 1024 1894 —-
1067 1864 1131 1903 De
1163 1865 1367 1916 proverbio
1400 1864 1637 1903 divitiarum

98 1927 298 1980 regalium
325 1930 424 1968 conf.
445 1931 534 1972 Jan.
557 1934 607 1971 ad
631 1933 709 1971 Od.
734 1934 777 1983 2,
806 1936 848 1983 2,
878 1934 947 1974 17.
977 1932 1021 1983 3,
1047 1933 1091 1982 9,
1119 1930 1161 1973 4.
1188 1933 1351 1984 Rupert.
1375 1933 1424 1971 ad
1450 1933 1535 1973 Juv.
1567 1932 1636 1983 14,

99 1997 197 2038 328.
223 1995 395 2037 Schwab.
425 1999 476 2037 ad
502 2000 667 2039 Phaedr.
703 2003 751 2052 1,
780 2003 851 2051 27,
881 2002 949 2042 10.
986 1999 1130 2039 Auson.
1155 2000 1290 2051 Epigr.
1315 1998 1383 2042 54.
1418 2002 1637 2052 quibuscum

99 2065 191 2103 facit
217 2065 436 2116 Hieronym.
463 2068 515 2106 ad
536 2068 676 2108 Julian.
699 2068 842 2107 consol.
866 2069 994 2120 Epist.
1017 2066 1085 2110 34.
1115 2068 1145 2107 1.
1174 2082 1215 2120 p.
1240 2069 1335 2111 135.
1365 2068 1509 2120 Neque
1532 2070 1638 2106 enim

100 2132 225 2170 Darii
248 2142 342 2183 opes
365 2140 404 2170 et
435 2134 570 2174 &vesi
591 2136 756 2174 divitiae
781 2136 920 2175 valent
946 2135 1099 2187 exple-e
1122 2149 1321 2188 mperes
1348 2137 1501 2174 mundi.

159 2226 163 2230 ·
210 2199 261 2239 V.
285 2202 377 2241 7—
387 2202 454 2242 11.
487 2202 538 2240 Si
559 2203 739 2255 forte—
757 2205 925 2242 minora.
967 2205 1248 2244 Sententiarum
1276 2204 1390 2242 ordo:
1429 2203 1502 2252 „Si
1537 2202 1638 2240 forte

99 2267 139 2305 in
164 2268 275 2319 copia
291 2282 418 2308 rerum
438 2270 507 2309 tibi
533 2275 670 2322 parata
690 2284 806 2323 parce
828 2271 1101 2322 frugaliterque
1120 2272 1232 2322 vivis,
1261 2272 1318 2309 sic
1338 2271 1463 2307 vivere
1482 2282 1635 2320 perges,

100 2336 268 2385 qmnvis
295 2341 400 2376 totus
426 2351 562 2377 aureus
586 2345 746 2391 repente
769 2340 925 2390 evadas,
952 2339 1014 2378 vel
1041 2339 1131 2390 quia
1157 2337 1351 2377 affluentia
1378 2349 1504 2374 rerum
1531 2349 1637 2374 amo-

101 2413 184 2441 rem
209 2408 381 2444 austerae
408 2404 507 2446 illius
536 2407 638 2445 vitae
664 2407 703 2446 in
731 2410 770 2445 te
798 2407 967 2446 innatum
990 2410 1136 2445 mutare
1162 2405 1315 2455 nequit,
1351 2403 1412 2441 vel
1441 2404 1528 2454 quia
1554 2417 1638 2443 mo-

104 2468 187 2514 ffioe
222 2471 493 2525 frugaliter-que
528 2475 656 2514 vivere
692 2474 762 2514 tibi
795 2475 1034 2525 propositum
1065 2473 1170 2512 est.“
1227 2473 1313 2517 Qua
1344 2471 1497 2521 quidem
1523 2483 1637 2523 argu—

103 2537 334 2574 mentatione
361 2541 483 2578 onmis
508 2542 608 2580 Iccio
636 2541 781 2580 tollitur
808 2542 859 2579 de
888 2554 958 2580 sua
986 2544 1092 2579 sorte
1119 2538 1302 2589 querendi
1329 2550 1466 2590 causa,
1495 2539 1636 2591 quippe

104 2600 169 2651 qui
197 2603 299 2651 quod
323 2604 416 2642 safis
441 2610 503 2645 est
522 2607 661 2648 habeat
681 2614 736 2658 et,
764 2609 935 2659 quamvis
959 2608 1077 2646 multa
1102 2607 1344 2655 assequatur,
1370 2617 1493 2658 aeque
1516 2607 1638 2645 victu-

103 2680 167 2705 rus
194 2668 258 2706 sit.
308 2667 420 2707 Hauc
446 2671 557 2722 hujus
584 2674 658 2713 loci
685 2676 959 2727 expositionem
986 2675 1070 2712 luce
1099 2673 1295 2711 clariorem
1322 2676 1363 2711 et
1381 2676 1482 2726 jam,
1512 2674 1546 2712 si
1571 2687 1636 2713 ex—

105 2734 252 2785 ceperis
277 2747 389 2785 quam
415 2737 497 2776 fere
515 2739 726 2794 intelligunt
743 2742 945 2793 malignam
965 2742 1138 2791 ironiam,
1166 2752 1190 2777 a
1213 2740 1394 2788 Mur-eto,
1417 2740 1635 2788 Lambino,

107 2801 337 2853 Xylandro,
374 2804 573 2844 Tor-renuo
610 2810 718 2858 quasi
754 2809 1028 2861 praemunitam
1059 2808 1212 2848 sinistre
1234 2809 1408 2858 tractavit
1436 2809 1635 2862 &nquius

106 2872 147 2907 et
171 2882 330 2920 prorsus
358 2873 542 2922 pervertit
569 2875 698 2926 optimi
724 2876 821 2914 illius
853 2874 1069 2926 Doeringii
1093 2876 1174 2916 sive
1198 2877 1376 2928 incuria,
1401 2877 1482 2917 sive
1505 2878 1634 2930 opinio

104 2938 376 2988 praejudicata,
404 2945 444 2979 ut
463 2941 711 2982 disertissimo
730 2955 829 2994 opus
849 2945 954 2980 esset
970 2943 1139 2983 veritatis
1158 2945 1321 2997 vindice,
1348 2945 1417 2985 R.
1434 2944 1637 2989 Jacobeio,
