1910 3138
277 211 363 254 244
419 210 703 252 COMMENT.
721 207 775 246 lN
796 207 922 247 HOR.
939 206 1040 247 LlB.
1056 207 1087 249 Ι.
1117 206 1289 247 EPIST:
1309 204 1703 254 QfflNT.·Dnem.·
1749 204 1806 251 84

393 339 440 376 V.
473 339 494 377 1
510 358 555 363 -—
571 334 636 376 25.
673 334 786 384 Quae
813 334 866 372 sit
893 333 1018 371 hiems
1044 355 1101 363 --
1124 348 1205 385 par
1222 342 1288 375 est.
1347 335 1589 374 Percontatio
1609 336 1658 375 de
1676 335 1806 386 regio·-

280 409 335 446 nis
363 411 402 445 et
443 405 590 442 urbium
623 402 761 440 Veliae
799 415 843 440 ac
873 402 1034 440 Salerni
1068 404 1322 442 conditione.‘
1352 402 1411 442 De
1446 404 1561 455 longo
1595 395 1806 455 hyperbato

281 475 480 514 conferunt
510 472 612 520 Virg.
643 469 736 509 Aen.
765 472 809 520 1,
842 471 920 512 112
950 484 1035 522 sqq.
1063 472 1110 520 2¹,
1147 470 1230 512 348
1259 484 1343 522 sqq.
1376 466 1563 522 12.‚''161
1590 483 1676 521 sqq.
1708 470 1804 509 Plin-

278 543 403 593 Epist.
432 542 477 588 8,
509 541 548 579 7.
574 539 674 576 adde
702 538 819 577 Wolf.
843 543 881 576 et
908 538 1040 576 Klotz.
1065 538 1114 575 ad
1140 539 1220 577 Cic.
1243 540 1360 578 Tusc.
1389 540 1441 590 3,
1471 539 1520 589 8,
1551 540 1616 581 16.
1640 539 1713 587 17,
1738 539 1806 580 36.

281 610 466 658 Doering.
485 608 534 644 ad
556 608 640 644 Sat.
668 608 718 656 1,
749 607 798 655 7,
829 607 895 646 10.
926 606 1045 644 oren.
1070 607 1120 644 ad
1139 594 1215 645 od.
1241 609 1293 658 3,
1326 611 1401 658 11,
1433 610 1498 650 19.
1526 632 1528 634 -
1559 607 1610 646 At
1638 608 1808 659 exempla
1888 612 1896 618 ·

281 677 345 715 illa
385 681 424 714 et
456 675 548 713 alius
587 675 737 725 generis
774 678 862 712 sunt
894 679 933 712 et
965 675 1025 713 hic
1062 675 1169 713 locus
1204 674 1338 726 habet,
1378 674 1476 716 unde
1509 670 1811 726 explicetur.'—-
1906 666 1910 675 ¹

283 746 327 784 V.
361 746 399 785 1.
434 742 592 791 Veliae,
625 743 727 780 urbis
755 741 946 782 Lucaniae
976 742 1093 795 (quae
1125 745 1258 782 eadem
1283 743 1410 782 Helia
1428 747 1474 783 ⁵et
1494 743 1618 794 Elea,
1653 741 1683 795 ἦ
1702 740 1811 784 'Eua

283 814 342 852 vel
371 811 398 864 ἦ
421 808 538 862 Ὑέλη
565 817 700 850 vocata
734 811 810 862 est)
847 813 946 850 inter
975 812 1157 850 Paestum
1194 817 1232 850 et
1265 811 1494 850 Palinurnm‘
1515 814 1813 864 promontorium

285 884 382 922 sitae
413 894 455 918 ac
480 893 549 931 per
569 880 761 918 Eleaticos
782 880 1029 931 philosophos
1051 880 1284 932 celebratae,
1311 880 1425 918 hodie
1446 880 1591 919 castell
1606 893 1662 918 -a
1677 892 1813 919 —mare

287 950 388 989 della
405 949 574 997 Brucca,
599 949 680 987 aliis
703 948 852 987 Alento.
912 950 1024 987 Conf.
1058 947 1253 987 Cramer's
1274 944 1561 999 Ancientstaly.
1582 948 1630 987 ll».
1655 949 1815 1000 pae‘272.

287 1033 349 1071 ap.
380 1017 578 1057 Walcken.
617 1017 663 1055 ΙΙ.
694 1031 733 1068 p.
766 1019 832 1058 16.
864 1022 901 1055 et
931 1018 1122 1054 Miinter:
1161 1017 1296 1068 „Velia
1334 1017 1373 1054 in
1399 1015 1635 1055 Lucmfienf‘
1670 1015 1816 1055 Alton.

290 1089 415 1129 1818,
444 1085 596 1123 Raselz.
625 1083 757 1122 Lexic.
797 1086 851 1122 rei
891 1098 991 1122 num.
1051 1085 1097 1123 V.
1130 1087 1166 1126 2.
1197 1100 1234 1137 p.
1261 1084 1525 1126 796—814.
1580 1084 1709 1124 Locus
1735 1088 1818 1123 erat
1880 1091 1894 1104 ·'

292 1154 442 1194 saluber
480 1158 593 1202 atque
633 1164 836 1198 amoenus;
875 1155 956 1204 ejus
996 1154 1143 1191 incolae
1171 1154 1347 1202 Eleates,
1383 1153 1581 1192 Velienses
1618 1157 1658 1191 et
1695 1151 1820 1202 Velinj
1888 1171 1891 1173 >

264 1264 266 1266 ,
291 1227 450 1276 propter
477 1233 607 1270 agrum
633 1234 710 1258 non
738 1221 792 1259 ita
820 1221 978 1259 fertilem
1007 1222 1174 1272 piscibus
1208 1221 1400 1272 capiendis
1430 1223 1468 1258 et
1496 1221 1574 1259 sale
1601 1219 1821 1259 indurandis

292 1291 472 1342 imprimis
499 1301 654 1339 operam
678 1288 880 1330 navabant.
937 1290 1116 1328 Horatius
1145 1291 1255 1341 hujus
1293 1290 1348 1327 rei
1378 1290 1458 1327 sine
1485 1287 1598 1326 dubio
1626 1287 1726 1325 haud
1753 1300 1823 1326 ne·
1897 1336 1899 1339 ι

244 1379 246 1388 v
295 1360 394 1397 scius
430 1358 525 1395 haec
555 1360 595 1394 et
633 1356 723 1393 talia
758 1369 828 1407 per
865 1356 1136 1396 simulationem
1175 1358 1363 1410 quandam
1397 1357 1546 1395 videtur
1578 1358 1822 1407 percontatus

297 1439 395 1465 esse.
427 1425 571 1463 Herod.
605 1426 649 1473 1,
682 1425 776 1465 167.
825 1424 951 1462 Strab.
983 1427 1031 1475 6,
1065 1427 1101 1466 1.
1127 1439 1166 1476 p.
1196 1428 1235 1467 2.
1268 1423 1452 1477 (Tchnz.)
1492 1423 1590 1462 Plin.
1619 1422 1671 1461 Η.
1698 1422 1750 1461 Ν.
1779 1422 1822 1471 3,
1896 1416 1902 1443 ³⁷·

296 1497 334 1537 5.
363 1497 404 1535 7.
431 1494 519 1532 Mel.
551 1494 600 1540 2,
631 1490 682 1540 4,
710 1493 777 1532 86.
817 1492 862 1531 A.
894 1493 993 1530 Gell.
1027 1494 1100 1543 10,
1132 1494 1170 1533 6.
1209 1494 1289 1535 Cic.
1320 1493 1443 1545 Epist.
1472 1490 1717 1542 adnimv,
1749 1492 1821 1536 20.
1888 1544 1893 1549 .

298 1562 382 1601 coll.
400 1554 564 1611 ‘Forbig
594 1561 644 1598 ad
664 1560 768 1611 Virg.
788 1559 884 1600 Aen.
909 1563 956 1610 6,
983 1561 1080 1602 366.
1110 1561 1246 1603 Markl.
1267 1563 1316 1599 ad
1336 1562 1436 1599 Stat.
1457 1558 1557 1598 Silv.
1571 1559 1622 1608 5,
1651 1559 1701 1608 3,
1729 1559 1823 1599 126.
1879 1553 1891 1592 *-

299 1630 418 1668 Orell.
452 1630 569 1667 Inscr.
595 1628 691 1668 137.
719 1629 847 1670 3802.
907 1630 1107 1668 onomast.
1126 1630 1228 1671 Tull.
1258 1630 1304 1668 ΙΙ.
1325 1640 1364 1681 p.
1395 1629 1490 1669 637.
1520 1632 1559 1667 et
1585 1626 1741 1671 Echhel·
1774 1624 1828 1664 D·
1880 1664 1883 1666 ,

300 1698 352 1738 N.
377 1698 407 1735 Ι.
441 1699 477 1737 1.
510 1711 548 1747 p.
583 1695 677 1736 157.
709 1718 757 1724 —
797 1696 980 1747 Salerni,
1017 1699 1175 1747 insignis
1210 1700 1249 1736 in
1277 1711 1370 1748 agro
1394 1696 1590 1736 Picentino
1619 1694 1751 1747 oppidi
1776 1694 1829 1732 nd
1885 1726 1888 1731 .

302 1778 404 1803 mare
434 1765 495 1801 siti
532 1768 570 1801 et
606 1768 762 1813 postero
798 1768 971 1815 tempore
1002 1766 1131 1804 schola
1166 1766 1404 1805 Salernitana
1441 1764 1574 1803 incluti
1601 1761 1760 1815 (Graeci
1786 1756 1830 1801 ro*

305 1829 512 1885 Σάλερνον
538 1830 664 1869 Strab.
697 1832 747 1880 5,
770 1830 808 1871 4.
830 1847 868 1883 p.
890 1832 986 1873 407.
1013 1833 1173 1874 Ptolem.
1197 1836 1247 1885 3,
1276 1834 1355 1886 1.),
1385 1833 1498 1871 hodie
1515 1831 1690 1870 Salerno.
1733 1829 1831 1872 Plin.
1884 1850 1894 1867 ·.

305 1901 353 1938 Η·
379 1900 430 1937 N·
461 1899 507 1946 3,
540 1898 579 1938 5·
623 1898 697 1947 13,
739 1900 779 1939 3.
809 1899 893 1938 Liv.
923 1901 1001 1949 32,
1034 1903 1100 1943 29.
1139 1899 1216 1950 34,
1253 1900 1322 1942 45.
1379 1900 1485 1939 Vell.v
1506 1899 1656 1938 Patere.
1685 1894 1831 1948 1,·14-

306 1968 388 2005 Vai.
418 1967 519 2005 Max.
546 1967 593 2015 6,
620 1967 668 2014 8,
699 1966 737 2005 5.
770 1967 848 2004 cic.
879 1968 969 2007 uer.
1000 1967 1049 2017 4,
1081 1969 1156 2018 51,
1183 1968 1248 2010 64.
1275 1969 1360 2008 con.
1392 1966 1492 2007 Ant.
1512 1966 1688 2006 Mam.-
1717 1964 1832 2004 urbis

307 2035 566 2073 Salernitanae
595 2033 682 2072 hist.
712 2039 750 2071 et
782 2035 953 2084 antiquit.
983 2037 1106 2086 Neap.
1135 2038 1280 2086 1681.,
1318 2035 1602 2088 Ventimiglia:
1631 2034 1744 2074 Mem.
1771 2031 1834 2071 del
1885 2026 1904 2063 ῗῒ

308 2102 525 2152 Principato
548 2101 587 2139 di
613 2101 785 2139 Salerno.
806 2102 906 2153 Nap.
930 2104 1076 2152 1788.,
1109 2096 1266 2141 Comitis
1287 2105 1335 2142 de
1366 2103 1548 2156 Stolberg
1569 2101 1747 2154 „Reise“
1765 2104 1836 2139 etc.
1850 2120 1874 2131 »ν

309 2169 376 2207 ΙΙΙ.
407 2183 445 2221 Ρ.
483 2165 575 2210 148.
586 2195 598 2217 ,
629 2169 846 2218 Kephalid.
876 2169 1054 2219 „Reise“
1086 2174 1158 2208 etc.
1192 2171 1244 2208 ΙΙ·
1270 2186 1309 2223 Ρ.
1342 2171 1436 2214 148.
1468 2179 1507 2210 et
1534 2171 1573 2211 J.
1599 2170 1836 2221 Buttmann.

312 2297 478 2330 machten
506 2295 622 2330 lieber
645 2296 725 2330 eine
757 2295 900 2341 spiitere
929 2296 1031 2339 Zeit‚
1061 2297 1123 2330 das
1149 2298 1237 2331 sahr
1256 2294 1344 2342 734,
1375 2298 1586 2340 annehmen,
1616 2305 1661 2329 zu
1680 2294 1837 2328 welcher

315 2353 397 2387 Zeit
417 2353 480 2387 das
496 2353 694 2387 Vertrauen
713 2353 778 2387 auf
793 2352 850 2386 die
865 2353 996 2387 Cur-art
1011 2352 1073 2387 des
1085 2354 1257 2389 Antonius
1271 2353 1380 2390 Musa
1396 2355 1487 2388 noch
1505 2353 1754 2396 keinesweges
1774 2359 1836 2399 gu-
1868 2370 1907 2404 'r

317 2410 531 2445 schwunden
551 2421 638 2444 war.
649 2411 670 2429 “
719 2410 789 2444 Diu
810 2421 893 2444 sane
913 2410 1019 2445 stetit
1042 2409 1197 2454 frigidae
1218 2421 1300 2445 suus
1326 2410 1457 2455 honor,
1491 2411 1551 2457 qui
1570 2417 1767 2456 quanquam
1783 2398 1838 2441 ffi-

317 2467 457 2501 terdum
477 2477 693 2501 evanescere
713 2467 923 2511 videbatur,
953 2467 1104 2502 subinde
1133 2472 1297 2502 recentes
1326 2473 1450 2502 nactus
1481 2472 1537 2502 est
1564 2470 1750 2509 auctores,
1767 2460 1838 2515 qui
1878 2464 1889 2501 ζ

318 2524 372 2557 uti
393 2524 554 2558 Charmis
572 2524 633 2558 ille
654 2523 765 2569 (Plin.
785 2525 835 2563 H.
855 2525 904 2560 N.
926 2525 989 2569 29,
1010 2524 1063 2567 1.)
1092 2522 1244 2569 frigida,
1276 2525 1381 2559 etiam
1406 2524 1564 2559 hibernis
1587 2517 1839 2569 algoriBus58'-

319 2581 399 2614 vari
419 2580 679 2625 persuadebant
699 2592 896 2627 aegrosque
915 2582 952 2615 in
983 2581 1080 2615 lacus
1109 2582 1329 2626 mergebant.
1368 2582 1471 2616 Conf.
1495 2582 1624 2616 Senec.
1642 2568 1839 2623 Epist->58-

322 2636 380 2671 83.
400 2637 495 2671 Plin.
516 2637 638 2683 Epist.
660 2638 703 2681 3,
725 2637 768 2683 5,
791 2641 848 2673 11.
870 2639 982 2673 Gesn.
1015 2638 1216 2673 Chrestom.
1247 2638 1338 2672 Plin.
1368 2651 1405 2684 p.
1425 2639 1460 2675 9.
1489 2642 1526 2672 et
1545 2638 1590 2672 de
1609 2646 1649 2670 re
1676 2633 1841 2668 univer*

329 2694 451 2727 Octav.
471 2694 631 2728 Ferrarii
646 2694 743 2729 Diss.
765 2695 810 2729 de
829 2695 988 2730 Balneis.
1009 2695 1161 2729 Helmst.
1183 2696 1286 2731 1720.
1307 2707 1344 2741 p.
1367 2695 1448 2743 23„
1478 2696 1536 2729 Jo.
1557 2692 1664 2728 Zau-ra.
1686 2685 1844 2724 flamm

326 2749 459 2793 opusc.
475 2750 524 2784 ΙΙ.
542 2751 660 2797 (Lips.
679 2748 788 2795 1749)
809 2763 845 2796 p.
864 2753 931 2787 119
945 2763 1024 2798 sqq.
1037 2751 1175 2787 Prolus.
1194 2752 1274 2786 XV.
1286 2753 1329 2786 de
1343 2754 1445 2796 Aqua
1452 2755 1549 2796 font.
1563 2745 1750 2783 natatu-507⁴
1760 2747 1841 2785 οισι,
1900 2743 1908 2746 ”

331 2804 470 2838 Oertelz'i
487 2806 582 2841 Diss.
603 2807 872 2853 philol.-medic.
893 2810 936 2843 de
955 2810 1077 2853 Aquae
1084 2808 1249 2855 frigidae
1265 2820 1332 2843 usu
1353 2808 1524 2843 Celsiano.
1552 2802 1716 2839 monach.
1739 2795 1855 2835 182ss

329 2863 366 2890 et
385 2861 446 2893 Fr.
469 2862 705 2898 Lindemann:
741 2865 861 2900 Pauca
889 2866 932 2900 dc
959 2877 1025 2901 usu
1051 2865 1174 2909 Aquae
1191 2865 1354 2912 frigidae
1368 2869 1436 2899 etc.
1466 2863 1596 2907 Progr.
1627 2856 1736 2893 schol·
1767 2855 1843 2891 250·

329 2919 404 2949 ων.
428 2917 529 2952 1838.
