1910 3138
233 184 316 251 518
369 210 648 251 COMMENT.
670 211 729 250 IN
747 211 871 250 HOR.
893 210 992 250 LIB.
1013 213 1042 253 Ι.
1083 212 1250 252 EPIST.
1269 213 1642 254 UNDEVICESIM.
1686 213 1769 255 170

234 326 286 367 52
309 348 363 354 --
384 323 450 365 54.
481 325 549 372 16,
580 323 670 376 34.)
700 325 814 362 modo
843 325 951 375 huic,
981 326 1095 363 modo
1122 325 1176 364 illi
1203 332 1268 366 aut
1288 327 1389 366 favet
1411 331 1478 367 aut
1501 327 1643 366 invidet
1666 326 1768 366 nulla

234 396 314 432 fere
354 393 578 433 constantia.
632 392 725 431 Inde
754 392 820 430 illa
854 393 1023 444 Epitheti
1056 396 1182 445 notio,
1226 396 1348 447 qualis
1373 398 1414 446 8,
1454 399 1519 439 11.
1551 398 1636 444 12.;
1673 409 1770 446 qua·

233 465 391 514 propter
426 473 501 497 non
538 460 727 498 assentior
761 460 987 499 Weicherto
1020 462 1076 513 (p.
1106 464 1213 516 96.)‚
1252 477 1364 516 quum
1393 463 1550 515 plebem
1583 465 1769 503 litei-atam

234 536 436 568 ventosam
464 528 488 565 i.
516 541 551 566 e.
580 528 858 577 ‚,mendacem‘.‘
886 534 1042 568 auctore
1068 531 1195 569 Schol.
1223 532 1341 583 Cruq.
1363 533 1437 571 dici
1456 533 1632 586 opinatur
1651 545 1770 584 prop-

233 604 338 637 terea
377 597 480 647 quod
516 595 718 648 suffiagia
751 597 827 636 ista
867 611 1078 636 coenarum
1121 600 1309 650 impensis
1353 601 1509 653 aliisque
1552 600 1769 639 muneribus

235 665 426 703 eblandita
453 665 618 715 ideoque
647 663 833 702 mendaci
859 668 1118 706 assentatione
1149 668 1232 709 coll.
1254 668 1302 706 A.
1322 667 1367 706 P.
1385 666 1471 710 419
1489 690 1544 698 —
1565 670 1632 710 28.
1660 667 1772 707 adul-

234 737 355 772 terata
386 733 536 771 fuerint.
595 732 793 784 Impensis
821 748 1032 772 coenarum
1055 741 1097 774 ut
1125 735 1280 776 Petron.
1312 737 1376 778 10.
1428 736 1567 774 Multo
1598 749 1660 774 me
1683 743 1771 773 tur-

229 804 323 853 pior
351 815 391 839 es
421 809 491 847 tu,
525 802 597 852 qui
623 809 669 838 ut
684 802 796 853 foris
823 816 1033 850 coenares,
1058 811 1219 855 poetam
1247 804 1438 844 laudasti.
1490 805 1602 846 Mart.
1633 806 1673 855 2,
1701 807 1770 854 27,

237 874 275 912 1.
305 871 374 921 (ib.
402 870 520 920 Rad.)
553 870 810 908 Laudantem
836 872 989 910 Selium
1004 901 1017 917 ,
1056 886 1198 910 coenae
1226 887 1351 924 quum
1377 874 1479 911 retia
1507 874 1658 919 tendit,
1682 874 1772 910 Ac-

236 941 322 990 cipe
359 941 443 977 sive
480 939 592 991 legas
629 941 712 977 sive
738 947 938 990 patronus
971 955 1086 991 agas.
1154 941 1209 978 ld.
1249 943 1291 991 6,
1329 941 1398 991 48,
1437 944 1476 984 1.
1537 941 1656 992 Quod
1688 948 1772 979 tam

232 1008 391 1060 grande
417 1008 560 1059 sophos
588 1008 738 1046 clamat
767 1007 842 1044 tibi
867 1007 988 1047 turba
1003 1025 1014 1046 .·
1058 1010 1156 1047 Non
1185 1016 1254 1054 tu,
1290 1010 1518 1060 Pomponi,
1554 1023 1678 1047 coena
1709 1010 1774 1047 di-

236 1085 340 1115 serta
370 1084 442 1114 tua
471 1084 538 1116 est.
596 1077 651 1115 ld.
684 1078 723 1127 1,
757 1077 827 1126 50,
860 1078 930 1119 37.
958 1078 1000 1128 3,
1029 1078 1097 1126 50,
1132 1079 1171 1118 9.
1211 1078 1278 1119 10.
1316 1079 1357 1127 9,
1383 1079 1453 1128 82,
1481 1078 1522 1119 3.
1550 1076 1591 1119 4.
1646 1078 1775 1117 Hora·

235 1147 329 1184 tium
357 1146 548 1197 respexit,
578 1149 619 1184 ut
650 1146 703 1184 ait
728 1145 855 1182 Schol.
891 1145 1023 1196 Cruq.‚
1055 1146 1162 1183 Pers.
1195 1148 1233 1196 1,
1263 1146 1318 1186 53
1350 1145 1419 1195 (ib.
1445 1146 1628 1199 interpp.)
1660 1146 1775 1185 Cali-

238 1216 335 1254 dum
364 1215 440 1252 scis
463 1227 612 1266 ponere
647 1227 809 1251 sumen:
859 1213 949 1251 Scis
988 1215 1168 1251 comitem
1202 1214 1456 1253 horridulum
1491 1216 1590 1253 trita
1626 1215 1776 1253 donare

237 1284 413 1322 lacerna.
468 1282 591 1321 Lucil.
620 1294 682 1333 ap.
710 1281 865 1319 Jacobs.
891 1284 941 1320 ad
968 1281 1115 1321 Delect.
1139 1283 1273 1334 Epigr.
1302 1297 1358 1333 gr.
1389 1286 1431 1334 6,
1460 1283 1531 1334 74,
1563 1285 1600 1325 l.
1645 1285 1777 1335 Ποιη-

236 1349 309 1404 τὴς
337 1347 579 1404 πανάριστος
607 1346 774 1402 ἀληθῶς
799 1348 905 1390 ἔστιν
929 1349 1101 1400 ἐκεῖνος,
1125 1347 1264 1399 ’Ὅστις
1291 1352 1478 1400 δειπνίζει
1503 1348 1598 1400 τούς
1622 1345 1778 1405 οἷκροα-

239 1420 436 1473 σαμὲνους
450 1417 501 1472 *).
550 1419 665 1459 Conf.
698 1418 857 1458 Haberf.
888 1420 937 1457 ad
977 1419 1021 1457 A.
1051 1419 1094 1460 P.
1122 1416 1219 1461 422.
1263 1420 1423 1472 Rupert.
1459 1421 1510 1459 ad
1543 1420 1631 1458 Juv.
1663 1421 1704 1469 1,
1738 1421 1776 1461 1.

239 1491 385 1540 Gierig.
416 1490 466 1527 ad
494 1488 591 1528 Plin.
618 1487 742 1539 Epist.
776 1489 816 1537 2,
845 1485 912 1536 14,
946 1485 986 1527 4.
1034 1486 1095 1525 De
1125 1488 1329 1526 donatione
1365 1495 1551 1541 togarum
1589 1489 1776 1526 tritarum

239 1559 288 1596 ad
316 1559 486 1596 fautores
515 1556 670 1605 alicujus
697 1556 752 1593 rei
782 1555 854 1592 sibi
878 1555 1070 1606 parandos
1093 1556 1191 1597 conf.
1219 1562 1419 1607 praeterea
1444 1558 1559 1596 Mart.
1577 1558 1619 1608 3,
1644 1557 1714 1607 36,
1735 1557 1777 1597 9.

243 1629 307 1675 12,
338 1628 408 1674 72,
438 1624 477 1666 4.
520 1623 677 1665 Lucian.
710 1625 758 1662 de
785 1623 956 1662 M‘ereed.
989 1626 1162 1667 conduct.
1191 1625 1258 1667 37.
1301 1626 1432 1677 Negat
1457 1627 1572 1676 igitur
1598 1626 1778 1665 Horatius
1824 1644 1828 1648 ⁴

239 1699 282 1732 ut
311 1707 424 1745 saepe
454 1693 546 1731 alias
577 1706 619 1730 se
650 1693 793 1745 populo
819 1693 971 1744 placere
1001 1692 1066 1743 (C.
1098 1694 1255 1732 Passov.
1286 1693 1338 1732 N.
1359 1694 1430 1744 52)
1460 1698 1500 1733 et
1527 1694 1678 1735 laudem
1699 1698 1778 1733 tam

241 1762 302 1798 vili
339 1774 380 1799 re
409 1765 572 1812 emptam
609 1762 774 1807 venari,
812 1764 971 1814 θηρᾶν,
1008 1762 1105 1800 velle
1138 1765 1180 1800 ut
1212 1763 1251 1812 1,
1280 1762 1349 1802 78.
1389 1762 1453 1800 ubi
1479 1763 1555 1800 vid.
1579 1775 1666 1801 ann.
1693 1755 1780 1801 collss

243 1829 360 1867 Dorv.
392 1830 440 1866 ad
477 1829 626 1867 Charit.
661 1843 700 1880 p.
730 1828 825 1870 555.
863 1834 902 1867 et
938 1830 1019 1871 Cic,
1057 1831 1105 1868 ad
1143 1830 1310 1869 Herenn.
1340 1828 1382 1878 4,
1406 1830 1449 1879 3,
1482 1830 1521 1872 5.
1566 1829 1671 1869 Laus
1703 1830 1779 1868 ista
1806 1820 1808 1823 ¹

241 1898 401 1936 maxime
429 1896 713 1935 recitationibus
729 1896 815 1947 **)‚
842 1909 934 1946 quas
962 1898 1059 1938 Hor.
1090 1910 1126 1934 v,
1154 1911 1239 1948 seq.
1268 1898 1478 1948 significat,
1508 1899 1679 1949 quaesita
1705 1900 1778 1947 est,

242 1967 319 2004 vid.
349 1965 514 2004 Schmid.
545 1968 584 2002 et
609 1964 756 2002 Riedel.
785 1965 834 2002 ad
863 1968 903 2015 2,
932 1967 970 2014 1,
1003 1965 1099 2006 223.
1155 1965 1292 2002 Heind.
1317 1965 1366 2002 ad
1390 1964 1472 2003 Sat.
1501 1967 1540 2016 1,
1563 1966 1605 2015 3,
1633 1968 1703 2008 86.
1731 1965 1779 2006 C.

243 2035 400 2073 Passov.
428 2033 481 2073 N.
514 2032 608 2072 143.
651 2030 790 2070 Loers.
820 2034 869 2070 ad
899 2033 1012 2070 Ovid.
1045 2032 1081 2069 T
1083 2032 1165 2072 rist.
1187 2033 1229 2081 3,
1261 2032 1313 2072 15
1343 2030 1457 2084 (14),
1488 2033 1559 2074 39.

357 2102 404 2140 V.
433 2102 501 2142 39.
533 2100 600 2139 40.
644 2099 741 2137 Non
765 2113 862 2152 ego,
897 2122 954 2129 —
991 2099 1149 2151 dignor.
1199 2101 1398 2138 Sententia
1433 2100 1507 2139 loci
1545 2099 1778 2140 vexatissimi

244 2170 292 2208 ad
317 2182 440 2208 meum
467 2168 617 2219 quidem
645 2181 799 2207 sensum
830 2169 921 2207 haec
950 2172 1028 2206 est:
1061 2167 1197 2218 „Ego‚
1229 2168 1293 2218 qui
1316 2167 1464 2206 nobiles
1488 2171 1636 2206 tantum
1658 2167 1780 2219 serip-

244 2243 348 2276 tores
377 2238 577 2276 recitantes
605 2237 736 2276 audire
763 2238 885 2288 iisque
910 2249 994 2275 mea
1027 2237 1167 2287 scripta
1191 2235 1476 2286 qualiacumque
1501 2239 1588 2274 sunt
1615 2235 1779 2273 vicissim

357 2408 398 2456 *)
418 2412 622 2456 Mar-cilius,
644 2410 702 2456 qui
715 2411 890 2457 impensas
903 2422 1093 2447 coenarum
1112 2421 1178 2456 pro
1194 2410 1306 2443 verbo
1326 2408 1532 2455 coquinario
1547 2409 1678 2453 habet,
1698 2419 1782 2443 eon—

247 2471 402 2505 dimenta
422 2475 458 2503 et
475 2469 629 2503 ciborum
644 2468 853 2502 lenocinium
868 2480 944 2502 cum
963 2467 1054 2502 cibis
1067 2467 1154 2512 ipsis
1173 2466 1350 2511 intelligit.
1387 2467 1492 2510 „Nec
1506 2465 1596 2501 enim
1610 2469 1683 2500 tam
1696 2464 1781 2508 cibi,

246 2526 381 2572 inquit,
404 2537 503 2571 quam
523 2525 702 2570 impensae
722 2525 846 2570 gumiis
867 2537 1009 2559 coenam
1029 2524 1188 2559 faciunt“
1208 2524 1287 2558 coll.
1308 2514 1410 2568 Apio.
1425 2520 1460 2565 4,
1477 2525 1510 2559 2.
1527 2524 1561 2566 8,
1581 2524 1615 2558 8.
1634 2523 1670 2565 9,
1689 2519 1724 2557 4.
1743 2528 1782 2556 et

247 2585 382 2618 Arnob.
403 2584 481 2618 VII.
509 2583 558 2627 [p.
581 2582 662 2618 231.
682 2583 740 2617 ed.
766 2582 878 2626 Lugd.
900 2582 1041 2626 Batav.]
1070 2581 1152 2626 quid
1171 2581 1311 2615 diversis
1336 2592 1414 2614 cum
1422 2580 1580 2625 fartibus
1597 2578 1783 2624 confectio-

247 2641 300 2674 πίε
312 2642 399 2684 jure
419 2639 601 2685 multiplici
618 2645 720 2682 atque
736 2639 972 2685 impensarum
992 2639 1160 2673 varietate
1178 2637 1347 2672 conditis?

340 2691 401 2739 **)
426 2698 481 2731 De
502 2695 768 2730 recitationibus
797 2696 867 2730 illis
889 2700 970 2741 post
992 2695 1126 2741 Gierig.
1147 2693 1190 2728 ad
1216 2694 1309 2728 Plin.
1338 2693 1455 2739 Epist.
1483 2692 1532 2726 ΙΙ.
1552 2704 1589 2737 p.
1605 2690 1674 2726 538
1688 2701 1780 2736 sqq„

254 2752 442 2787 Therbeck.
461 2754 696 2787 Commentat.
717 2753 762 2786 de
782 2753 880 2790 Asin.
907 2752 1054 2786 Pollion.
1075 2752 1142 2786 vit.
1164 2756 1203 2785 et
1223 2750 1368 2796 scriptis
1397 2762 1433 2796 p.
1452 2751 1499 2785 96
1515 2759 1594 2794 sqq.
1617 2743 1779 2792 104·⁸qq.

249 2809 388 2852 plenius
409 2815 445 2842 et
466 2809 609 2843 uberius
628 2808 799 2844 disseruit
825 2810 914 2844 Ern.
937 2810 1017 2843 Chr.
1041 2809 1110 2843 Ga.
1135 2808 1260 2843 Weber
1278 2808 1313 2841 in
1333 2807 1565 2842 Commentat.
1583 2803 1628 2838 de
1654 2807 1779 2847 poeta-

250 2876 324 2898 rum
346 2865 576 2899 Romanorum
603 2866 888 2902 recitationibus.
925 2865 1056 2902 Vimar.
1076 2866 1178 2902 1828.
1207 2877 1245 2910 p.
1268 2865 1302 2900 9.
1331 2868 1370 2900 et
1390 2863 1445 2899 13.
1477 2859 1580 2896 Conf.
1609 2859 1706 2894 Hect-
1731 2858 1776 2893 ad

250 2920 369 2955 Tacit.
389 2920 482 2956 Dial.
503 2924 536 2957 9.
557 2934 593 2968 p.
610 2922 666 2958 57.
