1910 3138
304 151 388 233 2‘12
447 191 723 232 COMMENT.
742 190 800 230 IN
819 157 941 231 non.
961 191 1062 235 Lm.
1081 193 1110 232 1.
1138 168 1727 240 EP1sT.QUA1n-.nncmj
1764 194 1817 239 52

305 316 533 368 taberna.*)
583 315 741 355 Praeter
768 315 852 355 illos
885 316 990 356 locos
1021 317 1250 371 voluptarios
1278 319 1430 358 tertium
1464 301 1651 370 quendam
1677 313 1818 358 &illicne

302 388 365 426 ille
394 385 620 425 desideravit
646 384 734 429 i.,e.
766 384 962 423 tabernam
993 387 1234 438 cauponiam3
1274 386 1406 428 Stuck.
1440 386 1570 438 Antiq.
1602 388 1749 430 conviv.
1778 389 1820 438 1,

306 456 371 496 28.
401 458 439 491 et
471 454 518 502 2,
547 454 623 494 12.
651 466 689 504 p.
718 453 811 495 283.
848 452 1013 494 Seebod.
1047 454 1301 503 ‚,Scholien“
1326 454 1357 492 Ι.
1386 468 1424 506 p.
1453 456 1520 496 22.
1553 455 1605 493 N.
1634 456 1674 497 6.
1711 454 1818 498 Tafis

303 522 453 572 quidem
489 533 760 572 saepenumero
798 534 920 573 prope
957 520 1066 559 villas
1104 526 1283 574 tanquam
1319 523 1532 562 necessaria
1569 535 1696 561 earum
1729 534 1819 575 pars

303 595 406 640 erat,
436 603 511 639 quo
541 588 712 627 villarum
739 588 852 628 turba
875 589 981 628 festis
1009 588 1187 640 imprimis
1211 589 1366 641 diebus,
1394 594 1437 629 ut
1464 604 1506 630 se
1533 594 1627 642 potu
1655 602 1699 628 ac
1730 589 1819 629 ludo

302 657 532 707 oblectaret,
570 658 761 696 confluxit.
808 658 903 696 Vide
937 670 1037 707 quos
1068 656 1198 695 laudat
1225 657 1403 710 ligemus
1435 658 1462 698 l.
1494 658 1523 700 l.
1556 671 1599 721 p.
1635 660 1675 700 9.
1701 655 1821 708 ’(οοΠ.
1903 699 1905 703 ⁴

301 724 465 762 Becker.
495 725 544 763 ad
575 725 674 767 Gall.
704 725 731 765 I.
761 739 800 777 p.
831 724 946 775 231.)
987 725 1093 767 Varr.
1120 725 1169 768 R.
1199 725 1248 765 R.
1278 727 1326 776 1,
1355 728 1405 777 2,
1433 727 1500 770 23.
1525 726 1640 768 Mart.
1669 726 1720 777 3,
1748 725 1818 775 58,

302 795 368 836 24.
397 793 491 831 Inde
513 791 671 839 subest,
700 797 741 831 ut
765 793 845 833 Cic.
874 806 934 844 pr.
962 793 1090 836 Plane.
1112 794 1179 844 10,
1202 795 1269 835 21.
1297 791 1452 832 mbesse
1463 795 1699 846 propinquis
1723 793 1834 831 locis*
1902 817 1910 825 -

301 866 340 900 et
367 862 415 900 de
443 865 614 913 tempore
641 861 736 903 Tac.
765 860 864 902 Ann.
882 861 924 911 3,
951 863 992 912 6,
1020 865 1059 905 2.
1088 862 1272 901 ludorum
1298 861 1593 914 Megalemium
1615 868 1818 914 spectacu-
1866 885 1870 891 ι

300 931 386 968 lum
413 930 582 972 suberat,
625 929 742 968 Paulo
766 929 878 967 alium
900 930 1170 968 sententiarum
1196 931 1385 980 ordinem,
1415 943 1524 982 quem
1546 934 1650 970 recte
1676 930 1819 982 impro-

300 1000 367 1038 bat
392 999 568 1037 Diintzer
579 1026 593 1044 ‚
626 997 821 1036 constituit
848 996 1045 1043 Orellius,
1079 999 1142 1048 qui
1166 999 1322 1048 „vinum
1349 1011 1506 1051 prorsus
1531 998 1711 1049 negatum
1731 1010 1818 1037 esse
1887 1012 1890 1014 ·

299 1068 471 1106 Sabino“
500 1067 610 1105 dicit:
642 1065 767 1115 „Vino
796 1065 912 1114 igitur
939 1064 978 1102 in
1005 1065 1084 1102 heri
1113 1065 1231 1103 fundo
1263 1072 1354 1105 nato
1382 1067 1438 1106 uti
1464 1079 1542 1105 non
1568 1069 1722 1118 poterat
1747 1065 1818 1104 vil·
1898 1075 1902 1098 s

298 1137 393 1175 licus
422 1149 493 1173 nec
521 1137 642 1186 prope
666 1137 747 1171 erat
774 1132 975 1170 taberna.“
1017 1132 1247 1183 Rappoltus
1272 1139 1398 1173 autem
1426 1134 1500 1173 duo
1535 1133 1590 1171 ita
1619 1134 1820 1185 conjuncta

298 1207 427 1256 putat,
468 1206 508 1241 ut
535 1203 665 1240 eadem
693 1200 932 1251 conjunxisse
956 1199 1191 1239 Anacharsin
1225 1201 1354 1239 serunt
1386 1214 1447 1252 ap.
1477 1201 1638 1243 Aristot.
1665 1201 1817 1253 Analyt.
1888 1227 1899 1261 ,χ

296 1277 441 1323 poster.
472 1272 510 1320 1,
542 1270 608 1319 13,
641 1271 704 1310 11.
736 1264 798 1309 ὅτι
826 1266 869 1308 ἐν
898 1263 1084 1316 Σκύθαις
1109 1265 1185 1309 οὔκ
1213 1268 1314 1310 εἰσιν
1342 1265 1595 1324 αὐλητρίδες·
1620 1264 1715 1312 οὐδὲ
1741 1266 1818 1323 yde

298 1338 536 1392 ἄμπελονῖἔ
569 1360 616 1365 —-
647 1337 690 1375 V.
717 1336 784 1377 25.
817 1337 883 1377 26.
912 1348 983 1373 nec
1009 1338 1191 1374 meretrix
1218 1336 1384 1374 tibicina
1401 1359 1458 1367 —-
1471 1338 1624 1388 gravis.
1674 1337 1819 1378 Intelli-
1892 1375 1894 1379 ,

296 1410 398 1460 gitur
424 1404 643 1454 ambabaja
672 1405 857 1456 quaedam
883 1403 982 1455 (Sat.
1009 1405 1048 1454 1,
1077 1405 1118 1454 2,
1148 1408 1184 1445 1.
1212 1405 1264 1447 ib.
1291 1404 1430 1446 Heind.
1463 1410 1502 1445 et
1527 1404 1730 1459 Wiistem.)
1756 1405 1816 1444 v'el
1891 1439 1899 1463 ·.

296 1477 402 1525 talis,
431 1474 554 1526 qualis
579 1474 650 1511 fuit
680 1472 789 1523 Copa
809 1472 976 1524 Syriaca
1005 1470 1128 1523 caput
1154 1473 1285 1526 Graja
1312 1473 1496 1512 redimita
1514 1472 1668 1512 mitella
1693 1472 1817 1530 (Virg.

297 1546 395 1596 cop.
428 1541 482 1594 l.)
510 1543 573 1580 vel
598 1542 771 1591 fidicina,
807 1541 985 1592 psaltria,
1013 1542 1118 1592 cujus
1144 1543 1338 1594 proprium
1361 1547 1442 1581 erat
1466 1543 1702 1581 meretricem
1729 1553 1814 1579 esse
1888 1554 1892 1587 χ

296 1613 468 1665 (Lucian.
495 1610 593 1650 Dial.
618 1613 771 1648 meretr.
800 1607 918 1661 XV.).
945 1609 1064 1648 Lucil.
1089 1612 1131 1660 3,
1161 1611 1228 1652 33.
1263 1611 1459 1661 Caupona
1481 1610 1548 1648 hio
1573 1616 1706 1647 tamen
1731 1621 1816 1647 una

301 1683 415 1732 ὁζγνα,
459 1679 670 1717 Commode
700 1677 928 1715 Schmidius
939 1706 956 1724 ,
987 1678 1162 1729 quoniam
1188 1679 1226 1716 in
1253 1678 1420 1717 tabernis
1446 1678 1682 1718 meretriciae
1714 1680 1816 1716 artes
1879 1730 1889 1733 Π

298 1748 376 1787 fere
391 1748 662 1796 tractabantur,
680 1746 807 1784 laudat
822 1746 919 1788 Cod.
933 1746 969 1785 T
971 1747 1128 1787 heodos.
1144 1748 1185 1796 9,
1201 1748 1243 1798 7,
1259 1748 1295 1788 1.
1314 1746 1371 1799 (p
1381 1746 1477 1787 650.
1493 1745 1618 1799 Hug.)
1633 1746 1816 1784 naniam:
1839 1796 1845 1801 ῃ
1880 1745 1885 1774 ’-

297 1829 524 1867 cauponae,
567 1829 669 1866 quae
698 1815 932 1865 plerumque
969 1816 1058 1865 ipsa
1090 1814 1326 1865 potantibus
1361 1815 1686 1866 intemperantiae
1719 1810 1816 1858 viria

292 1884 480 1936 praebet;
510 1897 536 1919 a
566 1881 709 1933 quibus
726 1881 898 1932 seminis
914 1882 1139 1931 pudicitiae
1157 1884 1258 1921 ratio
1278 1897 1359 1921 non
1375 1883 1602 1936 requiritur.
1630 1881 1814 1921 Prudent.

296 1955 466 1992 Hamart.
490 1951 586 1991 316.
625 1949 772 2000 lyricae
803 1949 1077 1987 modulamina
1108 1964 1215 1988 vana
1234 1951 1410 2002 puellae.
1442 1950 1585 1992 Aelim.
1621 1951 1670 1989 V.
1693 1951 1743 1992 H.
1771 1950 1814 2000 7,

298 2024 336 2063 2.
368 2017 508 2062 πολλαὶ
539 2015 610 2069 μὲν
639 2020 824 2069 παρῆσαν
852 2020 1072 2070 γυναικῶν,
1102 2019 1362 2072 μουσουργοί,
1392 2017 1460 2062 καὶ
1487 2013 1720 2071 αὐλητρίδες
1745 2015 1814 2057 καὶ
1870 2036 1877 2042 ·

296 2089 445 2141 ἑταῖραι
480 2082 614 2127 κάλλει
652 2084 951 2139 διαπρέπουσαι.
982 2085 1146 2136 Alciphr,
1176 2086 1223 2135 3,
1250 2087 1324 2136 65,
1351 2087 1389 2126 9.
1438 2085 1499 2124 De
1524 2086 1582 2125 his
1609 2089 1650 2126 et
1678 2084 1813 2123 talibus
1869 2115 1871 2119 .

297 2157 395 2197 conf.
432 2155 550 2206 Ilgen.
579 2154 628 2191 ad
656 2154 762 2204 Virg.
800 2153 896 2203 Cop.
930 2155 965 2193 1.
1002 2167 1040 2203 p.
1071 2153 1136 2195 23.
1174 2153 1330 2203 Rupert.
1360 2155 1399 2190 et
1423 2152 1554 2196 Heiur,
1581 2153 1630 2191 ad
1656 2153 1741 2191 Juv.
1769 2151 1813 2201 3,
1871 2195 1874 2199 ,

297 2227 349 2266 61
378 2245 434 2252 --
462 2223 530 2264 66.
560 2221 627 2270 11,
660 2221 738 2262 162
759 2241 814 2247 -
835 2216 927 2261 164.
957 2220 1118 2271 interpp.
1147 2221 1195 2258 ad
1222 2219 1378 2260 Lucian.
1403 2220 1554 2270 Nigrin.
1584 2219 1649 2262 15.
1676 2219 1814 2261 Μαι-Η.
1869 2232 1872 2234 ·

296 2294 345 2331 ad
374 2294 471 2332 stat.
499 2290 591 2328 silv.
626 2290 672 2337 1,
698 2289 749 2337 6,
778 2289 846 2328 71.
885 2287 1047 2325 Casaub.
1080 2288 1128 2325 ad
1164 2288 1271 2326 Suet.
1306 2287 1401 2326 Ner.
1432 2289 1500 2329 27.
1536 2286 1615 2339 (lv.
1651 2301 1692 2340 p.
1719 2276 1814 2330 1822
1857 2281 1871 2303 '=

296 2360 405 2412 Wlf.)
434 2357 581 2397 Grauff.
612 2358 660 2394 ad
687 2354 842 2394 Lucian.
871 2356 1001 2394 Somn.
1026 2357 1091 2398 12.
1119 2369 1158 2407 p.
1179 2355 1259 2398 235
1275 2368 1360 2406 sqq.
1386 2354 1555 2405 Bergler.
1575 2354 1812 2409 adAlciphr.
1870 2355 1871 2358 ’

300 2432 339 2479 1,
376 2430 442 2478 12,
474 2429 538 2469 21.
569 2425 678 2475 Gisp.
708 2423 845 2475 cuper.
870 2423 986 2466 obss.
1014 2427 1060 2473 1,
1092 2425 1158 2466 16.
1181 2437 1220 2474 p.
1244 2423 1323 2464 115
1345 2435 1429 2474 sqq.
1451 2422 1637 2474 B6ttiger.
1665 2411 1812 2474 „idem

297 2510 363 2535 zur
392 2492 667 2544 Kunstmyth.“
695 2491 724 2530 I·
753 2505 791 2544 p.
816 2489 899 2532 414
922 2504 980 2542 sq.
1008 2491 1060 2532 N.
1092 2491 1159 2534 29.
1189 2490 1273 2532 coll.
1301 2504 1339 2543 p.
1362 2491 1459 2533 366.
1483 2490 1520 2534 J.
1547 2489 1596 2531 Δ.
1620 2490 1812 2540 Schaefer.
1876 2495 1878 2498 '

408 2666 449 2710 *)
472 2666 555 2700 Non
575 2666 786 2712 negligenda
804 2665 947 2699 videtur
966 2665 1130 2700 subtilior
1146 2664 1339 2700 Hochederi
1355 2664 1567 2710 explicatio:
1587 2664 1732 2708 „cubent
1750 2649 1819 2697 fin*
1863 2644 1865 2646 -

297 2722 416 2765 adest,
443 2723 505 2756 mit
523 2723 600 2756 dem
621 2723 898 2766 Nebenbegriffe
922 2722 986 2756 der
1012 2722 1250 2756 verfinderten
1268 2720 1511 2757 Oertlichkeit
1537 2720 1608 2754 und
1633 2719 1698 2754 des
1715 2718 1807 2755 Hilt-

298 2777 460 2820 reichen,
481 2780 542 2813 das
563 2780 625 2813 auf
643 2781 706 2815 der
726 2778 967 2814 Oertlichkeit
984 2780 1126 2814 beruht.
1147 2774 1272 2814 ὕπεστι
1291 2777 1453 2822 πορίζειν
1471 2772 1611 2811 οἶνον.“
1640 2775 1808 2811 Praeive-

298 2839 380 2865 runt
399 2834 518 2878 Baxt„
539 2836 715 2871 Sckiraclz.
737 2836 858 2886 (0¹⁸⁴ss
880 2836 971 2871 Hor.
991 2848 1027 2883 p.
1043 2835 1142 2881 354),
1164 2835 1242 2882 alii,
1263 2839 1387 2870 contra
1406 2834 1554 2868 Gesner.-
1574 2833 1713 2879 „subm
1726 2830 1808 2867 ‘sim-

298 2888 437 2933 pliciter
456 2902 566 2935 prope
588 2893 682 2925 est.“
