1910 3138
299 209 383 250 462
417 209 698 249 COMMENT.
714 210 770 249 IN
791 209 916 249 HOR.
940 209 1037 250 LlB.
1057 210 1084 250 Ι.
1112 211 1275 252 ΕΡ18Τ.
1298 213 1708 255 DUODEVICESIM.
1745 215 1829 258 114

295 336 525 375 magnopere
547 324 592 361 iis
613 322 863 372 adversabor,
889 324 952 374 qui
964 323 1002 372 *)
1018 333 1200 375 porrecta
1212 326 1364 376 pocula
1380 328 1598 379 simpliciter
1617 330 1825 368 ministrata

294 393 507 441 intelligunt
536 391 620 429 coll.
647 391 744 430 Stat.
786 391 879 429 Silv.
908 391 954 441 4,
985 394 1025 441 2,
1056 394 1122 434 11.
1161 393 1341 433 Prudent.
1376 400 1509 434 contra
1534 397 1750 448 symmach.
1785 399 1825 449 1,

295 460 386 502 275.
425 458 603 497 Ceterum
629 459 668 496 in
695 458 761 497 tali
789 472 831 497 re
860 473 1005 511 negare
1030 466 1072 498 ut
1098 462 1139 510 7,
1168 461 1236 502 63.
1267 461 1381 502 Ovid.
1409 461 1502 501 Met.
1521 465 1590 515 13,
1611 463 1709 506 741.
1734 464 1820 506 coll.

292 527 486 565 Wunderl.
510 528 559 564 ad
586 526 674 567 Tib.
698 529 737 578 1,
755 526 797 577 4,
825 528 890 569 15.
919 528 1085 580 Herzog.
1114 529 1162 567 ad
1190 529 1302 570 Caes.
1331 529 1377 568 Β.
1407 529 1452 567 C.
1474 531 1514 580 1,
1535 533 1577 575 2.·
1615 538 1655 582 et
1693 528 1823 584 ἀρνεῖ-

291 599 411 644 σθαι,
441 595 493 636 de,
523 607 599 645 quo
627 596 674 636 cf.
702 595 850 634 Welck.
879 597 928 633 ad
957 597 1133 647 Theogn.
1165 598 1262 638 319.
1292 611 1331 649 p.
1361 598 1454 638 102.

388 662 436 699 V.
454 661 521 703 94.
538 662 606 702 95.
632 663 847 701 Sententia:
878 664 1015 714 „inter
1034 663 1167 703 hilares
1187 669 1226 703 et
1244 665 1505 704 lautos-hilare
1521 670 1560 705 et
1575 666 1676 705 laute
1692 666 1822 707 viven-

288 730 421 768 dum.“
467 731 595 767 Deme
607 730 818 781 supercilio
833 730 976 769 nubem
988 761 998 780 ,
1022 733 1080 780 (J.
1097 732 1256 770 Merkel
1265 748 1278 770 .-
1299 735 1429 784 „Lass
1443 733 1546 772 nicht
1560 733 1723 772 Wolken
1740 747 1823 773 um-

287 800 442 836 diistern
462 799 525 836 die
543 799 696 851 Stirn“)
715 803 757 837 ut
781 799 894 840 Ovid.
919 800 1016 837 Met.
1034 801 1073 849 2,
1094 801 1188 842 700.
1206 802 1398 854 furtoque
1413 802 1573 840 silentia
1593 800 1728 849 deme,
1751 802 1822 841 sed

286 867 448 918 imagine
461 879 483 904 a
495 867 703 919 superciliis
715 868 852 905 fastum
867 868 927 905 vel
943 869 1182 907 severitatem
1197 873 1234 907 et
1249 871 1382 909 similia
1394 870 1644 910 indicantibus
1658 874 1820 921 sumpta.

284 935 383 974 Plin.
403 935 455 973 H.
472 936 524 975 N.
542 936 609 984 11,
629 933 721 985 (37)
741 935 806 978 51.
841 936 1066 986 Sapereilia
1079 936 1233 975 homini
1245 939 1449 989 etpariter
1469 945 1508 976 et
1524 937 1676 976 altem
1696 937 1819 976 mobi-

286 1005 343 1042 lta
353 1033 371 1051 ,
409 1011 446 1041 et
473 1005 516 1041 in
555 1003 604 1040 tis
625 1016 728 1053 pars
756 1005 884 1041 animi
910 1028 966 1034 —-
994 1007 1112 1044 Haec
1140 1008 1309 1044 maxime
1336 1007 1519 1045 indicant
1533 1005 1713 1057 facturn.
1757 1007 1820 1046 Ila

282 1074 394 1112 Mart.
425 1074 493 1123 11,
523 1074 563 1122 2,
596 1073 632 1111 1.
686 1073 813 1109 Triste
838 1073 1096 1124 supercilium
1125 1074 1294 1126 durique
1319 1088 1455 1112 severa
1492 1075 1652 1114 Catonis
1677 1073 1817 1113 From.

284 1142 416 1181 Sidon.
449 1140 654 1191 Apollinar.
677 1140 804 1179 Carm.
840 1139 902 1182 15.
932 1141 988 1192 (p.
1015 1141 1110 1182 355.
1140 1142 1331 1194 Elmenh.)
1357 1156 1466 1181 nunc
1494 1143 1630 1181 Stoica
1658 1143 1818 1181 tandem

283 1210 396 1246 Pone
429 1208 655 1259 supercilia.
707 1207 826 1246 Dorv.
866 1210 916 1247 ad
947 1209 1089 1248 Charit.
1124 1212 1162 1260 1,
1192 1207 1232 1249 4.
1271 1223 1311 1261 p.
1345 1210 1439 1251 228.
1482 1207 1718 1265 συναγαγών
1745 1209 1817 1262 τοὶς

282 1274 418 1329 ὀφρῦς
445 1276 514 1318 καὶ
543 1274 682 1329 ὅμοιος
710 1273 923 1330 γενόμενος
948 1276 1197 1332 λυπουμένῳ.
1242 1277 1370 1328 Bergl.
1401 1279 1451 1315 ad
1479 1277 1645 1330 Alciphr.
1677 1279 1718 1330 1,
1746 1281 1816 1329 26,

282 1348 320 1386 8.
348 1345 418 1395 34,
446 1348 483 1387 2.
511 1344 578 1387 41.
607 1348 768 1400 συσπᾷν
790 1342 860 1393 τὰς
888 1341 1023 1397 ὀφρῦς
1052 1343 1120 1385 καὶ
1149 1340 1382 1386 οἷνατείνειν.
1410 1345 1623 1387 Hemsterh.
1649 1347 1698 1385 ad
1726 1346 1814 1385 Ari·

281 1415 407 1466 stoph.
447 1413 546 1452 Plut.
576 1415 670 1455 756.
716 1411 851 1467 ὀφρῦς
889 1414 1087 1467 ξυνῆγον,
1122 1409 1432 1467 ἐσκυθρώπαζόν
1460 1410 1600 1466 θ’ἅμα.
1641 1414 1813 1467 Euripid.

279 1481 399 1534 lphig.
428 1482 511 1523 Aul.
542 1481 637 1523 648.
664 1480 783 1534 μέθες
810 1484 887 1522 νῦν
914 1476 1071 1534 ὅφρύν,
1101 1479 1208 1535 ὄμμα
1236 1478 1267 1521 τ’
1286 1480 1463 1522 ἔκτεινον
1488 1482 1621 1532 φίλον.
1669 1483 1813 1521 Simili-

280 1556 338 1588 ter
367 1549 488 1588 nubes
515 1551 726 1599 tristitiam,
754 1551 1015 1599 severitatem,
1049 1562 1161 1602 quam
1186 1550 1270 1600 quis
1294 1550 1462 1600 praefert
1488 1554 1683 1589 contracto
1707 1550 1815 1590 vultu

278 1623 316 1655 et
344 1619 564 1669 supercili0,
590 1619 744 1658 indicat.
794 1619 872 1659 Cic.
898 1619 937 1656 in
963 1618 1090 1660 Pison.
1117 1620 1158 1668 9,
1188 1619 1254 1661 20.
1277 1619 1429 1670 frontis
1457 1625 1550 1655 tuae
1570 1617 1811 1656 nubeculam

274 1687 597 1735 pertimescerem.
649 1687 744 1724 Stat.
782 1687 874 1728 Silv.
912 1688 958 1737 1,
997 1687 1045 1737 3,
1082 1687 1175 1727 109.
1217 1687 1287 1736 (ib.
1317 1687 1449 1738 Hand)
1487 1687 1598 1724 omni
1634 1686 1811 1725 delerem

271 1762 434 1803 pectora
462 1755 576 1792 nube.
622 1755 690 1793 Sil.
720 1755 802 1794 ltal.
825 1756 869 1805 8,
897 1756 989 1798 612.
1028 1768 1100 1792 nec
1128 1753 1274 1792 nubem
1290 1755 1446 1806 frontis
1470 1752 1647 1793 amabat.
1693 1755 1810 1798 Conf.

277 1822 329 1860 ib.
356 1821 554 1861 Drakenb.
586 1823 805 1874 Hieronym.
834 1824 919 1864 adv.
951 1823 1077 1861 Rufin.
1102 1823 1148 1861 11.
1181 1837 1220 1874 p.
1243 1823 1336 1864 136.
1365 1823 1415 1860 G.
1442 1823 1661 1861 Prudentis
1685 1822 1811 1863 homi-

276 1890 339 1926 nis
351 1890 492 1941 fuerat
502 1917 518 1935 ‚
541 1890 670 1928 cordis
690 1890 874 1928 nubilum
890 1891 1039 1942 frontis
1057 1893 1262 1929 serenitate
1282 1891 1486 1929 discutere.
1519 1891 1663 1930 Auson.
1683 1892 1807 1943 Epist.

277 1957 344 2007 14,
376 1959 441 1998 11.
486 1958 543 1995 lta
573 1957 710 1996 Graeci
745 1962 788 1995 ut
814 1957 940 2009 Eurip.
979 1958 1135 2010 Hippol.
1174 1959 1267 2000 173.
1307 1960 1376 2009 (ib.
1403 1959 1586 2000 Valcken.
1622 1974 1662 2012 p.
1689 1958 1802 2012 154.)

273 2117 370 2140 more
395 2105 566 2152 modoque
591 2105 649 2140 hic
677 2116 839 2140 summam
863 2106 918 2140 rei
937 2106 1069 2150 tangit,
1098 2107 1206 2141 alieni
1229 2107 1399 2153 temporis
1417 2108 1595 2143 notionem
1619 2108 1805 2143 intendere

273 2163 442 2197 voluisse.
477 2164 528 2198 Et
546 2164 623 2209 quis
643 2168 719 2206 est,
741 2163 799 2208 qui
815 2163 966 2207 nesciat,
986 2163 1022 2197 in
1039 2163 1104 2197 tali
1121 2174 1236 2198 rerum
1255 2163 1457 2199 conditione
1471 2165 1655 2211 augendae
1669 2166 1802 2200 oratio·

273 2220 327 2255 nis
349 2232 456 2255 causa
469 2232 577 2267 saepe
600 2220 681 2254 addi
700 2231 790 2265 quae
809 2220 1003 2255 hominibus
1023 2225 1203 2255 emunctae
1227 2220 1322 2255 naris
1341 2221 1466 2266 putida
1484 2221 1562 2257 sive
1580 2232 1802 2268 supervacua

272 2278 480 2323 videantur,
502 2283 542 2312 ut
560 2278 680 2323 Epist.
704 2273 835 2321 14,15.
858 2279 913 2313 16.
935 2277 1105 2324 Epod.1‚
1127 2279 1170 2313 18
1188 2296 1236 2303 —
1254 2279 1312 2315 21.
1332 2278 1425 2312 Hinc
1439 2290 1545 2324 spero
1564 2278 1663 2324 fore,
1681 2283 1724 2314 ut
1743 2278 1800 2314 in-

270 2339 411 2380 terpres
429 2335 490 2369 ille
510 2333 788 2380 elegantissimus
809 2335 887 2369 loco
907 2339 1104 2370 retractato
1123 2332 1334 2380 palinodiam
1353 2339 1468 2370 canat.

382 2403 422 2448 *)
443 2403 521 2437 Ut
510 2415 546 2437 in
570 2403 879 2450 propinationibus
900 2406 1058 2437 veterum
1078 2403 1297 2437 Graecorum
1318 2402 1522 2447 προτείνειν
1539 2374 1686 2448 (Achill.
1709 2403 1798 2438 Tat.

270 2461 303 2503 2,
323 2459 375 2503 2.)
395 2460 575 2506 proprium
596 2466 650 2495 est
671 2460 817 2495 verbum
835 2464 873 2494 et
890 2461 971 2506 ipsa
999 2458 1202 2505 propinatio
1216 2458 1436 2503 φιλοτησίας
1455 2459 1593 2494 nomine
1619 2460 1800 2506 significa·

268 2521 347 2560 tur,
375 2518 427 2551 ita
447 2518 541 2563 apud
561 2516 708 2551 Latinos
728 2517 926 2563 porrigere.
948 2517 1031 2551 vid.
1061 2516 1238 2550 Plutarch.
1260 2516 1411 2553 ConviV.
1432 2521 1525 2562 sept.
1556 2517 1709 2564 sapient.
1732 2517 1797 2554 VI.

268 2585 305 2616 p.
330 2573 410 2609 595.
432 2575 477 2609 R.
498 2581 536 2609 et
555 2574 674 2608 Schol.
694 2575 738 2608 ad
759 2574 903 2609 Lucian.
927 2574 1050 2619 Symp.
1068 2572 1124 2608 15.
1142 2585 1179 2619 p.
1195 2573 1279 2609 307.
1305 2570 1420 2608 Docte
1436 2574 1482 2609 de
1501 2574 1566 2608 hac
1585 2585 1624 2609 re
1640 2573 1798 2620 disput-at

270 2630 306 2662 C.
319 2631 362 2664 F.
373 2631 609 2675 Hermannus,
626 2630 688 2664 Vir
703 2630 786 2665 mihi
801 2630 1040 2674 amicissimus,
1057 2631 1102 2665 ad
1117 2629 1259 2665 Lucian.
1280 2630 1453 2672 Quomod.
1469 2631 1606 2666 Histor-
1621 2629 1795 2667 conscrib.

269 2692 383 2728 oport.
404 2689 460 2722 26.
491 2699 527 2733 p.
555 2688 621 2723 163
643 2699 696 2732 sq.
727 2688 835 2723 Locis
864 2686 947 2723 istic
970 2687 1122 2722 laudatis
1152 2687 1234 2722 addi
1261 2692 1410 2732 possunt
1429 2688 1552 2723 Jacob.
1574 2687 1619 2722 ad
1643 2686 1791 2722 Lucina.

267 2740 358 2776 Tox.
380 2755 415 2788 p.
430 2745 486 2779 92.
507 2745 625 2779 Heius.
647 2745 690 2779 ad
709 2744 774 2782 Sil.
790 2745 869 2779 Ital.
888 2746 943 2788 11,
960 2744 1041 2780 301.
1061 2746 1178 2789 Heyne
1195 2743 1239 2778 ad
1260 2745 1360 2791 Virg.
1383 2745 1471 2781 Aen.
1489 2747 1522 2790 1,
1535 2744 1617 2779 737.
1637 2742 1791 2787 interpp-

267 2797 308 2829 ad
330 2799 405 2833 Cic.
428 2801 538 2835 Tusc.
562 2803 593 2845 1,
614 2799 672 2846 40,
699 2802 756 2837 96.
788 2803 906 2837 Stuck.
927 2801 1048 2846 Antiq.
1069 2800 1208 2836 conviv.
1229 2801 1263 2844 3,
1286 2801 1342 2837 14.
1367 2813 1402 2848 p.
1423 2800 1504 2837 552.
1525 2809 1577 2845 sq.
1600 2798 1729 2833 Becker
1746 2797 1791 2832 ad

267 2853 359 2886 Gall.
376 2856 421 2889 ΙΙ.
443 2868 476 2901 p.
494 2855 574 2893 241.
598 2862 662 2902 et,
667 2858 793 2903 Uiber
809 2859 876 2893 den
893 2858 1083 2893 Gebrauch
1102 2857 1165 2893 des
1183 2858 1362 2896 Trinkens
1380 2878 1428 2886 —
1445 2875 1501 2885 —-
1522 2853 1627 2892 Nach
1640 2853 1790 2889 Gabriel

263 2909 439 2953 Peignot‘⁴
464 2914 499 2947 in
520 2915 794 2960 „Abendzeitg“
815 2915 918 2952 1837.
944 2916 992 2951 N.
1010 2914 1078 2951 173
1094 2934 1142 2940 —-
1162 2917 1242 2952 176.

1903 2871 1910 2878 ⁴.
1895 2851 1902 2859 ⁴·
1892 2842 1900 2846 '
1888 2779 1910 2835 ‘³34
1891 2709 1899 2715 ’
