1910 3138
247 141 331 184 168
386 142 669 183 COMMENT.
689 141 745 181 IN
764 141 892 181 HOR.
912 141 1014 183 Lm.
1034 143 1067 186 I.
1106 143 1272 183 EPIST.
1293 143 1451 183 TERT.
1471 140 1652 184 Dsscm
1736 146 1764 188 8
1808 167 1811 173 ,

243 269 294 307 rit
318 268 386 307 Ex
415 266 561 306 Jacobs
588 266 632 306 V.
659 280 700 318 Ρ.
730 267 811 308 171
834 279 934 318 sqq„
958 281 1118 320 quocum
1147 270 1246 308 conf.
1282 269 1515 308 Weichertt
1530 269 1659 309 Lectt.
1689 268 1767 309 Ve-

244 350 329 375 nus.
367 335 399 384 9.
427 339 468 379 8.
495 350 534 387 p.
567 336 635 376 82.
673 337 712 372 et
738 333 924 374 Diintzer
953 351 993 389 p.
1020 338 1098 379 101
1119 350 1205 388 sqq.
1246 337 1410 376 Proinde
1444 341 1550 376 recte
1580 338 1766 390 judicabis

245 405 306 444 vel
333 405 381 444 de
413 404 576 455 judicio,
613 403 714 453 quod
751 403 801 442 de
830 402 904 443 hoc
942 406 1118 457 epistolio
1151 405 1242 443 facit
1269 405 1329 443 D.
1360 406 1556 444 Heinsius
1589 407 1658 459 (de
1683 407 1768 446 Sat.

243 472 343 512 Hor.
375 471 480 510 Libr.
507 485 547 522 p.
575 470 670 511 163.
698 471 758 509 ed.
793 472 938 524 1612):
981 500 1007 524 ,‚
1018 473 1102 512 Huc
1140 477 1286 524 spectat
1317 476 1583 513 venustissima
1619 474 1684 513 illa
1717 474 1768 512 ad

244 540 409 579 Asellam
438 538 620 591 epistola,
660 551 774 589 quem
801 552 884 577 cum
909 540 1013 579 libris
1042 542 1119 580 suis
1148 542 1198 579 ad
1226 541 1438 592 Angustum
1464 543 1598 589 mittit;
1625 543 1665 580 in
1693 554 1769 594 qua

243 608 367 660 lepide
393 608 686 647 umbraticorum
707 620 832 646 mores
857 621 940 647 cum
966 608 1197 660 principibus
1226 609 1432 662 sistuntur,
1460 614 1526 648 aut
1552 611 1602 648 ad
1631 622 1698 648 eos
1726 622 1770 648 se

243 662 461 726 conferunt,
495 675 735 727 describit,“
772 675 832 715 vel
852 677 900 715 de
926 677 1130 728 codicillis,
1164 691 1260 728 quos
1295 678 1535 716 Sanadonus
1561 681 1769 730 praeeunte

241 742 406 782 Dacerio
435 746 484 782 ad
511 758 549 783 v.
580 747 618 786 1.
647 759 738 796 „un
765 744 871 784 billet
907 745 1132 784 instruefif“
1171 750 1307 797 vocat,
1345 747 1600 798 „qu'Horace
1636 746 1769 784 envoie

242 811 263 850 ὲ
293 811 390 851 celui
416 812 506 864 qu'il
534 814 635 851 avait
664 814 806 864 charge
833 814 881 851 de
909 817 1042 865 porter
1065 827 1115 852 un
1139 817 1281 865 paquet
1306 814 1329 852 a
1353 812 1567 864 Auguste.“
1608 814 1771 852 Verum-

240 884 367 918 tamen
394 881 509 931 digna
537 885 621 931 est,
651 895 747 932 quae
775 880 823 919 ab
853 882 1043 920 hominum
1071 882 1303 921 eruditorum
1331 882 1517 921 oblivione
1542 883 1769 931 vindicetur,

241 948 397 999 elegans
430 949 735 1000 Dorighellonis
771 949 1006 989 observatio:
1046 950 1170 1000 „Hoc
1210 951 1344 1000 exiguo
1381 950 1556 1002 epistolio
1586 950 1771 1001 quaedam

239 1015 383 1054 monita
409 1016 571 1055 inculcat
599 1018 732 1068 Vinio,
771 1019 830 1056 cui
859 1031 954 1056 onus
983 1018 1216 1069 imposuerat
1244 1019 1392 1056 ferendi
1428 1031 1519 1058 suos
1545 1017 1692 1056 libellos
1708 1018 1772 1055 ‘ad

238 1081 464 1134 Augustum.
531 1085 589 1124 Ex
616 1087 748 1137 paucis
780 1086 839 1123 his
867 1083 1061 1134 versibuS,
1100 1086 1164 1135 qui
1192 1085 1430 1135 negligenter
1465 1086 1639 1125 videntur
1666 1086 1771 1137 sacti,

239 1150 380 1202 Poeta,
409 1158 452 1192 ut
478 1166 524 1192 ex
545 1167 669 1205 ungue
695 1154 777 1205 leo,
806 1153 1037 1204 agnoscitur.
1088 1152 1224 1191 Vivide
1247 1157 1287 1191 et
1310 1154 1435 1204 lepide
1457 1155 1629 1205 jocatur3
1655 1165 1774 1206 parva

242 1223 282 1257 et
309 1222 452 1259 minuta
479 1235 524 1259 eo
560 1221 638 1260 sale
668 1223 818 1273 condit,
859 1234 934 1271 quo
966 1225 1121 1259 cunctas
1150 1221 1319 1260 Veneres
1351 1221 1515 1272 sapiunt.
1585 1222 1692 1260 Vinii·
1711 1222 1771 1260 in-

240 1289 391 1337 genium
426 1302 527 1328 novo
564 1290 728 1340 quodam
767 1293 807 1328 et
851 1288 954 1327 molli
995 1289 1171 1341 penicillo
1217 1288 1438 1339 adumbrat,
1484 1294 1574 1343 apte
1608 1294 1649 1329 et
1687 1293 1772 1328 cate

239 1354 451 1407 Augustum
478 1358 648 1396 laudat.“
1156 1402 1158 1405 .

359 1425 555 1476 Vinnius,
586 1429 772 1476 quatenus
800 1425 873 1462 tria
900 1426 1052 1463 nomina
1078 1424 1197 1463 latina
1215 1426 1316 1478 apud
1341 1425 1465 1465 Schol.
1497 1423 1633 1474 habet,
1658 1423 1772 1462 homo

239 1491 334 1530 liber
361 1493 453 1545 fuit,
493 1494 557 1545 qui
585 1494 624 1531 in
662 1492 798 1531 vicinia
833 1493 943 1532 villae
979 1493 1165 1544 Sabinae,
1203 1494 1517 1545 quemadmodum
1543 1490 1703 1531 Cervius
1735 1494 1774 1528 et

238 1559 402 1600 Arellius
412 1558 450 1613 *)
481 1560 581 1613 (Sat.
603 1564 651 1610 2,
675 1561 723 1611 6,
749 1562 818 1601 77.
846 1561 932 1612 78.)
957 1561 1151 1599 habitabat
1178 1563 1358 1613 cujusque
1392 1572 1510 1613 opera
1533 1559 1630 1599 Hor.
1659 1571 1774 1610 quum

240 1628 287 1664 ad
318 1630 440 1666 varias
469 1643 551 1678 res,
580 1633 661 1666 tum
685 1629 733 1666 ad
764 1629 942 1681 epistolas
963 1630 1211 1680 perferendas
1232 1643 1324 1667 usus
1345 1642 1433 1668 esse
1450 1628 1612 1666 videtur.
1665 1625 1775 1664 cha-
1795 1670 1800 1681 1

242 1693 371 1733 botius
395 1701 435 1734 et
467 1696 697 1747 Rappoltus
722 1697 893 1737 Vinnium
921 1711 992 1750 pro
1021 1697 1194 1736 familiari
1232 1698 1356 1749 aliquo
1385 1698 1537 1747 amico,
1563 1693 1776 1733 Rodelliue

244 1893 350 1937 (736)
366 1892 508 1937 joindre
530 1893 549 1925 a
569 1903 628 1926 ces
648 1892 740 1926 trois
760 1892 869 1927 livres
890 1892 1014 1928 d'odes
1037 1904 1095 1927 ses
1116 1894 1210 1929 deux
1229 1893 1340 1928 livres
1357 1892 1402 1927 de
1418 1892 1548 1927 satires
1568 1895 1607 1926 et
1622 1887 1677 1926 les
1698 1886 1777 1935 epi-

242 1955 320 1984 tres
343 1949 428 1996 qu'il
451 1949 550 1983 avait
569 1949 650 1994 deja
669 1949 831 1993 publiees
859 1952 1099 1994 separement.
1147 1952 1250 1985 C’est
1268 1961 1361 1996 pour
1390 1949 1507 1984 servir
1528 1945 1673 1983 d'envoi
1692 1946 1713 1980 a
1733 1956 1776 1979 ce

242 2007 380 2041 recueil
397 2006 483 2052 qu'il
503 2017 670 2050 composa
686 2005 833 2050 l’epitre
852 2006 968 2039 treize
989 2006 1033 2039 du
1053 2007 1145 2040 livre
1165 2007 1264 2042 Ier.“
1312 2007 1372 2040 Cf.
1393 2006 1444 2041 ib.
1468 2018 1507 2052 p.
1529 2003 1610 2041 235.
1640 2002 1776 2037 Contra

242 2064 422 2099 Rodellizoe
440 2063 642 2109 Epistulam
662 2073 718 2096 ao.
740 2058 830 2106 744,
852 2072 920 2107 quo
945 2074 1035 2097 anno
1057 2063 1148 2096 Hor.
1169 2062 1298 2097 Vinnio
1321 2063 1449 2097 librum
1465 2061 1528 2096 IV.
1559 2059 1716 2095 Odarum
1736 2062 1775 2092 et

243 2121 487 2167 Epistularum
505 2120 668 2154 volumen
688 2118 733 2152 ad
758 2119 946 2152 Caesarem
973 2119 1200 2153 deserendum
1219 2119 1434 2163 tradiderit,
1467 2115 1634 2162 scriptam
1654 2118 1772 2161 putat,

245 2178 290 2212 de
311 2178 435 2212 eodem
455 2188 545 2212 anno
567 2176 794 2210 consentiunt
812 2174 994 2218 Dacen'as,
1015 2175 1233 2218 Mervillius,
1258 2174 1487 2222 Dorighello,
1509 2173 1573 2209 sed
1592 2183 1656 2207 suo
1677 2171 1775 2217 quis-

247 2246 315 2281 que
335 2235 456 2270 modo:
476 2233 665 2276 Ducerz’us,
688 2232 744 2266 cui
764 2231 960 2266 assentitur
978 2231 1107 2276 Dara⁸⁷
1128 2232 1171 2266 ad
1191 2232 1436 2277 perferendam
1450 2229 1652 2277 Epistolam
1669 2229 1704 2273 2,
1725 2229 1776 2272 1.,
1837 2271 1845 2278 N

245 2291 456 2339 Dorighello
487 2291 532 2325 ad
560 2288 734 2324 mittenda
762 2292 921 2323 extrema
950 2289 1103 2323 carmina
1131 2292 1168 2322 et
1198 2288 1383 2333 epistolas.
1415 2288 1632 2322 senadonus
1660 2289 1779 2330 autem

247 2349 339 2384 hanc
360 2348 561 2395 Epistolam
580 2347 624 2382 ad
645 2347 777 2381 exitum
796 2345 878 2380 anni
897 2343 967 2380 743
979 2372 989 2387 ,
1025 2357 1093 2391 quo
1113 2345 1239 2378 Vinius
1267 2344 1469 2390 Epistolam
1488 2346 1508 2379 2
1521 2370 1530 2388 ,
1561 2344 1595 2378 1.
1628 2341 1779 2377 Caesari

249 2407 394 2440 tradere
409 2407 530 2451 jussus
549 2403 610 2439 sit.
634 2404 722 2437 Cum
739 2403 795 2438 his
816 2401 909 2436 conf.
930 2402 1069 2436 Richter
1089 2402 1132 2437 ad
1153 2402 1255 2436 Suet.
1274 2402 1351 2436 Vit.
1371 2402 1462 2436 Hor.
1485 2413 1523 2447 p.
1545 2401 1615 2435 170
1627 2399 1776 2443 ·-‚18o.

250 2461 393 2509 Zumpt.
416 2475 476 2508 ap.
495 2462 742 2496 Wiistemann.
761 2471 798 2506 p.
818 2459 873 2494 19.
895 2459 1031 2503 Teuffel
1048 2459 1086 2492 in
1110 2459 1298 2503 ‚,Horaz.“
1319 2458 1501 2503 (Tiibing.
1527 2453 1638 2501 1843)
1658 2467 1696 2501 p.
1717 2451 1776 2491 24.

252 2519 332 2559 Quo
353 2523 468 2554 autem
484 2519 566 2564 jure
587 2523 724 2552 certum
742 2529 821 2551 esse
842 2515 938 2551 dicat
957 2516 1124 2550 Streuber
1143 2516 1198 2561 (p.
1217 2515 1316 2559 166),
1336 2516 1426 2550 hanc
1441 2513 1641 2561 Epistolam
1656 2511 1779 2556 singil-

251 2573 350 2609 latim
374 2577 506 2610 editam
527 2587 625 2618 esse,
656 2587 710 2609 me
737 2574 851 2619 fugit,
879 2582 994 2618 neque
1021 2572 1098 2618 ipse
1127 2583 1266 2607 causam
1287 2575 1405 2607 certae
1423 2571 1519 2607 illius
1549 2570 1604 2605 rei
1624 2567 1776 2603 addidit.

362 2631 402 2676 *)
426 2632 565 2673 Quibus
586 2632 629 2666 de
651 2631 764 2666 causis
784 2629 942 2665 Dfintzer
962 2630 1026 2673 (Π.
1047 2642 1084 2675 Ρ.
1102 2625 1206 2672 417.)
1234 2630 1315 2664 illos
1337 2642 1403 2675 pro
1422 2628 1517 2664 fictis
1536 2624 1697 2673 personis
1715 2622 1778 2658 ha-

252 2687 336 2721 beat
348 2715 357 2730 ‚
378 2694 550 2734 exputare
571 2700 720 2734 nequeo.
751 2687 857 2729 Quod
874 2686 1055 2727 Pausanias
1074 2686 1121 2720 N.
1140 2687 1222 2721 282.
1242 2686 1407 2721 Vinnium
1421 2688 1571 2732 propter
1583 2691 1778 2726 cognomen

251 2743 393 2778 Asellae
413 2757 554 2780 servum
572 2746 684 2780 fuisse
703 2744 918 2791 suspicatur,
936 2755 1087 2787 vereor,
1110 2755 1154 2777 ne
1174 2743 1255 2778 huic
1274 2741 1472 2788 cognomini
1489 2738 1627 2774 nimium
1640 2736 1778 2772 tribue-

254 2798 316 2835 rit.
349 2800 463 2835 Porro
489 2802 696 2838 Torrentius
714 2802 879 2837 Vinnium
898 2812 964 2848 pro
984 2800 1119 2835 rustico
1141 2803 1178 2835 et
1197 2813 1240 2836 eo
1262 2799 1401 2847 quidem
1419 2799 1555 2834 Poetae
1573 2795 1610 2829 in
1631 2793 1775 2830 Sabini·

254 2854 371 2890 vicino
392 2856 527 2894 habuit.
