1910 3138
103 163 186 207 155
233 163 509 205 commu
528 162 587 202 IN
605 163 729 203 HOR.
753 162 852 202 LIB.
876 163 909 202 1.
938 162 1103 205 EPIST.
1123 161 1499 203 UNDEvlcsssm.
1524 159 1631 217 {⁵⁰3

105 289 151 315 ae
177 279 356 324 m
383 288 478 314 voce
504 279 583 315 tam
617 277 755 315 misere
782 276 975 325 clamavit,
1015 281 1058 315 ut
1091 276 1256 327 diruptio
1289 275 1350 314 vel
1378 277 1539 315 saucium
1570 276 1632 316 vel

104 343 319 395 puin-nnn
340 345 541 383 metuenda
558 345 759 387 videretur.
805 345 1011 383 Nostrates
1033 345 1083 382 de
1098 344 1165 382 tali
1186 344 1357 385 homine:
1383 357 1457 395 „er
1478 343 1633 392 sehr-eit,

104 412 165 452 ab
184 411 312 453 volite
337 425 381 451 er
408 411 489 449 sich
517 412 587 450 das
611 411 715 450 Herz
739 413 788 450 im
818 411 939 451 Leibe
964 413 1206 456 zerreissen“
1231 411 1292 450 vel
1321 426 1395 464 „er
1418 413 1526 452 hiitte
1552 412 1632 450 sich

106 492 155 519 an
180 479 311 530 Tode.
327 479 498 519 schreien
526 479 707 530 mogenf‘
754 480 864 525 Quae
898 480 1051 530 quidem
1087 480 1262 530 ambigua
1296 480 1412 518 dictio
1438 493 1487 520 eo
1513 480 1633 530 magis

105 546 319 587 macuati
340 547 456 586 risum
482 559 635 586 movere
664 547 818 595 debuit,
842 562 918 599 quo
941 549 1069 586 notior
1095 547 1255 585 hominis
1281 547 1381 586 illins
1403 547 1568 588 clamosa
1593 552 1635 586 et

106 613 298 654 laboriosa
324 614 384 653 vel
412 613 637 653 declamatio
665 615 727 654 vel
757 616 929 654 recitatio
958 616 1041 653 fuit.
1083 616 1164 653 Sed
1195 616 1305 665 hujus
1339 617 1414 656 loci
1441 615 1635 655 ridiculum

104 681 300 734 snper-late
318 682 467 720 dicendi
490 695 610 732 genus
631 695 700 720 eos
727 682 842 732 sugit,
865 684 930 734 qui
948 687 989 720 ut
1015 682 1273 720 Wielandius
1295 683 1460 722 herniam
1482 683 1633 734 factum,

104 753 148 788 ut
168 748 445 802 Haberseldus
466 749 716 799 diruptionem
740 763 938 800 venarum,
963 755 1006 788 ut
1026 751 1267 803 Doeringius
1291 751 1415 801 ilium,
1444 755 1486 788 ut
1515 750 1634 790 Wei-

106 816 263 855 cherma
299 818 428 868 (quem
463 821 671 867 sequuntur
713 817 889 855 Orellim
926 822 965 856 et
1002 818 1303 869 Dillenhurger)
1340 818 1633 868 diaphragmatis

106 884 332 935 intelligunt.
384 885 521 935 Neque
549 884 770 934 defuerunt,
809 886 895 936 qui,
937 899 987 923 ne
1029 887 1120 937 quid
1151 885 1427 937 probabilitatis
1465 888 1633 937 deesset,

107 951 239 990 Crassi
264 952 474 1003 exemplum
495 956 586 1003 post
613 953 1008 1004 orationem-habitam
1033 954 1196 1004 septimo
1225 954 1286 991 die
1310 954 1446 991 mortui
1465 953 1567 1004 (Cic.
1584 955 1634 993 de

107 1019 178 1058 Or.
205 1019 250 1069 8,
278 1021 320 1070 2,
345 1020 403 1070 6.)
430 1026 702 1071 proponerent.
747 1021 799 1060 At
826 1026 868 1060 ut
895 1035 1002 1060 error
1027 1035 1097 1072 per
1126 1021 1255 1059 secula
1286 1022 1450 1071 gliscens
1479 1022 1635 1061 tandem

107 1085 308 1137 aliqnando
335 1087 581 1136 reprimatur,
623 1089 876 1140 exemplorum
901 1088 1176 1140 ὑπερβολικῶς
1202 1090 1413 1127 sonantium
1437 1090 1636 1128 excitanda

108 1154 222 1205 copia
245 1158 318 1194 est.
359 1154 441 1195 Sat.
474 1157 514 1204 l,
535 1155 578 1205 3,
613 1156 706 1198 135.
739 1157 1172 1209 miserque'Rumperis
1200 1165 1236 1194 et
1259 1157 1411 1202 latras,
1441 1158 1467 1196 i.
1493 1171 1528 1196 e.
1557 1157 1637 1196 cla-

106 1221 243 1259 mando
277 1234 400 1272 paene
427 1223 694 1274 disrumperis,
725 1225 967 1263 Kirchners·
987 1228 1071 1276 „du
1098 1227 1231 1265 Armet
1260 1226 1448 1276 Sprengst
1483 1225 1542 1262 dir
1572 1225 1635 1262 die

106 1287 220 1327 Kehl'
247 1289 323 1327 und
352 1289 508 1332 bellst.“
549 1291 628 1332 Cic.
659 1292 782 1344 Epist.
806 1295 856 1331 ad
882 1293 968 1332 Div.
999 1296 1043 1342 7,
1070 1296 1109 1343 1,
1141 1291 1207 1335 14.
1247 1293 1402 1342 Dirupi
1426 1306 1554 1342 paene
1573 1307 1635 1330 me

105 1358 151 1394 in
164 1356 325 1404 judicio
358 1357 499 1404 Galli,
535 1360 562 1398 i.
591 1372 625 1397 e.
655 1360 859 1404 clamando,
893 1362 977 1401 Juv.
1006 1364 1048 1410 7,
1087 1364 1182 1402 117.
1211 1362 1258 1399 de
1287 1361 1452 1398 clamoso
1483 1361 1632 1399 rabula:

107 1424 270 1475 Rumpe
295 1426 412 1463 miser
436 1433 586 1463 tensum
600 1430 746 1474 jecur,
775 1436 822 1466 ut
851 1429 927 1466 tibi
951 1429 1057 1466 lasso
1086 1428 1315 1480 Fingantar
1342 1428 1487 1465 virides
1498 1457 1515 1474 ,
1542 1442 1635 1466 sca-

107 1491 242 1531 larum
264 1492 427 1544 gloria,
446 1494 623 1544 palmae.
662 1495 720 1534 De
748 1509 790 1535 re
818 1498 928 1536 simili
952 1498 1061 1538 Varr.
1089 1498 1170 1534 Sat.
1189 1497 1358 1547 Menipp.
1380 1497 1450 1545 92,
1472 1498 1508 1536 1.
1538 1498 1635 1534 Pri-

108 1573 281 1610 usquam
305 1562 351 1598 in
378 1561 577 1599 orchestra
598 1563 814 1614 pythaules
839 1567 980 1616 infleat
1013 1564 1161 1610 tibias,
1194 1563 1303 1601 domi
1338 1577 1435 1600 suae
1468 1566 1636 1602 ramices

108 1629 272 1677 rumpit.
313 1628 423 1668 Anct.
448 1627 567 1668 Gulic.
599 1632 692 1671 180.
721 1631 788 1681 (ib.
810 1633 948 1684 Sillig.)
978 1632 1194 1683 Spiritibus
1213 1634 1363 1682 rumpit
1379 1633 1536 1683 fauces.
1579 1633 1636 1670 Ita

108 1698 148 1732 et
178 1695 338 1746 Graeci,
378 1701 420 1735 ut
453 1696 610 1738 Lucian.
648 1698 760 1738 Char.
798 1702 863 1741 21.
902 1696 956 1752 ἢν
989 1700 1057 1740 καὶ
1093 1698 1140 1741 σῦ
1174 1698 1371 1754 κεκραγώς
1405 1700 1636 1756 διαῤῥαγῇς.

108 1762 283 1807 Quinimo
312 1763 395 1814 ipse
418 1764 524 1803 locus
552 1765 713 1805 clamore
739 1769 876 1820 rumpi
898 1769 1058 1816 dicitur,
1088 1773 1130 1806 ut
1156 1768 1288 1818 Polyb.
1311 1769 1377 1816 15,
1402 1768 1470 1810 32.
1499 1769 1636 1819 κατεῤ-

103 1827 286 1882 ,ῥήγνυτο
311 1834 390 1879 πᾶς
415 1830 437 1872 ὁ
463 1829 586 1881 τόπος
608 1831 691 1875 ὖπό
719 1837 791 1875 τοῦ
818 1838 968 1887 κροτοῦ
994 1835 1061 1876 καὶ
1096 1836 1168 1887 τῆς
1193 1838 1382 1888 κραυγῆς.
1422 1836 1527 1886 Virg.
1560 1837 1634 1874 Ge.

107 1897 151 1946 3,
175 1898 272 1940 328.
309 1898 377 1948 (ib.
406 1900 548 1950 Heyn.)
586 1909 708 1939 cantu
735 1904 925 1954 querulae
951 1911 1136 1954 rumpent
1168 1903 1334 1940 arbusta
1360 1903 1521 1944 cicadae
1549 1904 1635 1941 coll.

108 1964 208 2014 COP·
239 1965 308 2004 27·
334 1965 420 2004 Juv-
448 1970 486 2018 1,
516 1969 583 2009 13.
613 1971 680 2019 (ib.
700 1971 875 2022 Rupert.)
902 1972 1064 2009 assiduo
1091 1979 1233 2022 ruptae
1254 1971 1395 2007 lec-tore
1414 1971 1634 2008 columnae.

108 2031 187 2069 Sed
215 2035 254 2068 et
277 2032 317 2069 in
350 2033 423 2071 alia
456 2048 498 2073 re
526 2038 657 2076 eadem
691 2039 938 2090 hyperbolice
971 2040 1120 2077 dicendi
1156 2040 1408 2087 consuetudo,
1445 2043 1486 2075 ut
1514 2037 1637 2076 Plaut.

107 2098 226 2144 Merc-
254 2100 295 2147 1,
323 2100 364 2149 2,
393 2101 460 2143 40.
489 2117 607 2155 opera
635 2105 724 2144 licet
751 2107 962 2156 Experiri,
995 2108 1066 2157 qui
1088 2120 1148 2143 me
1171 2108 1266 2157 rupi
1291 2120 1416 2143 causa
1444 2106 1636 2143 currendo

107 2172 192 2205 tua.
235 2167 334 2204 lbid.
369 2168 518 2219 Captiv.
546 2173 642 2223 prol.
673 2173 737 2215 14.
774 2174 934 2212 Terent.
966 2174 1104 2223 Hecyr.
1132 2174 1175 2222 3,
1204 2172 1247 2222 4,
1273 2176 1339 2214 21.
1368 2174 1436 2224 (ib.
1466 2174 1635 2226 Ruhnk.)

108 2240 153 2270 ul
177 2247 239 2271 me
265 2233 512 2276 ambulando
538 2250 746 2292 rumperet.
792 2242 900 2279 Pers.
917 2241 960 2290 3,
990 2243 1059 2282 28.
1096 2241 1328 2291 pulmonem
1346 2254 1523 2292 rumpere
1540 2254 1638 2279 ven-

107 2393 144 2436 3,
164 2393 224 2428 30.
253 2395 415 2430 Praeivit.
445 2397 598 2434 Vonsim:
627 2400 717 2443 „Da
745 2411 785 2433 er
812 2399 889 2432 dem
913 2398 1132 2432 stfidtischen
1162 2399 1244 2433 Ton
1266 2399 1444 2445 nachrang
1470 2400 1539 2434 und
1558 2400 1637 2436 dem

109 2448 269 2493 feurigen
290 2453 488 2498 Vortrag.“
525 2455 618 2489 Malo
638 2456 798 2501 equidem
818 2455 950 2488 sentire
971 2465 1047 2488 cum
1065 2454 1246 2489 Diintzero
1264 2467 1301 2501 p.
1321 2458 1423 2495 522.=
1443 2456 1637 2500 „Uram

109 2505 200 2538 kann
215 2505 294 2540 hier
314 2509 407 2543 wohl
426 2521 491 2544 nur
515 2512 579 2544 auf
594 2512 662 2546 den
685 2513 800 2554 Witz,
821 2510 918 2544 nicht
938 2511 1000 2544 auf
1014 2510 1071 2544 die
1091 2511 1246 2555 Eleganz
1267 2512 1332 2545 der
1345 2513 1504 2558 Sprache
1522 2513 1634 2558 ζώεις

110 2572 149 2594 er
169 2561 289 2596 woute
311 2575 353 2597 es
379 2565 434 2598 als
463 2567 626 2611 witziger
652 2568 796 2602 Redner
815 2566 893 2600 dem
918 2566 1133 2612 Timagenes
1159 2567 1378 2612 zuvorthuu,
1400 2569 1517 2604 indam
1535 2582 1576 2605 er
1595 2582 1636 2605 es

110 2616 220 2650 durch
239 2619 338 2653 seine
352 2621 543 2666 gewaltige
562 2623 708 2658 Stimme
726 2623 830 2657 allein
851 2623 1032 2656 erreichen
1048 2633 1091 2656 zu
1108 2624 1244 2658 konnen
1264 2624 1448 2669 glaubte.“
1481 2627 1561 2661 Cic.
1577 2638 1632 2672 pr.

110 2673 211 2707 Dom.
231 2684 294 2707 sna
311 2671 371 2719 34,
390 2676 450 2711 92.
477 2677 609 2712 inducia
637 2680 741 2714 etiam
770 2690 961 2713 sermonem
979 2680 1154 2714 urbanum
1174 2691 1215 2715 ae
1232 2687 1428 2717 mmmm.
1461 2683 1635 2718 Fortasse

111 2729 178 2763 hnc
194 2731 355 2775 respexit
374 2732 456 2766 Cat.
477 2733 572 2767 Dist.
589 2734 625 2777 3,
645 2737 702 2770 20.
749 2735 845 2768 Inter
862 2735 1023 2768 convivas
1040 2739 1109 2780 sac
1125 2735 1171 2770 ⁸⁸⁴8
1187 2749 1347 2772 sermone
1365 2740 1551 2786 moderna,
1578 2740 1635 2775 Ne

110 2786 243 2877 dicareh
249 2788 402 2833 loquax,
432 2790 518 2824 dum
537 2789 587 2823 uis
604 2791 761 2826 urbanus
781 2790 921 2833 haberi,
942 2790 1001 2825 ubi
1019 2793 1227 2829 Amtzem'us
1243 2805 1281 2840 p.
1305 2793 1384 2830 185.
1411 2795 1503 2831 hunc
1522 2797 1632 2832 locum

110 2847 215 2876 centu
231 2842 272 2878 ’t.
