1910 3138
83 154 165 196 1⁷3
216 153 493 195 com.
513 154 570 195 IN
588 155 713 196 HOB.
738 155 840 195 LIB.
854 156 886 195 1.
913 155 1077 196 EPIST.
1093 155 1463 197 UNDvaEsm.
1520 151 1602 196 521

79 266 135 305 ita
160 270 204 305 ut
228 267 437 306 cir-inicorum
462 272 607 315 sectae,
630 268 788 319 collegia
812 268 1052 320 („cliques“)
1079 269 1219 308 XXXV
1246 269 1318 308 illis
1343 269 1514 309 tribubus
1533 283 1602 322 po·

78 333 156 385 puli
175 334 333 374 Romani
356 340 631 387 comparentur.
680 336 948 374 Grammatici
973 341 1095 375 autem
1128 337 1192 386 (A.
1216 336 1261 376 Ρ.
1290 337 1363 388 78)
1393 342 1503 387 sunt,
1537 338 1602 388 qui

79 402 192 452 251,
218 402 289 444 51.
317 407 358 440 et
384 415 408 440 a
436 402 621 441 Cicerone
641 403 783 455 (Epist.
808 405 856 442 ad
882 402 967 441 Div.
988 405 1030 452 9,
1054 404 1119 451 10,
1147 403 1208 455 3.)
1237 406 1366 443 critici
1389 405 1602 457 (,‚Aesthe-

77 471 198 517 tiker,
224 469 536 521 Kunstrichter“)
566 476 761 509 vocantur.
806 470 838 508 li
865 471 1094 522 explicandis
1120 473 1276 511 maxime
1295 473 1482 513 veteribus
1508 485 1601 524 poe·

77 538 131 580 tis,
150 551 304 589 operam
332 542 514 576 navantes
537 539 586 577 de
622 539 714 590 ipsis
742 539 821 576 fere
852 540 1079 577 sententiam
1108 540 1303 591 ferebant,
1338 553 1414 592 quo
1442 541 1600 592 quisque

73 603 160 643 loco
185 606 385 657 ponendus
410 610 531 651 esset3
570 609 800 657 quapropter
826 618 938 656 quam
966 607 1037 644 vim
1066 609 1104 645 in
1131 608 1266 658 vulgus
1302 612 1341 646 et
1371 607 1599 660 plebeculam

73 671 259 711 litet-atam
283 673 481 712 habuerint
509 678 549 712 et
573 687 685 724 quam
714 686 790 712 non
821 675 958 711 curarit
986 675 1167 713 Horatius
1197 689 1325 714 eorum
1353 676 1434 714 leve
1459 688 1503 714 ac
1529 687 1599 726 pa-

74 752 159 778 rum
186 745 397 779 accuratum
437 741 485 779 de
514 741 702 780 veteribus
731 745 770 780 et
800 743 1014 780 recentibus
1044 745 1168 794 poetis
1196 745 1395 795 judicium,
1434 757 1479 782 ex
1510 743 1597 795 Epi·

76 808 178 846 stola
204 811 246 858 2,
274 810 314 849 1.
343 808 452 847 facile
479 810 713 860 perspicitur.
758 809 848 847 Inde
875 810 985 850 Mart.
1012 813 1078 862 10,
1108 814 1175 861 21,
1206 813 1244 854 5.
1273 826 1370 850 sane
1397 825 1485 849 mea
1507 825 1599 849 car-

77 875 214 921 mina,
245 875 378 924 Sexte,
404 878 681 928 grammaticis
700 876 863 928 placent
887 886 922 916 et
947 880 1031 916 sine
1053 883 1343 932 grammaticis.
1384 881 1475 920 Non
1492 881 1597 932 ipsos

74 947 199 981 autem
227 944 523 993 Grammaticos,
552 946 622 983 sed
649 945 820 984 homines
846 946 989 985 altioris
1021 948 1215 986 doctrinae
1242 949 1412 997 laudem,
1442 947 1502 986 vel
1525 961 1597 999 po-

73 1011 147 1049 tins
176 1012 342 1063 speciem
373 1025 465 1063 prae
492 1026 535 1051 se
560 1014 726 1052 ferentes
755 1018 794 1051 et
818 1013 882 1052 illo
909 1016 1058 1054 nomine
1087 1020 1231 1054 tantum
1259 1017 1358 1054 salse
1385 1015 1596 1067 appellatos

71 1078 228 1129 intelligi
260 1079 339 1117 vult
375 1079 647 1132 Doeringc'us,
688 1082 757 1120 sed
792 1083 890 1122 conf.
935 1083 978 1124 C.
1006 1085 1173 1121 Passov.
1209 1085 1261 1123 N.
1293 1085 1381 1132 13.,
1415 1084 1596 1134 imprimis

72 1146 288 1185 Mamonis
313 1147 577 1196 „Vermischte
597 1148 924 1200 Abhandlungen“
951 1165 990 1202 p.
1016 1152 1069 1192 65
1089 1165 1174 1203 sqq.
1196 1152 1278 1201 96.,
1306 1151 1381 1188 Al·
1412 1150 1594 1190 Willis-'ll-

70 1213 111 1251 in
147 1213 282 1264 Progr.
312 1215 457 1255 Isennc.
488 1214 610 1257 1844.
642 1218 691 1255 de
735 1217 1115 1256 Grammatistarum
1152 1225 1190 1258 et
1232 1220 1594 1257 Grammaticorum

70 1281 186 1332 apud
210 1282 414 1320 Romanos
436 1282 582 1320 scholis
607 1297 646 1335 p·
672 1287 698 1325 7
725 1298 810 1336 sqq.
839 1291 878 1325 et
905 1300 1003 1337 quos
1032 1287 1186 1326 laudant
1214 1287 1282 1327 Fr.
1318 1286 1456 1324 Gotth.
1485 1287 1594 1330 Frit-

70 1348 206 1387 achan
239 1351 278 1388 in
315 1351 572 1389 commentat.
616 1352 665 1390 de
700 1354 852 1404 origine
886 1363 1007 1407 atque
1036 1356 1170 1393 indole
1196 1363 1593 1407 progymnasmatum

69 1416 248 1456 rhetoric.
278 1418 414 1457 Partie.
445 1419 473 1457 1.
505 1420 656 1459 Grimae
683 1421 803 1462 1839.
841 1436 878 1474 p.
911 1424 950 1464 8.
978 1424 1030 1462 N.
1062 1425 1128 1465 11.
1158 1428 1198 1462 et
1238 1425 1296 1462 A.
1330 1424 1590 1462 Baumstark.

69 1485 110 1522 in
128 1485 261 1535 Paulyi
284 1485 737 1539 ‚,ReaJ-Encye10p5die“
756 1489 820 1530 111.
847 1503 886 1541 p.
903 1491 986 1532 950
1004 1503 1089 1542 sqq.
1127 1492 1179 1530 At
1199 1506 1265 1531 eos
1285 1505 1435 1544 quoque
1458 1497 1590 1530 taxan-

69 1552 142 1590 dos
169 1565 329 1602 censeo,
358 1554 421 1604 qui
448 1559 490 1593 ut
524 1555 720 1594 Gesnerus
743 1562 782 1595 et
804 1557 1062 1596 Schiraclzius
1093 1560 1186 1598 viles
1211 1573 1412 1610 puerorum
1434 1559 1590 1598 ludima-

69 1619 211 1669 gistros
247 1620 332 1658 coll.
365 1622 435 1673 20,
472 1623 539 1662 17.
575 1622 635 1661 hic
670 1625 888 1663 odorantur.
948 1625 1093 1664 Pravae
1126 1627 1448 1677 interpretationis
1483 1628 1590 1679 quasi

67 1691 241 1726 auctores
264 1687 501 1740 Porphyrion
529 1694 569 1729 et
596 1691 749 1732 Auctar.
778 1692 1028 1732 commentat.
1057 1698 1133 1733 vet.
1162 1695 1262 1745 apud
1291 1695 1407 1746 Cruq.
1437 1710 1475 1747 p.
1494 1695 1589 1738 694.

67 1758 176 1804 sunt,
221 1756 285 1806 qui
320 1760 635 1808 ,grammaticas
673 1759 801 1798 tribus
834 1762 956 1813 ipsam
993 1761 1260 1813 discipulorum
1299 1762 1586 1810 multitudinem,

60 1822 225 1872 pulpita
251 1836 341 1862 vero
367 1826 472 1876 ipsos
499 1828 697 1877 magistros
728 1829 831 1866 dici“
858 1830 975 1880 ajunt,
1023 1830 1138 1868 Immo
1161 1829 1326 1880 pulpita
1352 1831 1411 1869 hic
1438 1832 1587 1882 quidem

65 1891 388 1939 grammaticorum
417 1894 636 1945 cathedrae,
668 1909 689 1934 e
727 1897 862 1946 quibus
899 1901 1073 1949 poemata
1100 1901 1138 1935 et
1174 1898 1428 1937 recitabantur
1455 1906 1493 1938 et
1523 1913 1586 1938 ex-

64 1957 316 2009 plicabantur;
355 1960 433 1999 vid.
472 1961 611 2003 Rader.
649 1964 697 2001 ad
733 1964 846 2005 Mart.
877 1968 915 2013 1,
948 1967 1002 2006 63
1031 1966 1147 2016 (77),
1189 1967 1253 2007 13.
1283 1966 1378 2004 Illic
1405 1967 1462 2018 (in
1484 1967 1585 2018 soro)

63 2038 160 2062 aera
187 2033 351 2064 sonant:
377 2035 424 2064 at
448 2030 597 2068 circum
612 2031 778 2082 pulpita
807 2041 943 2070 nostm
971 2034 1027 2070 Et
1055 2033 1204 2071 steriles
1234 2034 1443 2071 cathedras
1472 2034 1585 2072 basia

62 2092 149 2130 sola
177 2101 353 2144 crepant.
399 2096 554 2140 Quintil.
581 2099 673 2137 Inst.
699 2101 765 2150 11,
797 2102 839 2151 3,
870 2102 963 2142 130.
993 2115 1117 2153 quum
1146 2102 1189 2137 in
1216 2109 1386 2153 angusto
1413 2103 1583 2154 quodam

56 2159 217 2210 pulpito
245 2168 357 2200 stans
383 2163 536 2203 diceret.
576 2167 733 2204 Sueton.
761 2168 808 2206 de
838 2169 893 2206 lll.
924 2171 991 2206 Gr.
1021 2168 1060 2210 4.
1089 2176 1216 2218 repeto
1240 2170 1438 2220 quendam
1461 2172 1582 2209 Prin-

63 2228 189 2278 cipem
206 2231 364 2267 nomine
389 2252 436 2258 -——
452 2239 544 2281 post
562 2235 761 2271 meridiem
782 2241 925 2271 remoto
938 2236 1099 2286 pulpito
1118 2236 1341 2273 declamare
1356 2238 1514 2276 solitum
1529 2238 1581 2292 *),

62 2293 122 2333 De
140 2296 246 2333 simili
266 2297 370 2336 verbi
388 2297 591 2337 ambiendi
607 2315 676 2339 usu
699 2303 747 2342 cf.
768 2301 892 2339 Tacit.
918 2301 1015 2341 Dial.
1033 2305 1071 2343 9.
1097 2317 1239 2355 rogare
1257 2304 1359 2342 ultro
1380 2313 1417 2343 et
1433 2307 1582 2346 ambire

63 2371 252 2414 cogatur,
280 2372 325 2402 ut
349 2367 429 2402 sint
457 2369 528 2418 qui
543 2369 758 2419 dignentur
784 2368 946 2406 ambire.
996 2369 1071 2414 Qui
1092 2371 1130 2407 in
1157 2370 1223 2407 illo
1252 2373 1366 2410 verbo
1395 2389 1471 2414 non
1499 2383 1579 2416 stu-

62 2429 162 2467 dium
189 2430 372 2470 benevola
408 2436 583 2485 captandi
610 2437 788 2486 suffragia
826 2437 987 2474 virorum
1023 2437 1275 2487 eruditorum,
1315 2441 1384 2478 sed
1412 2448 1577 2493 optatum

61 2497 206 2547 vident,
243 2502 283 2536 ut
310 2502 537 2550 grammatici
572 2504 597 2540 i.
632 2517 664 2541 e.
701 2503 947 2554 ludimagistri
984 2504 1211 2544 Horatianos
1241 2506 1356 2546 libros
1389 2510 1576 2562 discipulis

61 2564 285 2604 ediscendus
321 2580 533 2618 proponere
564 2570 695 2620 velint,
732 2570 979 2609 deliramenta
1010 2585 1149 2623 pravae
1183 2575 1369 2626 opinionis
1403 2579 1572 2619 fundunt.

63 2631 175 2670 Conf.
203 2634 243 2682 2,
271 2636 312 2682 2,
338 2633 432 2674 103.

172 2773 211 2824 *)
245 2779 446 2816 Torrentem
461 2783 599 2828 pulpita
622 2784 679 2818 hic
698 2797 763 2829 pro
785 2786 962 2823 auditorio
985 2790 1148 2837 accipere
1171 2794 1321 2840 mavult,
1350 2801 1484 2842 partem
1501 2809 1567 2845 pro

58 2839 155 2879 tot03
179 2836 240 2872 sed
254 2838 346 2874 conf.
368 2838 551 2874 Weiclzert.
570 2839 594 2877 l.
610 2840 634 2875 1.
654 2853 688 2887 p.
702 2841 759 2876 98.
