<?xml version="1.0" encoding="UTF-8"?>
<!DOCTYPE html PUBLIC "-//W3C//DTD XHTML 1.0 Transitional//EN"
    "http://www.w3.org/TR/xhtml1/DTD/xhtml1-transitional.dtd">
<html xmlns="http://www.w3.org/1999/xhtml" xml:lang="en" lang="en">
 <head>
  <title>
</title>
<meta http-equiv="Content-Type" content="text/html;charset=utf-8" />
  <meta name='ocr-system' content='tesseract 3.04.00' />
  <meta name='ocr-capabilities' content='ocr_page ocr_carea ocr_par ocr_line ocrx_word'/>
</head>
<body>
  <div class='ocr_page' id='page_1' title='image "./epistolascomment02horauoft_0162.png"; bbox 0 0 1910 3138; ppageno 0'>
   <div class='ocr_carea' id='block_1_1' title="bbox 283 220 1847 270">
    <p class='ocr_par' dir='ltr' id='par_1_1' title="bbox 283 220 1847 270">
     <span class='ocr_line' id='line_1_1' title="bbox 283 220 1847 270; baseline 0.002 -6"><span class='ocrx_word' id='word_1_1' title='bbox 283 220 368 264; x_wconf 81' lang='lat'><strong>156</strong></span> <span class='ocrx_word' id='word_1_2' title='bbox 405 222 787 263; x_wconf 85' lang='lat' dir='ltr'><strong>COMMENTARII</strong></span> <span class='ocrx_word' id='word_1_3' title='bbox 806 222 861 262; x_wconf 88' lang='lat' dir='ltr'><strong>IN</strong></span> <span class='ocrx_word' id='word_1_4' title='bbox 882 222 1104 264; x_wconf 84' lang='lat' dir='ltr'><strong>HORATII</strong></span> <span class='ocrx_word' id='word_1_5' title='bbox 1122 223 1223 265; x_wconf 75' lang='lat' dir='ltr'><strong>LIB.</strong></span> <span class='ocrx_word' id='word_1_6' title='bbox 1238 226 1267 265; x_wconf 92' lang='lat'><strong>1.</strong></span> <span class='ocrx_word' id='word_1_7' title='bbox 1295 224 1712 268; x_wconf 27' lang='lat' dir='ltr'><strong>EplsTUDmm</strong></span> <span class='ocrx_word' id='word_1_8' title='bbox 1750 226 1847 270; x_wconf 68' lang='lat'><strong>156.</strong></span> 
     </span>
    </p>
   </div>
   <div class='ocr_carea' id='block_1_2' title="bbox 273 346 1862 2987">
    <p class='ocr_par' dir='ltr' id='par_1_2' title="bbox 282 346 1833 607">
     <span class='ocr_line' id='line_1_2' title="bbox 284 346 1832 405; baseline 0.002 -18"><span class='ocrx_word' id='word_1_9' title='bbox 284 348 355 399; x_wconf 81' lang='lat'><strong>47,</strong></span> <span class='ocrx_word' id='word_1_10' title='bbox 384 349 423 390; x_wconf 94' lang='lat'><strong>5.</strong></span> <span class='ocrx_word' id='word_1_11' title='bbox 456 349 497 397; x_wconf 95' lang='lat'><strong>7,</strong></span> <span class='ocrx_word' id='word_1_12' title='bbox 523 347 594 397; x_wconf 84' lang='lat'><strong>35,</strong></span> <span class='ocrx_word' id='word_1_13' title='bbox 615 348 653 387; x_wconf 90' lang='lat'><strong>7.</strong></span> <span class='ocrx_word' id='word_1_14' title='bbox 683 348 733 385; x_wconf 88' lang='lat' dir='ltr'><strong>ad</strong></span> <span class='ocrx_word' id='word_1_15' title='bbox 761 346 831 386; x_wconf 88' lang='lat' dir='ltr'><strong>Sil.</strong></span> <span class='ocrx_word' id='word_1_16' title='bbox 852 347 936 387; x_wconf 77' lang='lat' dir='ltr'><strong>Ital.</strong></span> <span class='ocrx_word' id='word_1_17' title='bbox 959 349 1000 399; x_wconf 89' lang='lat'><strong>1,</strong></span> <span class='ocrx_word' id='word_1_18' title='bbox 1025 349 1123 391; x_wconf 89' lang='lat'>598.</span> <span class='ocrx_word' id='word_1_19' title='bbox 1153 350 1312 402; x_wconf 82' lang='lat' dir='ltr'><strong>Forbig.</strong></span> <span class='ocrx_word' id='word_1_20' title='bbox 1341 352 1392 388; x_wconf 87' lang='lat' dir='ltr'><strong>ad</strong></span> <span class='ocrx_word' id='word_1_21' title='bbox 1419 351 1532 402; x_wconf 86' lang='lat' dir='ltr'><strong>Virg.</strong></span> <span class='ocrx_word' id='word_1_22' title='bbox 1551 349 1661 390; x_wconf 52' lang='lat' dir='ltr'><strong>Anu.</strong></span> <span class='ocrx_word' id='word_1_23' title='bbox 1659 351 1728 405; x_wconf 88' lang='grc'><strong>2,</strong></span> <span class='ocrx_word' id='word_1_24' title='bbox 1729 352 1832 395; x_wconf 61' lang='grc'><strong>822.</strong></span> 
     </span>
     <span class='ocr_line' id='line_1_3' title="bbox 283 415 1833 470; baseline 0.001 -13"><span class='ocrx_word' id='word_1_25' title='bbox 283 418 452 466; x_wconf 85' lang='lat' dir='ltr'>Herzog.</span> <span class='ocrx_word' id='word_1_26' title='bbox 482 420 521 454; x_wconf 90' lang='lat' dir='ltr'><strong>et</strong></span> <span class='ocrx_word' id='word_1_27' title='bbox 547 416 672 453; x_wconf 86' lang='lat' dir='ltr'>Kritz.</span> <span class='ocrx_word' id='word_1_28' title='bbox 703 416 754 454; x_wconf 86' lang='lat' dir='ltr'><strong>ad</strong></span> <span class='ocrx_word' id='word_1_29' title='bbox 783 415 874 454; x_wconf 82' lang='lat' dir='ltr'><strong>Sall.</strong></span> <span class='ocrx_word' id='word_1_30' title='bbox 900 415 990 455; x_wconf 85' lang='lat' dir='ltr'><strong>Cat.</strong></span> <span class='ocrx_word' id='word_1_31' title='bbox 1020 416 1101 467; x_wconf 84' lang='lat'><strong>58,</strong></span> <span class='ocrx_word' id='word_1_32' title='bbox 1131 418 1171 459; x_wconf 83' lang='lat'><strong>5.</strong></span> <span class='ocrx_word' id='word_1_33' title='bbox 1211 420 1335 458; x_wconf 86' lang='lat' dir='ltr'>Recte</span> <span class='ocrx_word' id='word_1_34' title='bbox 1362 419 1447 459; x_wconf 71' lang='lat' dir='ltr'><strong>Jos.</strong></span> <span class='ocrx_word' id='word_1_35' title='bbox 1475 419 1658 457; x_wconf 74' lang='lat' dir='ltr'><strong>Merkel.-</strong></span> <span class='ocrx_word' id='word_1_36' title='bbox 1698 416 1833 470; x_wconf 69' lang='lat' dir='ltr'><strong>„nm</strong></span> 
     </span>
     <span class='ocr_line' id='line_1_4' title="bbox 282 482 1832 537; baseline 0.002 -13"><span class='ocrx_word' id='word_1_37' title='bbox 282 486 388 524; x_wconf 87' lang='lat' dir='ltr'><strong>nicht</strong></span> <span class='ocrx_word' id='word_1_38' title='bbox 416 484 538 523; x_wconf 87' lang='lat' dir='ltr'><strong>fremd</strong></span> <span class='ocrx_word' id='word_1_39' title='bbox 570 483 630 520; x_wconf 86' lang='lat' dir='ltr'><strong>dir</strong></span> <span class='ocrx_word' id='word_1_40' title='bbox 658 482 785 521; x_wconf 91' lang='lat' dir='ltr'><strong>bleibe</strong></span> <span class='ocrx_word' id='word_1_41' title='bbox 813 484 876 522; x_wconf 89' lang='lat' dir='ltr'><strong>die</strong></span> <span class='ocrx_word' id='word_1_42' title='bbox 902 483 1012 535; x_wconf 84' lang='lat' dir='ltr'><strong>Lage</strong></span> <span class='ocrx_word' id='word_1_43' title='bbox 1041 486 1111 524; x_wconf 91' lang='lat' dir='ltr'><strong>des</strong></span> <span class='ocrx_word' id='word_1_44' title='bbox 1136 487 1306 537; x_wconf 79' lang='lat' dir='ltr'><strong>Staates,</strong></span> <span class='ocrx_word' id='word_1_45' title='bbox 1336 500 1381 525; x_wconf 81' lang='lat' dir='ltr'><strong>so</strong></span> <span class='ocrx_word' id='word_1_46' title='bbox 1409 487 1598 526; x_wconf 81' lang='lat' dir='ltr'><strong>wisse!“</strong></span> <span class='ocrx_word' id='word_1_47' title='bbox 1597 486 1674 527; x_wconf 82' lang='lat' dir='ltr'><strong>De</strong></span> <span class='ocrx_word' id='word_1_48' title='bbox 1694 487 1832 527; x_wconf 69' lang='lat' dir='ltr'><strong>intem</strong></span> 
     </span>
     <span class='ocr_line' id='line_1_5' title="bbox 282 551 1821 607; baseline -0.005 -14"><span class='ocrx_word' id='word_1_49' title='bbox 282 555 410 607; x_wconf 87' lang='lat' dir='ltr'><strong>gendo</strong></span> <span class='ocrx_word' id='word_1_50' title='bbox 441 567 476 591; x_wconf 93' lang='lat' dir='ltr'><strong>v.</strong></span> <span class='ocrx_word' id='word_1_51' title='bbox 506 552 604 589; x_wconf 72' lang='lat' dir='ltr'><strong>scito</strong></span> <span class='ocrx_word' id='word_1_52' title='bbox 631 551 709 589; x_wconf 86' lang='lat' dir='ltr'><strong>vid.</strong></span> <span class='ocrx_word' id='word_1_53' title='bbox 736 556 867 591; x_wconf 87' lang='lat' dir='ltr'><strong>annot.</strong></span> <span class='ocrx_word' id='word_1_54' title='bbox 894 553 947 590; x_wconf 85' lang='lat' dir='ltr'><strong>ad</strong></span> <span class='ocrx_word' id='word_1_55' title='bbox 977 554 1018 602; x_wconf 87' lang='lat'><strong>1,</strong></span> <span class='ocrx_word' id='word_1_56' title='bbox 1045 554 1088 604; x_wconf 84' lang='lat'>1,</span> <span class='ocrx_word' id='word_1_57' title='bbox 1120 552 1186 595; x_wconf 85' lang='lat'><strong>14.</strong></span> <span class='ocrx_word' id='word_1_58' title='bbox 1643 570 1665 587; x_wconf 68' lang='grc'><strong>·;</strong></span> <span class='ocrx_word' id='word_1_59' title='bbox 1808 572 1821 586; x_wconf 49' lang='grc' dir='ltr'><strong>Ἰ,</strong></span> 
     </span>
    </p>

    <p class='ocr_par' dir='ltr' id='par_1_3' title="bbox 273 619 1862 2788">
     <span class='ocr_line' id='line_1_6' title="bbox 395 619 1830 672; baseline 0.001 -13"><span class='ocrx_word' id='word_1_60' title='bbox 395 622 441 662; x_wconf 88' lang='lat' dir='ltr'>V</span> <span class='ocrx_word' id='word_1_61' title='bbox 473 622 537 661; x_wconf 86' lang='lat'><strong>26.</strong></span> <span class='ocrx_word' id='word_1_62' title='bbox 568 633 629 671; x_wconf 86' lang='lat' dir='ltr'><strong>sq.</strong></span> <span class='ocrx_word' id='word_1_63' title='bbox 677 619 878 659; x_wconf 80' lang='lat' dir='ltr'><em>Cantaber</em></span> <span class='ocrx_word' id='word_1_64' title='bbox 907 620 1194 672; x_wconf 79' lang='lat' dir='ltr'><strong>Agrippae—</strong></span> <span class='ocrx_word' id='word_1_65' title='bbox 1207 622 1384 661; x_wconf 68' lang='lat' dir='ltr'><strong>Neronis</strong></span> <span class='ocrx_word' id='word_1_66' title='bbox 1419 623 1643 661; x_wconf 62' lang='lat' dir='ltr'><strong>Armenius</strong></span> <span class='ocrx_word' id='word_1_67' title='bbox 1675 623 1830 666; x_wconf 62' lang='lat' dir='ltr'><strong>enada.</strong></span> 
     </span>
     <span class='ocr_line' id='line_1_7' title="bbox 280 688 1832 741; baseline 0.001 -12"><span class='ocrx_word' id='word_1_68' title='bbox 280 691 323 729; x_wconf 90' lang='lat' dir='ltr'><strong>In</strong></span> <span class='ocrx_word' id='word_1_69' title='bbox 366 692 472 726; x_wconf 80' lang='lat' dir='ltr'><strong>recta</strong></span> <span class='ocrx_word' id='word_1_70' title='bbox 511 688 623 741; x_wconf 89' lang='lat' dir='ltr'><strong>hujus</strong></span> <span class='ocrx_word' id='word_1_71' title='bbox 666 688 738 726; x_wconf 89' lang='lat' dir='ltr'><strong>loci</strong></span> <span class='ocrx_word' id='word_1_72' title='bbox 780 688 1040 739; x_wconf 85' lang='lat' dir='ltr'><strong>expositione,</strong></span> <span class='ocrx_word' id='word_1_73' title='bbox 1083 703 1196 740; x_wconf 89' lang='lat' dir='ltr'><strong>quem</strong></span> <span class='ocrx_word' id='word_1_74' title='bbox 1229 691 1403 730; x_wconf 75' lang='lat' dir='ltr'><strong>infaustis</strong></span> <span class='ocrx_word' id='word_1_75' title='bbox 1440 692 1627 730; x_wconf 88' lang='lat' dir='ltr'><strong>ominibus</strong></span> <span class='ocrx_word' id='word_1_76' title='bbox 1661 693 1832 731; x_wconf 77' lang='lat' dir='ltr'><strong>adierant</strong></span> 
     </span>
     <span class='ocr_line' id='line_1_8' title="bbox 280 756 1830 812; baseline 0.004 -17"><span class='ocrx_word' id='word_1_77' title='bbox 280 757 491 808; x_wconf 78' lang='lat' dir='ltr'><strong>Bentlejus</strong></span> <span class='ocrx_word' id='word_1_78' title='bbox 515 758 564 795; x_wconf 90' lang='lat' dir='ltr'><strong>ad</strong></span> <span class='ocrx_word' id='word_1_79' title='bbox 587 756 707 808; x_wconf 84' lang='lat' dir='ltr'><strong>Epist.</strong></span> <span class='ocrx_word' id='word_1_80' title='bbox 738 758 804 808; x_wconf 90' lang='grc'><strong>18,</strong></span> <span class='ocrx_word' id='word_1_81' title='bbox 832 757 918 807; x_wconf 83' lang='grc'><strong>56.,</strong></span> <span class='ocrx_word' id='word_1_82' title='bbox 946 756 1215 796; x_wconf 67' lang='lat' dir='ltr'><strong>Ruhnkenius</strong></span> <span class='ocrx_word' id='word_1_83' title='bbox 1242 761 1292 797; x_wconf 88' lang='lat' dir='ltr'><strong>ad</strong></span> <span class='ocrx_word' id='word_1_84' title='bbox 1310 759 1419 798; x_wconf 69' lang='lat' dir='ltr'><strong>‘Vells</strong></span> <span class='ocrx_word' id='word_1_85' title='bbox 1441 760 1528 799; x_wconf 77' lang='lat' dir='ltr'><strong>Pat.</strong></span> <span class='ocrx_word' id='word_1_86' title='bbox 1559 762 1600 811; x_wconf 86' lang='lat'><strong>2,</strong></span> <span class='ocrx_word' id='word_1_87' title='bbox 1624 761 1692 803; x_wconf 78' lang='lat'><strong>94.</strong></span> <span class='ocrx_word' id='word_1_88' title='bbox 1720 761 1830 812; x_wconf 69' lang='lat' dir='ltr'><strong>(oom-</strong></span> 
     </span>
     <span class='ocr_line' id='line_1_9' title="bbox 279 823 1829 879; baseline 0.001 -13"><span class='ocrx_word' id='word_1_89' title='bbox 279 827 468 866; x_wconf 87' lang='lat' dir='ltr'><strong>sentiente</strong></span> <span class='ocrx_word' id='word_1_90' title='bbox 502 823 737 862; x_wconf 73' lang='lat' dir='ltr'><strong>Eichstadio</strong></span> <span class='ocrx_word' id='word_1_91' title='bbox 774 824 824 863; x_wconf 89' lang='lat' dir='ltr'><strong>ad</strong></span> <span class='ocrx_word' id='word_1_92' title='bbox 859 837 932 862; x_wconf 89' lang='lat' dir='ltr'><strong>van</strong></span> <span class='ocrx_word' id='word_1_93' title='bbox 967 825 1136 864; x_wconf 87' lang='lat' dir='ltr'><strong>Ommer.</strong></span> <span class='ocrx_word' id='word_1_94' title='bbox 1165 839 1204 877; x_wconf 90' lang='lat' dir='ltr'><strong>p.</strong></span> <span class='ocrx_word' id='word_1_95' title='bbox 1235 826 1368 879; x_wconf 84' lang='lat'><strong>225.)‚</strong></span> <span class='ocrx_word' id='word_1_96' title='bbox 1405 827 1578 876; x_wconf 70' lang='lat' dir='ltr'><strong>Boekius</strong></span> <span class='ocrx_word' id='word_1_97' title='bbox 1613 829 1664 867; x_wconf 81' lang='lat' dir='ltr'><strong>ad</strong></span> <span class='ocrx_word' id='word_1_98' title='bbox 1695 829 1829 879; x_wconf 84' lang='lat' dir='ltr'><strong>Feam,</strong></span> 
     </span>
     <span class='ocr_line' id='line_1_10' title="bbox 279 892 1829 946; baseline 0.002 -14"><span class='ocrx_word' id='word_1_99' title='bbox 279 896 422 946; x_wconf 88' lang='lat' dir='ltr'><strong>quippe</strong></span> <span class='ocrx_word' id='word_1_100' title='bbox 451 894 516 943; x_wconf 87' lang='lat' dir='ltr'><strong>qui</strong></span> <span class='ocrx_word' id='word_1_101' title='bbox 542 892 707 931; x_wconf 87' lang='lat' dir='ltr'><strong>Poetam</strong></span> <span class='ocrx_word' id='word_1_102' title='bbox 736 893 785 931; x_wconf 86' lang='lat' dir='ltr'><strong>de</strong></span> <span class='ocrx_word' id='word_1_103' title='bbox 813 892 928 931; x_wconf 85' lang='lat' dir='ltr'><strong>rebus</strong></span> <span class='ocrx_word' id='word_1_104' title='bbox 957 893 1194 932; x_wconf 88' lang='lat' dir='ltr'><strong>Armeniacis</strong></span> <span class='ocrx_word' id='word_1_105' title='bbox 1222 895 1283 933; x_wconf 89' lang='lat' dir='ltr'><strong>vel</strong></span> <span class='ocrx_word' id='word_1_106' title='bbox 1313 895 1628 936; x_wconf 47' lang='lat' dir='ltr'><strong>adulationis-vel</strong></span> <span class='ocrx_word' id='word_1_107' title='bbox 1661 898 1829 935; x_wconf 78' lang='lat' dir='ltr'><strong>incuriae</strong></span> 
     </span>
     <span class='ocr_line' id='line_1_11' title="bbox 276 961 1829 1013; baseline 0.001 -12"><span class='ocrx_word' id='word_1_108' title='bbox 276 961 553 1011; x_wconf 83' lang='lat' dir='ltr'><strong>insimularent,</strong></span> <span class='ocrx_word' id='word_1_109' title='bbox 582 962 653 999; x_wconf 86' lang='lat' dir='ltr'><strong>hac</strong></span> <span class='ocrx_word' id='word_1_110' title='bbox 679 962 832 1012; x_wconf 91' lang='lat' dir='ltr'><strong>quidem</strong></span> <span class='ocrx_word' id='word_1_111' title='bbox 859 965 987 1001; x_wconf 84' lang='lat' dir='ltr'><strong>aetate</strong></span> <span class='ocrx_word' id='word_1_112' title='bbox 1013 963 1251 1013; x_wconf 84' lang='lat' dir='ltr'><strong>antesignani</strong></span> <span class='ocrx_word' id='word_1_113' title='bbox 1281 966 1321 1001; x_wconf 90' lang='lat' dir='ltr'><strong>et</strong></span> <span class='ocrx_word' id='word_1_114' title='bbox 1348 963 1700 1004; x_wconf 63' lang='lat' dir='ltr'><strong>vindicesfuerunt</strong></span> <span class='ocrx_word' id='word_1_115' title='bbox 1716 965 1829 1003; x_wconf 77' lang='lat' dir='ltr'><strong>,Doe-</strong></span> 
     </span>
     <span class='ocr_line' id='line_1_12' title="bbox 278 1028 1826 1084; baseline 0.002 -16"><span class='ocrx_word' id='word_1_116' title='bbox 278 1032 438 1082; x_wconf 73' lang='lat' dir='ltr'><strong>ringiue</strong></span> <span class='ocrx_word' id='word_1_117' title='bbox 470 1035 510 1069; x_wconf 90' lang='lat' dir='ltr'><strong>et</strong></span> <span class='ocrx_word' id='word_1_118' title='bbox 546 1028 789 1068; x_wconf 71' lang='lat' dir='ltr'><strong>Schmidius.</strong></span> <span class='ocrx_word' id='word_1_119' title='bbox 812 1053 870 1058; x_wconf 93' lang='lat'><strong>—</strong></span> <span class='ocrx_word' id='word_1_120' title='bbox 905 1030 1120 1069; x_wconf 84' lang='lat' dir='ltr'><strong>Cantabros</strong></span> <span class='ocrx_word' id='word_1_121' title='bbox 1157 1035 1286 1069; x_wconf 88' lang='lat' dir='ltr'><strong>autem</strong></span> <span class='ocrx_word' id='word_1_122' title='bbox 1323 1032 1372 1070; x_wconf 86' lang='lat' dir='ltr'><strong>ab</strong></span> <span class='ocrx_word' id='word_1_123' title='bbox 1400 1031 1574 1084; x_wconf 74' lang='lat' dir='ltr'><strong>Agrippa</strong></span> <span class='ocrx_word' id='word_1_124' title='bbox 1600 1045 1638 1072; x_wconf 76' lang='lat' dir='ltr'><strong>a.</strong></span> <span class='ocrx_word' id='word_1_125' title='bbox 1661 1031 1826 1074; x_wconf 57' lang='lat' dir='ltr'><strong>ust784.</strong></span> 
     </span>
     <span class='ocr_line' id='line_1_13' title="bbox 276 1098 1829 1152; baseline 0 -13"><span class='ocrx_word' id='word_1_126' title='bbox 276 1099 516 1151; x_wconf 82' lang='lat' dir='ltr'><strong>perdomitos</strong></span> <span class='ocrx_word' id='word_1_127' title='bbox 545 1110 632 1136; x_wconf 90' lang='lat' dir='ltr'><strong>esse</strong></span> <span class='ocrx_word' id='word_1_128' title='bbox 660 1098 718 1136; x_wconf 89' lang='lat' dir='ltr'><strong>hic</strong></span> <span class='ocrx_word' id='word_1_129' title='bbox 747 1099 830 1149; x_wconf 88' lang='lat' dir='ltr'><strong>ipse</strong></span> <span class='ocrx_word' id='word_1_130' title='bbox 857 1099 963 1137; x_wconf 91' lang='lat' dir='ltr'><strong>locus</strong></span> <span class='ocrx_word' id='word_1_131' title='bbox 991 1100 1314 1150; x_wconf 86' lang='lat' dir='ltr'><strong>locupletissimus</strong></span> <span class='ocrx_word' id='word_1_132' title='bbox 1341 1105 1401 1140; x_wconf 84' lang='lat' dir='ltr'><strong>est</strong></span> <span class='ocrx_word' id='word_1_133' title='bbox 1426 1102 1561 1148; x_wconf 76' lang='lat' dir='ltr'><strong>testis3</strong></span> <span class='ocrx_word' id='word_1_134' title='bbox 1599 1101 1829 1152; x_wconf 72' lang='lat' dir='ltr'><strong>scriptorum</strong></span> 
     </span>
     <span class='ocr_line' id='line_1_14' title="bbox 276 1164 1827 1219; baseline 0.001 -13"><span class='ocrx_word' id='word_1_135' title='bbox 276 1167 457 1219; x_wconf 88' lang='lat' dir='ltr'><strong>imprimis</strong></span> <span class='ocrx_word' id='word_1_136' title='bbox 485 1165 623 1205; x_wconf 85' lang='lat' dir='ltr'><strong>Dionis</strong></span> <span class='ocrx_word' id='word_1_137' title='bbox 652 1165 777 1204; x_wconf 87' lang='lat' dir='ltr'><strong>Cassii</strong></span> <span class='ocrx_word' id='word_1_138' title='bbox 806 1164 882 1217; x_wconf 89' lang='lat'><strong>54,</strong></span> <span class='ocrx_word' id='word_1_139' title='bbox 923 1169 988 1208; x_wconf 85' lang='lat'><strong>11.</strong></span> <span class='ocrx_word' id='word_1_140' title='bbox 1029 1168 1078 1206; x_wconf 89' lang='lat' dir='ltr'><strong>de</strong></span> <span class='ocrx_word' id='word_1_141' title='bbox 1113 1168 1186 1205; x_wconf 87' lang='lat' dir='ltr'><strong>hoc</strong></span> <span class='ocrx_word' id='word_1_142' title='bbox 1221 1180 1322 1205; x_wconf 83' lang='lat' dir='ltr'><strong>anno</strong></span> <span class='ocrx_word' id='word_1_143' title='bbox 1352 1168 1827 1208; x_wconf 52' lang='lat' dir='ltr'><strong>dissensumubenecoma</strong></span> 
     </span>
     <span class='ocr_line' id='line_1_15' title="bbox 275 1233 1828 1288; baseline 0.001 -16"><span class='ocrx_word' id='word_1_144' title='bbox 275 1236 407 1288; x_wconf 85' lang='lat' dir='ltr'><strong>posuit</strong></span> <span class='ocrx_word' id='word_1_145' title='bbox 440 1233 710 1279; x_wconf 52' lang='lat' dir='ltr'><strong>sanamus,</strong></span> <span class='ocrx_word' id='word_1_146' title='bbox 747 1247 862 1284; x_wconf 87' lang='lat' dir='ltr'><strong>quem</strong></span> <span class='ocrx_word' id='word_1_147' title='bbox 890 1235 977 1273; x_wconf 88' lang='lat' dir='ltr'><strong>vide</strong></span> <span class='ocrx_word' id='word_1_148' title='bbox 1012 1239 1051 1273; x_wconf 90' lang='lat' dir='ltr'><strong>et</strong></span> <span class='ocrx_word' id='word_1_149' title='bbox 1083 1235 1131 1273; x_wconf 88' lang='lat' dir='ltr'><strong>cf.</strong></span> <span class='ocrx_word' id='word_1_150' title='bbox 1162 1234 1417 1272; x_wconf 80' lang='lat' dir='ltr'><strong>Diintzerum</strong></span> <span class='ocrx_word' id='word_1_151' title='bbox 1445 1236 1515 1274; x_wconf 87' lang='lat' dir='ltr'><strong>hac</strong></span> <span class='ocrx_word' id='word_1_152' title='bbox 1545 1237 1593 1275; x_wconf 89' lang='lat' dir='ltr'><strong>de</strong></span> <span class='ocrx_word' id='word_1_153' title='bbox 1622 1250 1665 1275; x_wconf 84' lang='lat' dir='ltr'><strong>re</strong></span> <span class='ocrx_word' id='word_1_154' title='bbox 1696 1235 1828 1276; x_wconf 76' lang='lat' dir='ltr'><strong>sobrie</strong></span> 
     </span>
     <span class='ocr_line' id='line_1_16' title="bbox 275 1302 1827 1355; baseline 0 -14"><span class='ocrx_word' id='word_1_155' title='bbox 275 1317 316 1355; x_wconf 92' lang='lat' dir='ltr'><strong>p.</strong></span> <span class='ocrx_word' id='word_1_156' title='bbox 349 1303 402 1344; x_wconf 89' lang='lat'><strong>63</strong></span> <span class='ocrx_word' id='word_1_157' title='bbox 428 1302 676 1353; x_wconf 86' lang='lat' dir='ltr'><strong>judicantem.</strong></span> <span class='ocrx_word' id='word_1_158' title='bbox 726 1302 880 1353; x_wconf 82' lang='lat' dir='ltr'><strong>Locos,</strong></span> <span class='ocrx_word' id='word_1_159' title='bbox 921 1303 986 1354; x_wconf 90' lang='lat' dir='ltr'><strong>qui</strong></span> <span class='ocrx_word' id='word_1_160' title='bbox 1022 1304 1072 1341; x_wconf 90' lang='lat' dir='ltr'><strong>de</strong></span> <span class='ocrx_word' id='word_1_161' title='bbox 1109 1302 1211 1342; x_wconf 93' lang='lat' dir='ltr'><strong>bello</strong></span> <span class='ocrx_word' id='word_1_162' title='bbox 1241 1302 1471 1342; x_wconf 84' lang='lat' dir='ltr'><strong>Cantabrico</strong></span> <span class='ocrx_word' id='word_1_163' title='bbox 1506 1315 1625 1355; x_wconf 76' lang='lat' dir='ltr'><strong>saepe</strong></span> <span class='ocrx_word' id='word_1_164' title='bbox 1658 1302 1827 1341; x_wconf 82' lang='lat' dir='ltr'><strong>redinte-</strong></span> 
     </span>
     <span class='ocr_line' id='line_1_17' title="bbox 276 1370 1827 1423; baseline 0 -15"><span class='ocrx_word' id='word_1_165' title='bbox 276 1375 387 1423; x_wconf 86' lang='lat' dir='ltr'><strong>grato</strong></span> <span class='ocrx_word' id='word_1_166' title='bbox 413 1375 525 1421; x_wconf 86' lang='lat' dir='ltr'><strong>sunt,</strong></span> <span class='ocrx_word' id='word_1_167' title='bbox 555 1372 768 1410; x_wconf 83' lang='lat' dir='ltr'><strong>indicarunt</strong></span> <span class='ocrx_word' id='word_1_168' title='bbox 800 1370 1032 1409; x_wconf 74' lang='lat' dir='ltr'><strong>Schmidius</strong></span> <span class='ocrx_word' id='word_1_169' title='bbox 1060 1372 1110 1409; x_wconf 86' lang='lat' dir='ltr'><strong>ad</strong></span> <span class='ocrx_word' id='word_1_170' title='bbox 1139 1371 1176 1409; x_wconf 91' lang='lat' dir='ltr'><strong>h.</strong></span> <span class='ocrx_word' id='word_1_171' title='bbox 1205 1371 1231 1409; x_wconf 92' lang='lat' dir='ltr'><strong>l.</strong></span> <span class='ocrx_word' id='word_1_172' title='bbox 1262 1375 1302 1410; x_wconf 86' lang='lat' dir='ltr'><strong>et</strong></span> <span class='ocrx_word' id='word_1_173' title='bbox 1329 1371 1380 1411; x_wconf 84' lang='lat' dir='ltr'><strong>ad</strong></span> <span class='ocrx_word' id='word_1_174' title='bbox 1407 1372 1476 1421; x_wconf 89' lang='lat'><strong>18,</strong></span> <span class='ocrx_word' id='word_1_175' title='bbox 1505 1371 1574 1415; x_wconf 83' lang='lat'><strong>55.</strong></span> <span class='ocrx_word' id='word_1_176' title='bbox 1604 1371 1827 1417; x_wconf 58' lang='grc' dir='ltr'><strong>1αηῷα8,,εῑΐ</strong></span> 
     </span>
     <span class='ocr_line' id='line_1_18' title="bbox 275 1435 1824 1490; baseline -0.001 -12"><span class='ocrx_word' id='word_1_177' title='bbox 275 1438 496 1478; x_wconf 65' lang='lat' dir='ltr'><strong>Adime-herl.</strong></span> <span class='ocrx_word' id='word_1_178' title='bbox 526 1440 576 1476; x_wconf 87' lang='lat' dir='ltr'><strong>ad</strong></span> <span class='ocrx_word' id='word_1_179' title='bbox 600 1440 677 1478; x_wconf 81' lang='lat' dir='ltr'><strong>od.</strong></span> <span class='ocrx_word' id='word_1_180' title='bbox 703 1442 744 1490; x_wconf 88' lang='lat'><strong>2,</strong></span> <span class='ocrx_word' id='word_1_181' title='bbox 773 1440 815 1490; x_wconf 89' lang='lat'><strong>6,</strong></span> <span class='ocrx_word' id='word_1_182' title='bbox 841 1441 880 1481; x_wconf 89' lang='lat'><strong>2.</strong></span> <span class='ocrx_word' id='word_1_183' title='bbox 911 1440 953 1490; x_wconf 85' lang='lat'><strong>3,</strong></span> <span class='ocrx_word' id='word_1_184' title='bbox 976 1441 1015 1490; x_wconf 88' lang='grc'>8,</span> <span class='ocrx_word' id='word_1_185' title='bbox 1041 1441 1108 1481; x_wconf 89' lang='grc'><strong>21.</strong></span> <span class='ocrx_word' id='word_1_186' title='bbox 1137 1435 1181 1490; x_wconf 90' lang='grc'><strong>4,</strong></span> <span class='ocrx_word' id='word_1_187' title='bbox 1206 1437 1274 1488; x_wconf 92' lang='grc'><strong>14,</strong></span> <span class='ocrx_word' id='word_1_188' title='bbox 1295 1437 1363 1480; x_wconf 84' lang='grc'><strong>41.</strong></span> <span class='ocrx_word' id='word_1_189' title='bbox 1391 1437 1667 1485; x_wconf 52' lang='grc' dir='ltr'><strong>[ὠκέων-,311</strong></span> <span class='ocrx_word' id='word_1_190' title='bbox 1685 1440 1824 1489; x_wconf 73' lang='lat' dir='ltr'><strong>Progr-</strong></span> 
     </span>
     <span class='ocr_line' id='line_1_19' title="bbox 276 1505 1826 1559; baseline 0 -13"><span class='ocrx_word' id='word_1_191' title='bbox 276 1508 442 1547; x_wconf 89' lang='lat' dir='ltr'><strong>Cellens.</strong></span> <span class='ocrx_word' id='word_1_192' title='bbox 476 1507 585 1549; x_wconf 82' lang='lat'>1835</span> <span class='ocrx_word' id='word_1_193' title='bbox 614 1521 656 1559; x_wconf 88' lang='lat' dir='ltr'><strong>p.</strong></span> <span class='ocrx_word' id='word_1_194' title='bbox 677 1508 849 1549; x_wconf 84' lang='lat'><strong>5—11.</strong></span> <span class='ocrx_word' id='word_1_195' title='bbox 877 1509 927 1546; x_wconf 85' lang='lat' dir='ltr'><strong>ad</strong></span> <span class='ocrx_word' id='word_1_196' title='bbox 955 1508 1032 1545; x_wconf 85' lang='lat' dir='ltr'><strong>Od.</strong></span> <span class='ocrx_word' id='word_1_197' title='bbox 1062 1507 1105 1558; x_wconf 87' lang='grc'>3,</span> <span class='ocrx_word' id='word_1_198' title='bbox 1134 1505 1209 1556; x_wconf 85' lang='grc'><strong>14,</strong></span> <span class='ocrx_word' id='word_1_199' title='bbox 1237 1507 1303 1556; x_wconf 83' lang='grc'><strong>3.,</strong></span> <span class='ocrx_word' id='word_1_200' title='bbox 1333 1506 1556 1558; x_wconf 74' lang='lat' dir='ltr'><strong>quibuscum</strong></span> <span class='ocrx_word' id='word_1_201' title='bbox 1584 1507 1826 1559; x_wconf 66' lang='lat' dir='ltr'><strong>efiRupert.</strong></span> 
     </span>
     <span class='ocr_line' id='line_1_20' title="bbox 275 1573 1825 1627; baseline -0.001 -13"><span class='ocrx_word' id='word_1_202' title='bbox 275 1578 326 1614; x_wconf 86' lang='lat' dir='ltr'><strong>ad</strong></span> <span class='ocrx_word' id='word_1_203' title='bbox 353 1575 439 1614; x_wconf 84' lang='lat' dir='ltr'><strong>Liv.</strong></span> <span class='ocrx_word' id='word_1_204' title='bbox 471 1577 540 1626; x_wconf 87' lang='lat'><strong>28,</strong></span> <span class='ocrx_word' id='word_1_205' title='bbox 573 1577 641 1626; x_wconf 87' lang='grc'><strong>12,</strong></span> <span class='ocrx_word' id='word_1_206' title='bbox 672 1578 711 1616; x_wconf 91' lang='grc'><strong>7.</strong></span> <span class='ocrx_word' id='word_1_207' title='bbox 739 1580 779 1615; x_wconf 87' lang='lat' dir='ltr'><strong>et</strong></span> <span class='ocrx_word' id='word_1_208' title='bbox 809 1577 860 1615; x_wconf 85' lang='lat' dir='ltr'><strong>ad</strong></span> <span class='ocrx_word' id='word_1_209' title='bbox 888 1576 985 1614; x_wconf 82' lang='lat' dir='ltr'><strong>Tac.</strong></span> <span class='ocrx_word' id='word_1_210' title='bbox 1017 1575 1116 1614; x_wconf 81' lang='lat' dir='ltr'><strong>Anu.</strong></span> <span class='ocrx_word' id='word_1_211' title='bbox 1147 1573 1198 1624; x_wconf 90' lang='lat'>4,</span> <span class='ocrx_word' id='word_1_212' title='bbox 1229 1574 1280 1624; x_wconf 86' lang='lat'><strong>5,</strong></span> <span class='ocrx_word' id='word_1_213' title='bbox 1311 1575 1351 1619; x_wconf 85' lang='lat'><strong>2.</strong></span> <span class='ocrx_word' id='word_1_214' title='bbox 1379 1575 1553 1627; x_wconf 64' lang='lat' dir='ltr'><strong>interpp.</strong></span> <span class='ocrx_word' id='word_1_215' title='bbox 1572 1576 1622 1614; x_wconf 79' lang='lat' dir='ltr'><strong>ad</strong></span> <span class='ocrx_word' id='word_1_216' title='bbox 1648 1575 1754 1618; x_wconf 59' lang='lat' dir='ltr'><strong>Flos.</strong></span> <span class='ocrx_word' id='word_1_217' title='bbox 1780 1573 1825 1625; x_wconf 75' lang='lat'><strong>4,</strong></span> 
     </span>
     <span class='ocr_line' id='line_1_21' title="bbox 278 1641 1825 1698; baseline 0 -16"><span class='ocrx_word' id='word_1_218' title='bbox 278 1648 346 1695; x_wconf 86' lang='lat'>12,</span> <span class='ocrx_word' id='word_1_219' title='bbox 374 1645 440 1686; x_wconf 87' lang='lat'><strong>51.</strong></span> <span class='ocrx_word' id='word_1_220' title='bbox 468 1644 503 1682; x_wconf 91' lang='lat' dir='ltr'>T</span> <span class='ocrx_word' id='word_1_221' title='bbox 506 1643 681 1682; x_wconf 89' lang='lat' dir='ltr'><strong>zschuck.</strong></span> <span class='ocrx_word' id='word_1_222' title='bbox 706 1644 756 1682; x_wconf 89' lang='lat' dir='ltr'><strong>ad</strong></span> <span class='ocrx_word' id='word_1_223' title='bbox 778 1644 940 1696; x_wconf 86' lang='lat' dir='ltr'><strong>Eutrop.</strong></span> <span class='ocrx_word' id='word_1_224' title='bbox 961 1645 1002 1694; x_wconf 90' lang='lat'>7,</span> <span class='ocrx_word' id='word_1_225' title='bbox 1027 1645 1068 1694; x_wconf 89' lang='grc'>9,</span> <span class='ocrx_word' id='word_1_226' title='bbox 1091 1645 1131 1685; x_wconf 89' lang='grc'><strong>3.</strong></span> <span class='ocrx_word' id='word_1_227' title='bbox 1161 1644 1379 1685; x_wconf 68' lang='lat' dir='ltr'><strong>Fraudsem</strong></span> <span class='ocrx_word' id='word_1_228' title='bbox 1407 1641 1655 1698; x_wconf 53' lang='lat' dir='ltr'><strong>„Agrippan-‘⁴</strong></span> <span class='ocrx_word' id='word_1_229' title='bbox 1674 1643 1825 1694; x_wconf 39' lang='lat'><strong>&amp;21:26</strong></span> 
     </span>
     <span class='ocr_line' id='line_1_22' title="bbox 274 1710 1824 1764; baseline -0.005 -10"><span class='ocrx_word' id='word_1_230' title='bbox 274 1736 332 1743; x_wconf 81' lang='lat'><strong>·——</strong></span> <span class='ocrx_word' id='word_1_231' title='bbox 350 1714 443 1754; x_wconf 85' lang='lat'><strong>132.</strong></span> <span class='ocrx_word' id='word_1_232' title='bbox 473 1713 644 1751; x_wconf 84' lang='lat' dir='ltr'><strong>laudatus</strong></span> <span class='ocrx_word' id='word_1_233' title='bbox 670 1725 694 1751; x_wconf 90' lang='lat' dir='ltr'><strong>a</strong></span> <span class='ocrx_word' id='word_1_234' title='bbox 719 1712 904 1752; x_wconf 84' lang='lat' dir='ltr'><strong>Liibkero</strong></span> <span class='ocrx_word' id='word_1_235' title='bbox 933 1713 983 1751; x_wconf 91' lang='lat' dir='ltr'><strong>ad</strong></span> <span class='ocrx_word' id='word_1_236' title='bbox 1015 1712 1092 1751; x_wconf 91' lang='lat' dir='ltr'><strong>od.</strong></span> <span class='ocrx_word' id='word_1_237' title='bbox 1122 1713 1164 1764; x_wconf 82' lang='lat'><strong>3,</strong></span> <span class='ocrx_word' id='word_1_238' title='bbox 1193 1713 1235 1763; x_wconf 89' lang='lat'>8,</span> <span class='ocrx_word' id='word_1_239' title='bbox 1266 1713 1332 1755; x_wconf 88' lang='grc'><strong>21.</strong></span> <span class='ocrx_word' id='word_1_240' title='bbox 1363 1715 1403 1751; x_wconf 88' lang='lat' dir='ltr'><strong>et</strong></span> <span class='ocrx_word' id='word_1_241' title='bbox 1425 1710 1824 1753; x_wconf 52' lang='lat' dir='ltr'><strong>Frank..-Fast.s&gt;flor.</strong></span> 
     </span>
     <span class='ocr_line' id='line_1_23' title="bbox 274 1777 1827 1834; baseline -0.001 -15"><span class='ocrx_word' id='word_1_242' title='bbox 274 1796 313 1834; x_wconf 88' lang='lat' dir='ltr'><strong>p.</strong></span> <span class='ocrx_word' id='word_1_243' title='bbox 341 1781 435 1822; x_wconf 83' lang='lat'><strong>159.</strong></span> <span class='ocrx_word' id='word_1_244' title='bbox 458 1804 515 1809; x_wconf 89' lang='lat'>—</span> <span class='ocrx_word' id='word_1_245' title='bbox 545 1781 694 1819; x_wconf 78' lang='lat' dir='ltr'><strong>Claudi</strong></span> <span class='ocrx_word' id='word_1_246' title='bbox 720 1782 867 1819; x_wconf 63' lang='lat' dir='ltr'><strong>virtute</strong></span> <span class='ocrx_word' id='word_1_247' title='bbox 894 1781 1071 1819; x_wconf 76' lang='lat' dir='ltr'><strong>Neronis</strong></span> <span class='ocrx_word' id='word_1_248' title='bbox 1098 1781 1317 1819; x_wconf 74' lang='lat' dir='ltr'><strong>Armenius</strong></span> <span class='ocrx_word' id='word_1_249' title='bbox 1343 1779 1502 1826; x_wconf 76' lang='lat' dir='ltr'><strong>cecidit,</strong></span> <span class='ocrx_word' id='word_1_250' title='bbox 1531 1780 1563 1818; x_wconf 60' lang='lat' dir='ltr'><strong>i.</strong></span> <span class='ocrx_word' id='word_1_251' title='bbox 1582 1792 1623 1818; x_wconf 76' lang='lat' dir='ltr'><strong>-e-</strong></span> <span class='ocrx_word' id='word_1_252' title='bbox 1636 1777 1827 1821; x_wconf 48' lang='lat' dir='ltr'><strong>{Armenia</strong></span> 
     </span>
     <span class='ocr_line' id='line_1_24' title="bbox 275 1844 1824 1900; baseline 0.002 -12"><span class='ocrx_word' id='word_1_253' title='bbox 275 1850 432 1889; x_wconf 82' lang='lat' dir='ltr'><strong>subacta</strong></span> <span class='ocrx_word' id='word_1_254' title='bbox 460 1852 544 1899; x_wconf 84' lang='lat' dir='ltr'><strong>est,</strong></span> <span class='ocrx_word' id='word_1_255' title='bbox 582 1853 624 1887; x_wconf 90' lang='lat' dir='ltr'><strong>ut</strong></span> <span class='ocrx_word' id='word_1_256' title='bbox 649 1849 760 1900; x_wconf 87' lang='lat' dir='ltr'><strong>paulo</strong></span> <span class='ocrx_word' id='word_1_257' title='bbox 793 1855 882 1889; x_wconf 84' lang='lat' dir='ltr'><strong>ante</strong></span> <span class='ocrx_word' id='word_1_258' title='bbox 917 1849 1115 1888; x_wconf 83' lang='lat' dir='ltr'><strong>Cantaber</strong></span> <span class='ocrx_word' id='word_1_259' title='bbox 1143 1853 1182 1888; x_wconf 86' lang='lat' dir='ltr'><strong>et</strong></span> <span class='ocrx_word' id='word_1_260' title='bbox 1209 1848 1286 1887; x_wconf 91' lang='lat' dir='ltr'><strong>Od.</strong></span> <span class='ocrx_word' id='word_1_261' title='bbox 1312 1846 1362 1899; x_wconf 84' lang='lat'><strong>4,</strong></span> <span class='ocrx_word' id='word_1_262' title='bbox 1392 1846 1466 1898; x_wconf 87' lang='lat'>14,</span> <span class='ocrx_word' id='word_1_263' title='bbox 1492 1844 1561 1889; x_wconf 86' lang='lat'><strong>41.-</strong></span> <span class='ocrx_word' id='word_1_264' title='bbox 1579 1846 1716 1890; x_wconf 68' lang='grc' dir='ltr'><strong>-Αῑὶΐθθι</strong></span> <span class='ocrx_word' id='word_1_265' title='bbox 1741 1846 1824 1891; x_wconf 61' lang='lat' dir='ltr'><strong>fere</strong></span> 
     </span>
     <span class='ocr_line' id='line_1_25' title="bbox 275 1913 1862 1969; baseline -0.003 -12"><span class='ocrx_word' id='word_1_266' title='bbox 275 1919 518 1957; x_wconf 82' lang='lat' dir='ltr'><strong>Armenium</strong></span> <span class='ocrx_word' id='word_1_267' title='bbox 543 1917 802 1967; x_wconf 83' lang='lat' dir='ltr'><strong>intelligebant</strong></span> <span class='ocrx_word' id='word_1_268' title='bbox 825 1918 1032 1969; x_wconf 83' lang='lat' dir='ltr'>Artaxiam,</span> <span class='ocrx_word' id='word_1_269' title='bbox 1061 1917 1324 1956; x_wconf 86' lang='lat' dir='ltr'><strong>Armeniorum</strong></span> <span class='ocrx_word' id='word_1_270' title='bbox 1354 1927 1498 1966; x_wconf 85' lang='lat' dir='ltr'><strong>regem,</strong></span> <span class='ocrx_word' id='word_1_271' title='bbox 1527 1927 1642 1966; x_wconf 82' lang='lat' dir='ltr'><strong>quem</strong></span> <span class='ocrx_word' id='word_1_272' title='bbox 1663 1913 1822 1959; x_wconf 70' lang='lat' dir='ltr'><strong>Taoims</strong></span> <span class='ocrx_word' id='word_1_273' title='bbox 1859 1937 1862 1943; x_wconf 90' lang='lat'>·</span> 
     </span>
     <span class='ocr_line' id='line_1_26' title="bbox 275 1971 1824 2038; baseline -0.003 -14"><span class='ocrx_word' id='word_1_274' title='bbox 275 1971 377 2026; x_wconf 86' lang='lat' dir='ltr'><strong>Ann.</strong></span> <span class='ocrx_word' id='word_1_275' title='bbox 408 1988 448 2036; x_wconf 86' lang='lat'>2,</span> <span class='ocrx_word' id='word_1_276' title='bbox 468 1986 507 2026; x_wconf 86' lang='lat'><strong>3.</strong></span> <span class='ocrx_word' id='word_1_277' title='bbox 533 1999 609 2036; x_wconf 82' lang='lat' dir='ltr'><strong>per</strong></span> <span class='ocrx_word' id='word_1_278' title='bbox 637 1985 774 2024; x_wconf 80' lang='lat' dir='ltr'><strong>dolam</strong></span> <span class='ocrx_word' id='word_1_279' title='bbox 799 1988 1117 2038; x_wconf 79' lang='lat' dir='ltr'><strong>propinquorum</strong></span> <span class='ocrx_word' id='word_1_280' title='bbox 1145 1986 1337 2031; x_wconf 73' lang='lat' dir='ltr'><strong>occisum,</strong></span> <span class='ocrx_word' id='word_1_281' title='bbox 1367 1983 1586 2035; x_wconf 74' lang='lat' dir='ltr'><strong>datumque</strong></span> <span class='ocrx_word' id='word_1_282' title='bbox 1602 1997 1632 2024; x_wconf 76' lang='lat' dir='ltr'><strong>a</strong></span> <span class='ocrx_word' id='word_1_283' title='bbox 1653 1982 1824 2027; x_wconf 59' lang='lat' dir='ltr'><strong>Caeam</strong></span> 
     </span>
     <span class='ocr_line' id='line_1_27' title="bbox 275 2051 1824 2107; baseline 0 -14"><span class='ocrx_word' id='word_1_284' title='bbox 275 2054 484 2093; x_wconf 75' lang='lat' dir='ltr'><strong>Armeniis</strong></span> <span class='ocrx_word' id='word_1_285' title='bbox 533 2054 747 2105; x_wconf 80' lang='lat' dir='ltr'><strong>Tigranem</strong></span> <span class='ocrx_word' id='word_1_286' title='bbox 785 2053 1077 2107; x_wconf 78' lang='lat' dir='ltr'><strong>deductumque</strong></span> <span class='ocrx_word' id='word_1_287' title='bbox 1122 2055 1167 2091; x_wconf 87' lang='lat' dir='ltr'><strong>in</strong></span> <span class='ocrx_word' id='word_1_288' title='bbox 1203 2066 1373 2105; x_wconf 79' lang='lat' dir='ltr'><strong>regnum</strong></span> <span class='ocrx_word' id='word_1_289' title='bbox 1409 2067 1453 2095; x_wconf 56' lang='lat' dir='ltr'><strong>a„</strong></span> <span class='ocrx_word' id='word_1_290' title='bbox 1479 2051 1637 2094; x_wconf 69' lang='lat' dir='ltr'><strong>Tiberio.</strong></span> <span class='ocrx_word' id='word_1_291' title='bbox 1659 2051 1824 2103; x_wconf 57' lang='lat' dir='ltr'><strong>Nm</strong></span> 
     </span>
     <span class='ocr_line' id='line_1_28' title="bbox 276 2118 1820 2177; baseline -0.001 -14"><span class='ocrx_word' id='word_1_292' title='bbox 276 2125 437 2164; x_wconf 75' lang='lat' dir='ltr'><strong>dixerat.</strong></span> <span class='ocrx_word' id='word_1_293' title='bbox 463 2121 552 2174; x_wconf 86' lang='lat' dir='ltr'><strong>Vid.</strong></span> <span class='ocrx_word' id='word_1_294' title='bbox 579 2121 749 2160; x_wconf 89' lang='lat' dir='ltr'><strong>Monum.</strong></span> <span class='ocrx_word' id='word_1_295' title='bbox 778 2121 917 2173; x_wconf 89' lang='lat' dir='ltr'><strong>Ancyr.</strong></span> <span class='ocrx_word' id='word_1_296' title='bbox 942 2137 981 2174; x_wconf 89' lang='lat' dir='ltr'><strong>p.</strong></span> <span class='ocrx_word' id='word_1_297' title='bbox 1008 2123 1106 2164; x_wconf 86' lang='lat'><strong>375.</strong></span> <span class='ocrx_word' id='word_1_298' title='bbox 1137 2122 1254 2162; x_wconf 91' lang='lat' dir='ltr'><strong>Wolf.</strong></span> <span class='ocrx_word' id='word_1_299' title='bbox 1284 2126 1323 2165; x_wconf 86' lang='lat' dir='ltr'><strong>et</strong></span> <span class='ocrx_word' id='word_1_300' title='bbox 1349 2122 1454 2160; x_wconf 85' lang='lat' dir='ltr'><strong>locos</strong></span> <span class='ocrx_word' id='word_1_301' title='bbox 1474 2118 1820 2177; x_wconf 20' lang='lat' dir='ltr'><strong>¹,ad‚1}pist.·..1‚.,&#39;8.</strong></span> 
     </span>
     <span class='ocr_line' id='line_1_29' title="bbox 275 2175 1822 2245; baseline -0.005 -15"><span class='ocrx_word' id='word_1_302' title='bbox 275 2207 314 2245; x_wconf 89' lang='lat' dir='ltr'><strong>p.</strong></span> <span class='ocrx_word' id='word_1_303' title='bbox 345 2175 443 2234; x_wconf 82' lang='lat'><strong>200.</strong></span> <span class='ocrx_word' id='word_1_304' title='bbox 473 2190 675 2239; x_wconf 87' lang='lat' dir='ltr'><strong>indicatos,</strong></span> <span class='ocrx_word' id='word_1_305' title='bbox 706 2190 842 2240; x_wconf 87' lang='lat' dir='ltr'><strong>quibus</strong></span> <span class='ocrx_word' id='word_1_306' title='bbox 870 2191 969 2228; x_wconf 89' lang='lat' dir='ltr'><strong>adde</strong></span> <span class='ocrx_word' id='word_1_307' title='bbox 999 2192 1047 2229; x_wconf 88' lang='lat' dir='ltr'><strong>de</strong></span> <span class='ocrx_word' id='word_1_308' title='bbox 1072 2204 1224 2229; x_wconf 88' lang='lat' dir='ltr'><strong>nummo</strong></span> <span class='ocrx_word' id='word_1_309' title='bbox 1252 2191 1291 2227; x_wconf 92' lang='lat' dir='ltr'><strong>in</strong></span> <span class='ocrx_word' id='word_1_310' title='bbox 1317 2190 1533 2228; x_wconf 86' lang='lat' dir='ltr'><strong>Armeniam</strong></span> <span class='ocrx_word' id='word_1_311' title='bbox 1557 2192 1708 2238; x_wconf 83' lang='lat' dir='ltr'><strong>captam</strong></span> <span class='ocrx_word' id='word_1_312' title='bbox 1731 2199 1822 2223; x_wconf 85' lang='lat' dir='ltr'><strong>cuso</strong></span> 
     </span>
     <span class='ocr_line' id='line_1_30' title="bbox 275 2257 1823 2309; baseline -0.006 -9"><span class='ocrx_word' id='word_1_313' title='bbox 275 2261 434 2300; x_wconf 91' lang='lat' dir='ltr'><strong>Eckhel.</strong></span> <span class='ocrx_word' id='word_1_314' title='bbox 465 2258 516 2298; x_wconf 89' lang='lat' dir='ltr'><strong>D.</strong></span> <span class='ocrx_word' id='word_1_315' title='bbox 554 2259 605 2298; x_wconf 95' lang='lat' dir='ltr'><strong>N.</strong></span> <span class='ocrx_word' id='word_1_316' title='bbox 634 2258 700 2296; x_wconf 91' lang='lat' dir='ltr'><strong>VI.</strong></span> <span class='ocrx_word' id='word_1_317' title='bbox 734 2271 773 2309; x_wconf 92' lang='lat' dir='ltr'><strong>p.</strong></span> <span class='ocrx_word' id='word_1_318' title='bbox 801 2258 867 2298; x_wconf 88' lang='lat'><strong>98.</strong></span> <span class='ocrx_word' id='word_1_319' title='bbox 904 2259 1044 2297; x_wconf 89' lang='lat' dir='ltr'><strong>Rasch.</strong></span> <span class='ocrx_word' id='word_1_320' title='bbox 1073 2258 1203 2297; x_wconf 85' lang='lat' dir='ltr'><strong>Lexic.</strong></span> <span class='ocrx_word' id='word_1_321' title='bbox 1233 2258 1263 2296; x_wconf 93' lang='lat' dir='ltr'><strong>I.</strong></span> <span class='ocrx_word' id='word_1_322' title='bbox 1289 2260 1333 2308; x_wconf 73' lang='lat' dir='ltr'><strong>&#39;p-</strong></span> <span class='ocrx_word' id='word_1_323' title='bbox 1361 2257 1614 2298; x_wconf 87' lang='lat'><strong>1110—16.</strong></span> <span class='ocrx_word' id='word_1_324' title='bbox 1645 2258 1684 2292; x_wconf 86' lang='lat' dir='ltr'><strong>et</strong></span> <span class='ocrx_word' id='word_1_325' title='bbox 1711 2266 1823 2304; x_wconf 86' lang='lat' dir='ltr'><strong>quem</strong></span> 
     </span>
     <span class='ocr_line' id='line_1_31' title="bbox 276 2314 1822 2381; baseline -0.006 -13"><span class='ocrx_word' id='word_1_326' title='bbox 276 2342 392 2381; x_wconf 87' lang='lat' dir='ltr'><strong>supra</strong></span> <span class='ocrx_word' id='word_1_327' title='bbox 425 2327 574 2366; x_wconf 86' lang='lat' dir='ltr'><strong>laudavi</strong></span> <span class='ocrx_word' id='word_1_328' title='bbox 608 2326 745 2365; x_wconf 81' lang='lat' dir='ltr'><strong>L&#39;oers.</strong></span> <span class='ocrx_word' id='word_1_329' title='bbox 787 2327 836 2364; x_wconf 84' lang='lat' dir='ltr'><strong>ad</strong></span> <span class='ocrx_word' id='word_1_330' title='bbox 876 2327 990 2364; x_wconf 84' lang='lat' dir='ltr'><strong>ovid.</strong></span> <span class='ocrx_word' id='word_1_331' title='bbox 1031 2327 1151 2365; x_wconf 90' lang='lat' dir='ltr'><strong>Trist.</strong></span> <span class='ocrx_word' id='word_1_332' title='bbox 1191 2327 1242 2375; x_wconf 88' lang='lat'><strong>2,</strong></span> <span class='ocrx_word' id='word_1_333' title='bbox 1284 2327 1379 2366; x_wconf 87' lang='lat'><strong>227.</strong></span> <span class='ocrx_word' id='word_1_334' title='bbox 1416 2322 1582 2362; x_wconf 72' lang='lat' dir='ltr'><strong>Medium</strong></span> <span class='ocrx_word' id='word_1_335' title='bbox 1613 2322 1653 2359; x_wconf 91' lang='lat' dir='ltr'><strong>in</strong></span> <span class='ocrx_word' id='word_1_336' title='bbox 1679 2314 1750 2359; x_wconf 79' lang='lat' dir='ltr'><strong>hac</strong></span> <span class='ocrx_word' id='word_1_337' title='bbox 1779 2333 1822 2359; x_wconf 90' lang='lat' dir='ltr'><strong>re</strong></span> 
     </span>
     <span class='ocr_line' id='line_1_32' title="bbox 276 2390 1820 2449; baseline -0.004 -15"><span class='ocrx_word' id='word_1_338' title='bbox 276 2398 385 2449; x_wconf 85' lang='lat' dir='ltr'><strong>quasi</strong></span> <span class='ocrx_word' id='word_1_339' title='bbox 413 2397 533 2436; x_wconf 87' lang='lat' dir='ltr'><strong>tenuit</strong></span> <span class='ocrx_word' id='word_1_340' title='bbox 560 2391 825 2447; x_wconf 70' lang='lat' dir='ltr'><strong>Doeringizis,</strong></span> <span class='ocrx_word' id='word_1_341' title='bbox 864 2409 978 2446; x_wconf 91' lang='lat' dir='ltr'><strong>quum</strong></span> <span class='ocrx_word' id='word_1_342' title='bbox 1006 2395 1206 2432; x_wconf 86' lang='lat' dir='ltr'><strong>Horatium</strong></span> <span class='ocrx_word' id='word_1_343' title='bbox 1236 2405 1313 2430; x_wconf 89' lang='lat' dir='ltr'><strong>non</strong></span> <span class='ocrx_word' id='word_1_344' title='bbox 1343 2405 1409 2430; x_wconf 85' lang='lat' dir='ltr'><strong>eos</strong></span> <span class='ocrx_word' id='word_1_345' title='bbox 1446 2395 1616 2429; x_wconf 86' lang='lat' dir='ltr'><strong>secutum</strong></span> <span class='ocrx_word' id='word_1_346' title='bbox 1645 2390 1820 2440; x_wconf 82' lang='lat' dir='ltr'><strong>opinare-</strong></span> 
     </span>
     <span class='ocr_line' id='line_1_33' title="bbox 274 2456 1820 2516; baseline -0.005 -14"><span class='ocrx_word' id='word_1_347' title='bbox 274 2471 350 2514; x_wconf 87' lang='lat' dir='ltr'><strong>tur,</strong></span> <span class='ocrx_word' id='word_1_348' title='bbox 374 2466 438 2516; x_wconf 89' lang='lat' dir='ltr'><strong>qui</strong></span> <span class='ocrx_word' id='word_1_349' title='bbox 466 2466 621 2504; x_wconf 86' lang='lat' dir='ltr'><strong>caedem</strong></span> <span class='ocrx_word' id='word_1_350' title='bbox 641 2464 816 2504; x_wconf 84' lang='lat' dir='ltr'><strong>Artaxiae</strong></span> <span class='ocrx_word' id='word_1_351' title='bbox 835 2463 924 2502; x_wconf 90' lang='lat' dir='ltr'><strong>dolo</strong></span> <span class='ocrx_word' id='word_1_352' title='bbox 942 2464 1242 2514; x_wconf 87' lang='lat' dir='ltr'><strong>propinquorum</strong></span> <span class='ocrx_word' id='word_1_353' title='bbox 1261 2459 1500 2507; x_wconf 85' lang='lat' dir='ltr'><strong>tribuissent,</strong></span> <span class='ocrx_word' id='word_1_354' title='bbox 1529 2458 1598 2496; x_wconf 90' lang='lat' dir='ltr'><strong>sed</strong></span> <span class='ocrx_word' id='word_1_355' title='bbox 1616 2459 1656 2496; x_wconf 87' lang='lat' dir='ltr'><strong>in</strong></span> <span class='ocrx_word' id='word_1_356' title='bbox 1675 2456 1820 2499; x_wconf 80' lang='lat' dir='ltr'><strong>Tiberii</strong></span> 
     </span>
     <span class='ocr_line' id='line_1_34' title="bbox 275 2526 1819 2583; baseline -0.003 -13"><span class='ocrx_word' id='word_1_357' title='bbox 275 2535 437 2582; x_wconf 84' lang='lat' dir='ltr'><strong>gratiam</strong></span> <span class='ocrx_word' id='word_1_358' title='bbox 463 2533 657 2583; x_wconf 81' lang='lat' dir='ltr'><strong>vulgarem</strong></span> <span class='ocrx_word' id='word_1_359' title='bbox 685 2533 786 2571; x_wconf 88' lang='lat' dir='ltr'><strong>illam</strong></span> <span class='ocrx_word' id='word_1_360' title='bbox 815 2532 977 2581; x_wconf 80' lang='lat' dir='ltr'><strong>famam,</strong></span> <span class='ocrx_word' id='word_1_361' title='bbox 1018 2542 1094 2581; x_wconf 80' lang='lat' dir='ltr'><strong>qua</strong></span> <span class='ocrx_word' id='word_1_362' title='bbox 1123 2530 1261 2567; x_wconf 87' lang='lat' dir='ltr'><strong>caedes</strong></span> <span class='ocrx_word' id='word_1_363' title='bbox 1297 2541 1448 2580; x_wconf 92' lang='lat' dir='ltr'><strong>quoque</strong></span> <span class='ocrx_word' id='word_1_364' title='bbox 1477 2527 1654 2565; x_wconf 82' lang='lat' dir='ltr'><strong>Artaxiae</strong></span> <span class='ocrx_word' id='word_1_365' title='bbox 1682 2526 1819 2565; x_wconf 51' lang='lat' dir='ltr'><strong>adfines</strong></span> 
     </span>
     <span class='ocr_line' id='line_1_35' title="bbox 273 2592 1819 2652; baseline -0.005 -15"><span class='ocrx_word' id='word_1_366' title='bbox 273 2613 297 2636; x_wconf 90' lang='lat' dir='ltr'><strong>a</strong></span> <span class='ocrx_word' id='word_1_367' title='bbox 325 2601 481 2639; x_wconf 87' lang='lat' dir='ltr'><strong>Tiberio</strong></span> <span class='ocrx_word' id='word_1_368' title='bbox 512 2606 642 2652; x_wconf 85' lang='lat' dir='ltr'><strong>gestas</strong></span> <span class='ocrx_word' id='word_1_369' title='bbox 675 2601 798 2640; x_wconf 80' lang='lat' dir='ltr'><strong>relata</strong></span> <span class='ocrx_word' id='word_1_370' title='bbox 836 2603 951 2639; x_wconf 84' lang='lat' dir='ltr'><strong>esset.</strong></span> <span class='ocrx_word' id='word_1_371' title='bbox 1004 2598 1133 2636; x_wconf 89' lang='lat' dir='ltr'><strong>Simile</strong></span> <span class='ocrx_word' id='word_1_372' title='bbox 1167 2597 1255 2648; x_wconf 89' lang='lat' dir='ltr'><strong>quid</strong></span> <span class='ocrx_word' id='word_1_373' title='bbox 1290 2596 1442 2648; x_wconf 86' lang='lat' dir='ltr'><strong>Lipsius</strong></span> <span class='ocrx_word' id='word_1_374' title='bbox 1480 2596 1530 2633; x_wconf 81' lang='lat' dir='ltr'><strong>ad</strong></span> <span class='ocrx_word' id='word_1_375' title='bbox 1565 2594 1668 2633; x_wconf 88' lang='lat' dir='ltr'><strong>illum</strong></span> <span class='ocrx_word' id='word_1_376' title='bbox 1694 2592 1819 2632; x_wconf 78' lang='lat' dir='ltr'><strong>Taciti</strong></span> 
     </span>
     <span class='ocr_line' id='line_1_36' title="bbox 274 2652 1818 2719; baseline -0.003 -16"><span class='ocrx_word' id='word_1_377' title='bbox 274 2667 397 2705; x_wconf 89' lang='lat' dir='ltr'><strong>locum</strong></span> <span class='ocrx_word' id='word_1_378' title='bbox 427 2670 569 2719; x_wconf 84' lang='lat' dir='ltr'><strong>sensit,</strong></span> <span class='ocrx_word' id='word_1_379' title='bbox 606 2670 673 2708; x_wconf 91' lang='lat' dir='ltr'><strong>sed</strong></span> <span class='ocrx_word' id='word_1_380' title='bbox 701 2683 750 2708; x_wconf 91' lang='lat' dir='ltr'><strong>ne</strong></span> <span class='ocrx_word' id='word_1_381' title='bbox 777 2668 844 2706; x_wconf 87' lang='lat' dir='ltr'><strong>tali</strong></span> <span class='ocrx_word' id='word_1_382' title='bbox 875 2667 1023 2718; x_wconf 86' lang='lat' dir='ltr'><strong>quidem</strong></span> <span class='ocrx_word' id='word_1_383' title='bbox 1051 2666 1200 2705; x_wconf 81' lang='lat' dir='ltr'><strong>vindice</strong></span> <span class='ocrx_word' id='word_1_384' title='bbox 1237 2670 1275 2704; x_wconf 90' lang='lat' dir='ltr'><strong>et</strong></span> <span class='ocrx_word' id='word_1_385' title='bbox 1308 2652 1540 2716; x_wconf 86' lang='lat' dir='ltr'><strong>sospitatore</strong></span> <span class='ocrx_word' id='word_1_386' title='bbox 1568 2662 1712 2713; x_wconf 83' lang='lat' dir='ltr'><strong>indiget</strong></span> <span class='ocrx_word' id='word_1_387' title='bbox 1735 2660 1818 2719; x_wconf 75' lang='lat' dir='ltr'><strong>Ho-</strong></span> 
     </span>
     <span class='ocr_line' id='line_1_37' title="bbox 273 2732 1523 2788; baseline 0 -18"><span class='ocrx_word' id='word_1_388' title='bbox 273 2735 402 2771; x_wconf 88' lang='lat' dir='ltr'><strong>ratius.</strong></span> <span class='ocrx_word' id='word_1_389' title='bbox 433 2737 543 2775; x_wconf 84' lang='lat' dir='ltr'><strong>Conf.</strong></span> <span class='ocrx_word' id='word_1_390' title='bbox 574 2737 687 2775; x_wconf 89' lang='lat' dir='ltr'><strong>Both.</strong></span> <span class='ocrx_word' id='word_1_391' title='bbox 718 2750 870 2788; x_wconf 85' lang='lat' dir='ltr'><strong>quoque</strong></span> <span class='ocrx_word' id='word_1_392' title='bbox 899 2738 948 2775; x_wconf 89' lang='lat' dir='ltr'><strong>ad</strong></span> <span class='ocrx_word' id='word_1_393' title='bbox 974 2736 1048 2774; x_wconf 88' lang='lat' dir='ltr'><strong>Od.</strong></span> <span class='ocrx_word' id='word_1_394' title='bbox 1078 2733 1121 2784; x_wconf 89' lang='lat'><strong>4,</strong></span> <span class='ocrx_word' id='word_1_395' title='bbox 1154 2732 1220 2783; x_wconf 90' lang='lat'><strong>15,</strong></span> <span class='ocrx_word' id='word_1_396' title='bbox 1250 2735 1288 2774; x_wconf 87' lang='grc'><strong>9.</strong></span> <span class='ocrx_word' id='word_1_397' title='bbox 1318 2734 1378 2771; x_wconf 85' lang='lat' dir='ltr'><strong>ed.</strong></span> <span class='ocrx_word' id='word_1_398' title='bbox 1406 2732 1523 2773; x_wconf 84' lang='lat' dir='ltr'><strong>Feae.</strong></span> 
     </span>
    </p>

    <p class='ocr_par' dir='ltr' id='par_1_4' title="bbox 273 2795 1817 2987">
     <span class='ocr_line' id='line_1_38' title="bbox 385 2795 1817 2857; baseline -0.006 -14"><span class='ocrx_word' id='word_1_399' title='bbox 385 2802 430 2841; x_wconf 89' lang='lat' dir='ltr'><strong>V.</strong></span> <span class='ocrx_word' id='word_1_400' title='bbox 458 2805 525 2843; x_wconf 90' lang='lat'><strong>27.</strong></span> <span class='ocrx_word' id='word_1_401' title='bbox 559 2807 635 2852; x_wconf 77' lang='lat' dir='ltr'><strong>jas</strong></span> <span class='ocrx_word' id='word_1_402' title='bbox 674 2806 964 2857; x_wconf 77' lang='lat' dir='ltr'><strong>imperiumque</strong></span> <span class='ocrx_word' id='word_1_403' title='bbox 1002 2803 1200 2856; x_wconf 75' lang='lat' dir='ltr'><strong>Phraates</strong></span> <span class='ocrx_word' id='word_1_404' title='bbox 1243 2802 1426 2839; x_wconf 72' lang='lat' dir='ltr'><strong>Caesaris</strong></span> <span class='ocrx_word' id='word_1_405' title='bbox 1463 2805 1613 2849; x_wconf 70' lang='lat' dir='ltr'><strong>accepti</strong></span> <span class='ocrx_word' id='word_1_406' title='bbox 1646 2795 1817 2848; x_wconf 72' lang='lat' dir='ltr'><strong>genibuc</strong></span> 
     </span>
     <span class='ocr_line' id='line_1_39' title="bbox 273 2867 1815 2924; baseline -0.003 -18"><span class='ocrx_word' id='word_1_407' title='bbox 273 2868 415 2906; x_wconf 85' lang='lat' dir='ltr'><strong>minor.</strong></span> <span class='ocrx_word' id='word_1_408' title='bbox 469 2871 550 2908; x_wconf 78' lang='lat' dir='ltr'><strong>Jos.</strong></span> <span class='ocrx_word' id='word_1_409' title='bbox 581 2873 764 2912; x_wconf 59' lang='lat' dir='ltr'><strong>Bswkel:</strong></span> <span class='ocrx_word' id='word_1_410' title='bbox 809 2870 1006 2924; x_wconf 82' lang='lat' dir='ltr'><strong>„Caesars</strong></span> <span class='ocrx_word' id='word_1_411' title='bbox 1044 2869 1374 2921; x_wconf 85' lang='lat' dir='ltr'><strong>Herrschergebot</strong></span> <span class='ocrx_word' id='word_1_412' title='bbox 1411 2867 1487 2906; x_wconf 86' lang='lat' dir='ltr'><strong>und</strong></span> <span class='ocrx_word' id='word_1_413' title='bbox 1524 2867 1668 2904; x_wconf 80' lang='lat' dir='ltr'><strong>Gesetz</strong></span> <span class='ocrx_word' id='word_1_414' title='bbox 1702 2867 1815 2904; x_wconf 85' lang='lat' dir='ltr'><strong>nahm</strong></span> 
     </span>
     <span class='ocr_line' id='line_1_40' title="bbox 273 2934 1813 2987; baseline -0.003 -11"><span class='ocrx_word' id='word_1_415' title='bbox 273 2936 401 2987; x_wconf 74' lang='lat' dir='ltr'><strong>Konig</strong></span> <span class='ocrx_word' id='word_1_416' title='bbox 430 2936 613 2978; x_wconf 81' lang='lat' dir='ltr'><strong>Phraates</strong></span> <span class='ocrx_word' id='word_1_417' title='bbox 643 2940 814 2980; x_wconf 89' lang='lat' dir='ltr'><strong>Flehend</strong></span> <span class='ocrx_word' id='word_1_418' title='bbox 842 2942 880 2979; x_wconf 92' lang='lat' dir='ltr'><strong>in</strong></span> <span class='ocrx_word' id='word_1_419' title='bbox 906 2939 1073 2980; x_wconf 88' lang='lat' dir='ltr'><strong>Demuth</strong></span> <span class='ocrx_word' id='word_1_420' title='bbox 1100 2940 1195 2980; x_wconf 82' lang='lat' dir='ltr'><strong>an.“</strong></span> <span class='ocrx_word' id='word_1_421' title='bbox 1238 2939 1422 2978; x_wconf 82' lang='lat' dir='ltr'><strong>Phraates</strong></span> <span class='ocrx_word' id='word_1_422' title='bbox 1455 2935 1518 2977; x_wconf 86' lang='lat' dir='ltr'><strong>IV.</strong></span> <span class='ocrx_word' id='word_1_423' title='bbox 1554 2947 1620 2973; x_wconf 88' lang='lat' dir='ltr'><strong>seu</strong></span> <span class='ocrx_word' id='word_1_424' title='bbox 1653 2934 1813 2973; x_wconf 80' lang='lat' dir='ltr'><strong>Arsaces</strong></span> 
     </span>
    </p>
   </div>
  </div>
 </body>
</html>
