1910 3138
315 237 399 282 378
470 238 753 279 COMMENT.
774 238 831 279 IN
850 238 976 278 HoR.
994 238 1094 278 LIB.
1116 239 1146 279 Ι.
1188 238 1352 280 EPIST.
1366 239 1519 282 sEPT.
1538 236 1718 281 Dsscffl.
1786 239 1844 282 80

314 356 408 394 tium
435 365 578 392 veneno
602 352 784 404 pestifero
809 351 962 390 Mitsch.
991 353 1042 390 ad
1068 352 1144 391 Od.
1166 354 1205 403 1,
1235 354 1277 403 8,
1305 352 1346 395 8'.
1374 349 1531 405 Forbig.
1551 354 1599 392 ad
1624 354 1730 405 Virg.
1757 351 1840 392 Bel.

315 424 450 472 3‚·93.
490 421 631 461 Rader.
660 421 710 458 ad
746 420 858 459 Mart.
882 421 923 466 3,
951 420 1006 461 33
1047 419 1160 471 (44),
1195 421 1236 461 7.
1267 420 1356 459 con.
1381 421 1567 461 Wiistem.
1602 423 1651 460 ad
1677 421 1841 461 Theocr.

316 492 384 543 15,
417 491 484 531 58.
511 489 633 527 Halm.
661 489 711 526 ad
741 488 819 526 Cic.
850 489 889 526 in
919 488 1041 528 Vatin.
1072 490 1111 538 2,
1141 486 1179 528 4.
1207 501 1247 538 p.
1275 487 1358 537 41„
1387 489 1436 528 de
1460 491 1573 528 eam&
1594 496 1634 531 et
1654 490 1842 541 serpentis

314 563 524 599 intercursu
546 557 780 608 inauspicato
803 556 954 595 Mitsch.
984 561 1023 595 et
1035 555 1161 595 Liibk.
1186 557 1234 594 ad
1262 556 1339 595 od.
1355 557 1396 606 3,
1417 559 1485 607 27,
1512 560 1536 601 2
1555 579 1603 587 -—-
1618 554 1660 597 4.
1688 556 1841 597 Ruhnk.

314 627 362 664 ad
392 625 553 668 Terent,
583 625 667 663 loco
687 624 801 676 paulo
832 628 919 663 ante
947 623 1121 674 laudam,
1152 624 1316 663 Casaub.
1343 626 1393 663 ad
1417 624 1609 678 Theophr.
1634 625 1747 664 Char.
1777 624 1844 673 16,

316 696 354 734 1.
381 707 420 745 p.
453 695 545 734 177.
578 692 671 733 180.
701 691 787 730 coll.
818 691 972 743 Forbig.
995 694 1044 730 ad
1066 693 1170 744 Vix-g.
1199 694 1271 735 Ge.
1301 694 1341 743 1,
1364 692 1459 735 470.
1486 693 1596 734 cort.
1625 694 1673 732 ad
1698 692 1843 732 Lucan.

316 762 355 810 1,
386 761 483 803 548.
524 761 629 799 Gies.
667 761 716 798 ad
757 760 839 798 Cic.
876 761 924 799 de
949 760 1077 800 Divin.
1107 764 1147 811 2,
1177 762 1246 811 28,
1283 762 1352 804 62.
1395 762 1560 813 itemque
1593 761 1642 800 de
1668 761 1844 800 timendis

314 829 468 867 canibus
496 831 583 867 ante
607 829 742 879 januas
772 828 830 867 vel
859 833 994 868 catena
1021 829 1181 879 alligatis
1208 829 1267 868 vel
1291 830 1342 867 ad
1369 830 1552 881 parietem
1581 842 1662 868 cum
1681 829 1844 882 inscrip-

314 898 437 935 tione:
468 910 565 935 cave
589 898 755 935 canem!
781 898 893 949 pictis
919 898 995 936 vid.
1012 897 1154 936 Rader.
1180 898 1230 935 ad
1250 897 1359 936 Mart.
1377 899 1444 948 11,
1466 899 1520 939 17
1549 898 1660 948 (33),
1686 895 1724 939 4.
1749 897 1844 938 Pas-

316 977 402 1004 soV.
430 966 479 1003 ad
507 965 614 1007 Pers.
645 966 675 1003 I.
704 979 744 1017 p.
773 964 869 1007 339.
906 965 1060 1004 Oehler.
1085 966 1136 1003 ad
1163 965 1256 1005 Ter.
1291 967 1402 1005 Varr.
1429 967 1511 1005 Sat.
1540 966 1710 1019 Menipp.
1742 965 1844 1004 XIV·

313 1047 353 1085 p.
392 1033 486 1075 105.
524 1033 607 1075 coll.
643 1034 803 1072 Becker.
839 1033 937 1072 Gall.
974 1033 1003 1072 1.
1045 1047 1084 1085 Ρ.
1113 1035 1182 1075 76.
1221 1038 1260 1072 et
1301 1034 1350 1083 de
1385 1034 1562 1084 anguium
1595 1035 1758 1084 imagine
1793 1034 1842 1072 ad

314 1102 562 1140 deterrendos
593 1114 616 1139 a
643 1102 807 1152 quodam
845 1102 928 1140 loco
954 1101 1125 1140 homines
1152 1101 1212 1140 vel
1249 1103 1402 1154 appicta
1426 1102 1488 1140 vel
1525 1104 1701 1155 apposim
1734 1101 1843 1140 Pass.

314 1170 339 1208 l.
368 1169 392 1212 l.
423 1183 462 1220 p.
487 1168 584 1211 342.
615 1174 654 1209 et
683 1171 731 1208 Ο.
758 1170 868 1208 Jahn.
894 1170 942 1208 ad
969 1169 1077 1209 Pers.
1112 1171 1147 1217 1,
1179 1171 1260 1211 113
1275 1168 1327 1220 *).
1355 1170 1408 1208 At
1429 1171 1608 1222 quicquid
1633 1175 1713 1222 est,
1738 1170 1845 1222 inep-

314 1238 360 1276 tit
390 1237 549 1277 Baxter
576 1239 774 1290 proposito
802 1238 1074 1290 parricidarum
1103 1238 1210 1276 culeo
1238 1242 1341 1277 recte
1369 1239 1572 1288 castigatus
1601 1251 1625 1276 a
1659 1238 1844 1287 Gema-o,

315 1319 429 1356 quum
449 1306 484 1344 ei
513 1305 602 1343 illud
630 1306 886 1358 Theophrasti
914 1305 970 1356 [1‚
990 1304 1036 1358 4]
1057 1304 1250 1358 ἐπίβουλα
1275 1301 1545 1357 φυλάττεσθαι
1564 1307 1716 1359 μᾶλλον
1737 1303 1848 1357 δεῖἢ

312 1371 409 1422 τούς
447 1372 547 1426 ἔχεις
573 1374 746 1426 apposite
774 1375 977 1425 ingereret.
1033 1373 1093 1412 De
1122 1373 1242 1411 vitata
1273 1373 1464 1424 chlamyde
1510 1373 1683 1412 Orellius
1717 1374 1847 1413 laudat

314 1443 445 1494 Epict.
467 1442 572 1481 Diss.
602 1445 643 1492 1,
671 1441 741 1492 24,
767 1444 805 1483 7.
835 1440 878 1483 τὸ
909 1440 951 1482 δὲ
984 1439 1139 1495 γυμνόν
1171 1437 1275 1482 εἶναι
1307 1440 1428 1496 λέγει,
1465 1438 1523 1483 ὅτι
1554 1445 1739 1496 κρεῖσσον
1765 1440 1846 1482 ἔστι

311 1506 423 1563 πόση
441 1507 783 1565 ςπεριπορφύρου.
812 1533 870 1540 ——
898 1510 945 1548 V.
972 1512 1040 1552 31.
1073 1511 1262 1548 morietur
1277 1511 1432 1563 frigore
1443 1539 1459 1557 ,
1494 1512 1532 1548 si
1557 1523 1636 1548 non
1666 1513 1738 1548 etc.
1781 1509 1848 1548 Ne

315 1579 437 1617 dicam
463 1579 511 1617 de
546 1580 719 1632 Cruquii
741 1578 1008 1630 explicatione,
1045 1579 1104 1617 cui
1127 1578 1274 1630 frigus
1306 1578 1366 1617 hic
1400 1582 1477 1617 tam
1504 1579 1551 1617 ad
1584 1578 1751 1616 animum
1771 1590 1845 1630 pro

315 1654 495 1701 stupore,
524 1652 648 1698 metu,
669 1647 845 1699 ineptiis,
873 1661 983 1698 quam
1003 1648 1051 1686 ad
1075 1661 1210 1699 corpus
1231 1647 1421 1698 pertinere
1447 1646 1619 1697 videtur,
1650 1658 1734 1684 mea
1760 1645 1846 1697 qui—

316 1718 402 1756 dem
431 1718 621 1756 sententia
651 1716 779 1768 potius
809 1715 1023 1768 philosophi
1052 1712 1352 1767 describitur**)
1383 1715 1562 1764 stultitia,
1598 1726 1711 1765 quam
1737 1712 1844 1762 „ob-

316 1785 467 1823 stinatio
496 1785 655 1835 animi‚“
683 1798 795 1835 quam
819 1785 968 1835 quidem
992 1784 1222 1835 Rappoltus
1246 1784 1373 1825 sentit.
1429 1784 1486 1821 lta
1505 1782 1668 1833 Cynicus
1695 1780 1756 1819 ille
1783 1792 1843 1832 ap.

314 1851 470 1890 Lucian.
505 1855 569 1893 17.
599 1850 709 1906 κάγώ
734 1850 807 1904 μὲν
837 1848 973 1900 ἱκανὸς
995 1851 1060 1892 καὶ
1090 1851 1226 1906 ῥίγους
1253 1848 1465 1904 ἀνέχεσθαι
1489 1850 1557 1891 καὶ
1585 1846 1744 1898 θάλπος
1771 1846 1842 1899 φέ-

317 1934 403 1974 ρειν
430 1925 504 1958 ete.
543 1921 693 1959 Eodem
720 1922 819 1959 redit
846 1934 917 1958 vox
946 1921 1030 1957 sine
1058 1922 1170 1957 vivat
1206 1922 1384 1971 ineptus,
1425 1920 1528 1970 quod
1557 1914 1793 1972 ἆκρόστιχον
1821 1929 1844 1954 a

314 1987 446 2027 Persio
482 1987 523 2038 5,
560 1989 653 2028 175.
693 1989 875 2026 imitando
915 2001 1130 2039 expressum
1165 1990 1341 2040 opinatur
1386 1987 1645 2026 casaubonus
1678 1999 1717 2037 p.
1746 1984 1843 2026 553.

248 2099 251 2103 ,
316 2056 480 2095 Similem
506 2057 777 2094 sententiarum
810 2056 979 2092 ordinem
1011 2056 1193 2093 irrisionis
1225 2056 1376 2108 plenum
1412 2054 1654 2094 indicavimus
1687 2053 1736 2091 ad
1774 2052 1843 2102 16,

317 2127 383 2167 69.
426 2124 469 2162 Iu
498 2125 723 2162 sententiam
751 2124 873 2175 ipsam
898 2122 1056 2161 Lucian.
1086 2123 1179 2161 ibid.
1213 2125 1252 2164 5.
1281 2121 1326 2164 τό
1353 2121 1396 2164 δὲ
1418 2123 1580 2164 πάντων
1599 2118 1752 2163 τούτων
1771 2120 1843 2172 ζῆν

317 2189 659 2247 ἀπεστερημένον,
688 2188 835 2231 ἄθλιον
859 2187 932 2242 μὲν
954 2212 1009 2220 -
1040 2214 1094 2220 --
1124 2213 1178 2219 -
1206 2189 1310 2232 nol-11¹
1338 2190 1381 2232 δὲ
1411 2188 1683 2243 ἀθλιώτερον,
1719 2187 1758 2229 εἷ’
1782 2203 1842 2236 τις

427 2363 465 2410 *)
486 2365 639 2400 Verbum
665 2364 767 2410 pejus
794 2368 850 2398 est
873 2368 1030 2398 nostrum
1053 2363 1184 2407 „iirger
1205 2362 1283 2398 αἰεί(
1311 2369 1352 2397 ut
1373 2363 1444 2398 Od.
1465 2359 1503 2408 4,
1520 2363 1555 2407 9,
1584 2360 1643 2397 50.
1668 2361 1845 2406 Pejusque

318 2424 385 2459 leto
407 2442 452 2449 —
469 2422 576 2458 timet.
600 2421 716 2456 Plaut.
732 2421 842 2455 Most.
859 2422 890 2466 1,
905 2421 940 2466 3,
966 2420 1045 2456 133.
1079 2420 1267 2456 Pulchrum
1289 2425 1455 2455 ornatum
1473 2425 1593 2465 turpes
1615 2429 1728 2453 mores
1746 2419 1846 2464 pejus

317 2491 423 2514 coeno
443 2479 625 2514 collinunt.
646 2478 723 2513 Cic.
741 2478 862 2524 Epist.
881 2478 927 2512 ad
946 2477 1029 2511 Div.
1044 2477 1078 2520 7,
1098 2479 1132 2522 2,
1152 2474 1187 2511 5.
1207 2478 1350 2512 oderam
1368 2478 1477 2511 multo
1487 2477 1588 2521 pejus
1601 2476 1715 2520 hunc,
1738 2485 1843 2520 quan

315 2537 413 2571 illum
426 2537 538 2582 ipsum
555 2535 725 2570 Clodiam.
746 2535 801 2569 Id.
818 2534 911 2570 Phil.
929 2535 985 2579 11,
1002 2533 1035 2577 5,
1052 2536 1108 2571 12.
1129 2544 1196 2579 quo
1209 2533 1380 2569 neminem
1394 2533 1552 2568 veteram·
1566 2533 1668 2578 pejus
1682 2533 1843 2567 oderunt.

315 2592 415 2627 Brut.
438 2592 558 2638 Epist.
588 2593 634 2626 ad
662 2591 740 2626 Cic.
763 2593 816 2627 16.
847 2593 930 2627 dum
952 2591 1079 2626 servire
1106 2596 1141 2626 et
1161 2590 1240 2636 pati
1256 2591 1480 2625 contumelias
1496 2591 1597 2636 pejus
1621 2589 1726 2624 odero
1744 2586 1843 2622 malie

317 2651 472 2684 omnibus
496 2650 582 2684 aliis.
629 2649 685 2683 De
705 2649 971 2683 constructione
986 2659 1075 2682 cane
1091 2648 1190 2693 pejus
1213 2646 1344 2692 (qualis
1367 2653 1422 2682 est
1442 2647 1514 2681 Od.
1541 2648 1574 2690 1,
1595 2647 1653 2689 12,
1669 2644 1746 2688 13.)
1766 2642 1840 2677 vid.

318 2717 396 2742 ann.
419 2707 462 2740 ad
483 2703 538 2750 14,
559 2705 617 2742 23.
641 2710 677 2739 et
696 2707 821 2740 Gossr.
846 2706 891 2740 ad
912 2704 1014 2750 Virg.
1030 2706 1118 2738 Aen.
1140 2705 1173 2748 1,
1191 2703 1246 2738 15.
1272 2704 1303 2739 V
1302 2704 1416 2739 itandi
1429 2705 1541 2738 verbo
1561 2699 1770 2737 contrarium
1785 2702 1842 2732 eet

315 2767 450 2805 petere,
474 2762 544 2797 vid.
567 2761 700 2797 Hauth.
716 2762 774 2797 ad.
790 2763 891 2797 Pers.
907 2774 943 2808 Ρ.
961 2762 1042 2800 399.
1058 2761 1137 2796 coll.
1156 2771 1225 2796 van
1243 2761 1380 2795 Heusd.
1401 2760 1445 2795 ad
1464 2761 1542 2796 Sat.
1563 2761 1596 2803 1,
1616 2757 1650 2801 9,
1663 2752 1723 2790 34·
1747 2754 1841 2788 Doe-

318 2816 405 2851 derl.
429 2819 514 2861 Syn.
529 2819 590 2852 VI.
611 2831 647 2863 p.
662 2818 721 2854 57.

412 2882 467 2926 **)
488 2884 647 2919 Danae.
666 2887 729 2930 (v,
745 2898 781 2930 p.
794 2885 902 2928 301):
925 2886 1045 2930 „Irrig
1064 2886 1226 2920 hemerkt
1247 2885 1357 2920 orem
1373 2895 1415 2919 zu
1434 2884 1584 2928 ineptus:
1605 2876 1730 2924 Cynici
1746 2876 1841 2911 '³¹¹⁶‘

318 2938 547 2973 rusticitatem
569 2953 610 2975 ac
625 2942 881 2986 proterviam.“
1883 2944 1887 2948 ”
