1910 3138
282 237 366 279 406

856 238 1246 280 HORATII

1751 245 1805 286 58

354 353 466 411 Quid
501 353 555 397 de
590 366 756 413 quoque
791 354 883 398 viro
921 356 966 398 et
997 356 1065 400 cui
1098 355 1244 416 dicas,
1279 371 1412 418 saepe
1443 360 1605 406 videto.

350 433 699 479 Percontatorem
733 432 898 494 fugito:
930 449 1029 479 nam
1063 437 1267 495 garrulus
1306 437 1418 482 idem
1451 442 1534 501 est,

349 512 444 556 Nec
471 513 655 556 retinent
680 513 853 570 patulae
878 516 1102 559 commissa
1125 514 1307 560 fideliter
1330 530 1473 578 aures,

1754 519 1808 562 70

349 591 410 636 Et
433 593 568 636 semel
591 594 790 638 emissum
813 594 932 638 volat
953 595 1233 641 irrevocabile
1258 597 1452 641 verbum.

349 673 450 716 Non
476 673 634 717 ancilla
656 675 775 718 tuum
795 676 921 730 jecur
943 675 1109 718 ulceret
1130 675 1220 720 ulla
1241 690 1404 736 puerve

348 751 467 795 Intra
502 766 787 798 marmoreum
820 753 1054 798 venerandi
1087 754 1213 799 limen
1247 757 1389 816 amici,

349 833 415 876 Ne
451 831 642 876 dominus
677 834 800 892 pueri
827 833 991 893 pulchri
1018 848 1203 879 caraeve
1226 836 1399 894 puellae

347 912 532 957 Munere
565 915 609 956 te
643 926 779 971 parvo
813 913 912 958 beet
943 916 1018 957 aut
1051 915 1339 960 incommodus
1377 917 1530 976 angat.

1755 914 1808 957 75

352 991 538 1048 Qualem
560 991 857 1052 commendes9
888 994 1016 1038 etiam
1042 997 1170 1053 atque
1196 996 1324 1039 etiam
1351 996 1520 1056 aspice,
1546 1008 1602 1039 ne
1626 1007 1727 1039 mox

348 1072 559 1116 Incutiant
583 1070 724 1114 aliena
752 1071 823 1115 tibi
847 1078 1028 1132 peccata
1052 1074 1270 1134 pudorem.

280 1186 332 1220 let
350 1186 526 1230 Guyetus.
545 1204 602 1210 —-
629 1183 671 1218 V.
691 1185 749 1220 68.
772 1186 863 1230 Quid
880 1187 924 1222 de
943 1200 1027 1233 quo-

279 1255 347 1288 que
360 1242 445 1285 viro,
461 1248 506 1278 et.
524 1241 598 1276 Sic.
612 1242 695 1277 dist.
711 1242 791 1277 edd.
803 1244 902 1289 vulg.
919 1245 1026 1280 etiam

280 1301 370 1334 Fea.
388 1299 506 1333 Schm.
519 1298 622 1334 Jahn.
636 1299 797 1334 Hoched.
813 1301 916 1337 Pass.
934 1302 1025 1336 Mei-

281 1358 363 1391 nek.
406 1357 518 1401 Quid,
550 1357 592 1390 de
611 1367 746 1400 quoque
765 1357 857 1402 viro,
878 1365 924 1394 et.
962 1360 1024 1394 Sic

282 1413 361 1450 edd.
370 1413 531 1447 Britann.
540 1413 664 1447 Oberl.
678 1414 895 1450 Comb.Bad.
905 1417 1023 1451 Wetz.

279 1471 430 1506 Haberf.
438 1471 601 1505 Praedic.
613 1470 669 1506 Ik.
679 1471 776 1507 Pott.
788 1473 878 1507 zell.
888 1473 1024 1520 Charp.

279 1530 411 1573 Aman,
427 1532 680 1573 expresserunt
693 1528 851 1575 interpp.
865 1530 1025 1575 Vossius,

282 1585 461 1630 Scheller,
479 1585 513 1624 J.
528 1584 693 1629 Merkel„
714 1587 919 1631 comprobat
937 1588 1026 1622 Por-

280 1642 455 1688 phyrione
481 1647 627 1677 auctore
656 1643 854 1688 Bentlejus.
880 1665 928 1671 —-
951 1645 1025 1679 viro

280 1700 346 1733 cui.
384 1699 453 1733 Ms.
479 1699 593 1735 Orell.
621 1700 659 1732 S.
682 1704 720 1734 et
747 1701 845 1735 Mon.
865 1713 897 1736 e.
922 1702 1025 1736 Hanc

281 1755 492 1799 scripturam
520 1768 591 1790 non
620 1756 742 1801 rejicit
770 1758 939 1792 Orellius.
968 1779 1025 1785 ——-

281 1812 337 1846 cui
359 1812 454 1846 dicis.
499 1813 597 1847 Mon.
627 1813 654 1847 f.
682 1833 739 1839 ——
765 1826 870 1860 saepe
891 1821 1021 1850 caveto.

282 1867 343 1902 Sic
358 1868 450 1902 hunc
465 1880 499 1902 v.
517 1880 593 1903 cum
611 1880 671 1903 vv.
692 1871 738 1904 69
754 1890 810 1896 -—
826 1873 885 1906 71.
905 1872 1027 1906 laudat

279 1926 384 1959 Vinc.
400 1924 537 1959 Bellov.
557 1927 594 1960 in
610 1927 719 1971 Spec.
739 1926 822 1961 hist.
838 1929 874 1972 7,
890 1930 949 1972 68,
965 1941 1028 1963 ex-

280 1981 415 2028 pressit
442 1981 573 2016 Malch.
595 1983 727 2016 Ecbas.
753 1983 897 2029 Captiv.
922 1981 1026 2020 1084.

280 2040 338 2074 Ne
358 2043 474 2072 autem
488 2039 686 2073 Pronomen
701 2044 740 2073 tu
756 2051 831 2074 cum
846 2041 1026 2076 Schmidio

281 2107 357 2130 meo
381 2106 458 2130 cum
477 2096 587 2130 verbo
612 2096 726 2130 videto
749 2098 1026 2143 conjungendum

282 2151 493 2198 suspiceris,
518 2153 611 2188 conf.
644 2154 722 2187 Sat.
751 2155 791 2196 2,
817 2154 861 2199 3,
885 2153 964 2190 185.
989 2159 1027 2189 et

282 2210 457 2245 Diintzeri
476 2209 658 2244 annotatio
674 2222 711 2255 p.
726 2209 807 2245 506.

338 2267 382 2301 V.
399 2267 456 2302 69.
478 2267 775 2302 percontatorem.
806 2265 867 2301 Sic
882 2278 928 2302 ex
945 2278 1028 2302 nos-

281 2325 348 2358 tris
369 2324 507 2370 quidem
533 2325 639 2358 Dess.
655 2325 689 2358 1.
718 2325 750 2359 2.
786 2323 895 2358 Goth.
924 2325 1027 2358 Gott.

284 2384 317 2416 1.
339 2382 373 2416 2.
395 2381 464 2414 Gu.
486 2382 519 2416 2.
540 2378 576 2415 4.
596 2380 698 2426 Lips.
722 2382 755 2415 1.
776 2381 816 2425 (a
836 2383 869 2416 2.
888 2381 966 2426 m.).
992 2383 1025 2417 2.

283 2440 323 2482 (a
343 2440 376 2472 1.
395 2438 460 2481 m.)
486 2437 522 2472 3.
551 2437 651 2471 Mon.
680 2441 720 2472 ut
745 2437 820 2472 vid.
843 2449 933 2473 omn.
954 2438 1027 2472 Ru-

283 2494 392 2529 dolst.
428 2493 503 2528 cod.
539 2494 689 2530 Mentel.
724 2495 1025 2533 Pereuntatorem.

284 2552 396 2585 Orell.
417 2551 452 2585 d.
475 2551 545 2584 Gu.
561 2552 594 2585 1.
618 2551 688 2585 Ed.
712 2551 822 2597 Cruq.
845 2552 1027 2587 Per-cunct.

284 2608 372 2642 Mss.
392 2607 513 2641 Berol.
534 2609 567 2641 1.
585 2609 618 2644 2.
650 2609 752 2642 Sant.
773 2609 877 2643 Dess.
897 2609 932 2643 3.
955 2609 1025 2643 Gn.

284 2664 317 2696 3.
341 2669 378 2698 et
398 2670 436 2697 ut
455 2663 528 2698 vid.
548 2664 660 2699 Dorv,
681 2667 712 2699 1.
729 2666 759 2699 2.
781 2665 865 2701 Vid.
881 2677 962 2700 ann.
980 2665 1026 2699 ad

285 2721 340 2762 16,
355 2722 387 2753 1.
408 2721 519 2754 locum
532 2721 620 2755 citat
634 2721 795 2755 Donatus
811 2722 855 2756 ad
872 2723 1022 2756 Terent.

284 2775 418 2821 Hecyr.
440 2779 472 2820 1,
491 2779 524 2820 2,
545 2774 603 2812 34.
621 2797 670 2803 --
700 2778 744 2811 V.
761 2779 820 2813 70.
841 2779 924 2813 Non
941 2779 1038 2813 reti-'

284 2838 380 2866 nent.
406 2833 475 2868 Ms.
495 2833 616 2872 Berol.
638 2835 669 2867 1.
690 2834 790 2868 sant.
810 2854 864 2860 -—
883 2835 1025 2870 reticent

285 2886 355 2919 ΜΒ.
376 2887 475 2922 Mon.
503 2901 533 2923 c.
560 2908 608 2915 —
634 2891 679 2923 V.
699 2891 756 2926 71.
788 2893 889 2934 Quod
909 2892 1024 2927 semel.

285 2941 355 2975 Ms.
375 2943 508 2979 Bersm.
525 2957 582 2980 un.
599 2948 669 2980 Gu.
688 2948 718 2981 1.
751 2946 839 2991 [him
869 2947 1026 2983 emissum

1071 1194 1119 1223 est
1137 1189 1222 1233 voh]
1238 1189 1286 1223 Et
1304 1189 1398 1222 volat
1422 1199 1490 1222 em.
1513 1188 1629 1222 semel.
1657 1186 1720 1221 Sic
1738 1187 1811 1220 lau-

1070 1246 1133 1280 dat
1163 1245 1396 1280 Hildebrand.
1432 1245 1526 1280 Mor.
1558 1241 1644 1289 phil.
1673 1256 1704 1278 c.
1729 1240 1812 1279 984.

1069 1302 1164 1338 Nam
1171 1303 1274 1336 semel
1284 1321 1331 1326 —
1343 1303 1484 1336 verbum
1493 1300 1672 1346 expressit
1678 1300 1812 1335 Malch.

1069 1359 1162 1394 Ecb.
1192 1359 1338 1404 CaptiV.
1371 1357 1472 1393 1050.
1506 1377 1555 1384 —-
1579 1358 1625 1391 V.
1644 1358 1703 1393 72.
1737 1368 1814 1391 una

1066 1427 1208 1462 puerve.
1224 1415 1293 1450 Ms.
1310 1415 1362 1453 lk.
1373 1411 1408 1451 4.
1423 1433 1471 1439 —
1483 1426 1618 1460 puer-ne
1631 1415 1702 1448 Gu.
1712 1410 1813 1450 4.—

1070 1473 1236 1507 ceterum
1260 1483 1321 1507 vv.
1350 1473 1395 1509 72
1417 1491 1464 1497 -
1485 1470 1543 1507 75.
1575 1471 1756 1506 Tar-teron
1774 1470 1813 1504 in

1071 1530 1127 1564 ed.
1147 1529 1260 1564 Paris.
1282 1526 1384 1574 694„
1415 1529 1571 1563 Batteux
1593 1527 1630 1562 in
1650 1527 1707 1562 ed.
1732 1528 1813 1562 Am-

1069 1587 1198 1621 stelod.
1217 1588 1298 1622 762.
1325 1591 1363 1620 et
1382 1586 1590 1621 Sanadonus
1609 1585 1813 1627 omiserunt,

1069 1644 1107 1678 in
1130 1644 1200 1678 Gru.
1225 1645 1258 1679 2.
1292 1643 1376 1678 ordo
1400 1653 1565 1678 versuum
1584 1646 1642 1677 est
1669 1642 1729 1678 73.
1754 1642 1813 1677 71.

1069 1702 1127 1737 72.
1145 1720 1193 1726 -
1214 1701 1256 1735 V.
1272 1701 1329 1735 73.
1350 1702 1448 1735 Inter
1461 1711 1588 1735 marm.
1607 1699 1680 1735 Ms.
1697 1699 1762 1733 Fe.
1777 1699 1813 1742 2,

1070 1771 1101 1793 c.
1122 1757 1242 1792 Berol.
1264 1759 1298 1793 2.
1317 1758 1416 1792 Mon.
1435 1769 1480 1791 m.
1502 1755 1596 1791 Edd.
1614 1761 1706 1791 vett.
1727 1764 1814 1801 qun

1070 1815 1192 1849 laudat
1199 1814 1287 1860 Fea,
1307 1814 1433 1860 quibus
1449 1813 1540 1848 adde
1547 1812 1648 1860 Lips·
1660 1809 1743 1849 492.
1753 1812 1812 1847 98.

1070 1871 1150 1908 502.
1167 1870 1279 1905 Locb.¹
1293 1868 1374 1907 498.
1386 1871 1470 1905 Bas.
1483 1868 1564 1906 527.
1580 1871 1690 1916 Cruq.
1702 1870 1813 1904 Doer.

1071 1930 1174 1962 Intra
1195 1939 1319 1966 marm,
1361 1927 1430 1961 Ed.
1453 1927 1531 1962 Ald.
1553 1925 1634 1963 501.
1657 1933 1695 1961 et
1714 1936 1811 1971 seqq.

1071 1985 1125 2018 De
1141 1985 1270 2029 partic.
1287 1984 1377 2018 inter
1397 1989 1434 2018 et
1450 1983 1548 2019 intra
1566 1985 1612 2018 cf.
1631 1981 1813 2018 Drakeub.

1071 2041 1114 2074 ad
1135 2040 1216 2074 Liv.
1231 2042 1264 2085 2,
1285 2042 1341 2084 10,
1358 2040 1415 2075 13.
1434 2040 1552 2076 Hand.
1574 2039 1731 2076 Turseli·
1746 2038 1812 2073 ΠΙ.

1071 2110 1108 2143 p.
1121 2094 1203 2132 410.
1225 2116 1270 2122 —
1290 2098 1333 2132 V.
1349 2095 1409 2132 74.
1429 2097 1502 2132 Nec
1516 2098 1607 2132 dom.
1622 2096 1693 2132 Ms.
1708 2096 1812 2130 Gott.

1073 2156 1106 2188 1.
1125 2154 1180 2189 Ne
1192 2155 1296 2199 pueri
1307 2155 1399 2189 dom.
1422 2154 1513 2190 Mss.
1530 2154 1595 2189 Fe.
1613 2154 1646 2198 1,
1666 2153 1702 2188 d.
1723 2163 1756 2186 e.
1777 2153 1813 2195 2,

1071 2210 1106 2247 h.
1128 2210 1163 2254 3,
1185 2222 1217 2245 a.
1238 2211 1273 2255 9,
1298 2222 1330 2245 a.
1363 2210 1474 2244 Goth.
1502 2211 1573 2245 Gu.
1591 2211 1627 2245 3.
1655 2209 1754 2244 Mon.
1772 2209 1811 2242 b.

1072 2278 1104 2301 c.
1135 2266 1230 2301 vict.
1259 2286 1315 2292 —
1342 2267 1480 2312 pulchri
1500 2266 1614 2312 pueri.
1644 2265 1743 2311 Lips.
1774 2265 1810 2299 3.

1071 2323 1168 2358 Μοη.
1199 2323 1234 2358 d.
1267 2324 1369 2369 pueri
1394 2323 1471 2357 cari
1487 2324 1710 2369 pulcraeque.
1739 2322 1812 2357 Ms.

1070 2380 1182 2414 Pulm.
1202 2381 1259 2415 11.
1278 2380 1355 2414 can·
1372 2379 1475 2425 pueri
1492 2380 1737 2426 pactumque.
1757 2378 1811 2414 1k.

1070 2434 1105 2471 4.
1126 2456 1174 2462 --
1193 2448 1342 2471 camene
1354 2437 1506 2482 puellae.
1529 2437 1600 2472 Gu.
1615 2432 1651 2471 4.
1674 2440 1712 2470 et
1731 2435 1813 2470 Vic-

1070 2498 1140 2528 tor.
1170 2512 1216 2517 —-
1240 2492 1295 2527 Ne
1312 2492 1426 2539 pulcri
1443 2493 1601 2527 dominus
1617 2492 1720 2538 pueri
1741 2496 1811 2530 etc.

1070 2550 1143 2596 legi
1161 2550 1294 2584 mavult
1317 2551 1433 2584 Bauer
1454 2549 1499 2583 ad
1519 2550 1642 2585 Sanct.
1659 2549 1811 2583 Minerv-

1071 2608 1119 2642 ΙΙ.
1139 2619 1176 2653 p.
1191 2605 1273 2642 335.
1294 2626 1350 2631 —
1370 2607 1414 2640 V.
1430 2605 1487 2640 75.
1508 2611 1630 2653 anget.
1654 2605 1725 2641 Ma.
1753 2605 1808 2639 Ik.

1069 2662 1105 2699 4.
1133 2664 1204 2698 Gu.
1222 2665 1254 2699 1.
1275 2663 1309 2697 3.
1329 2663 1426 2697 Mon.
1453 2675 1496 2697 m.
1515 2683 1562 2688 —
1581 2663 1685 2697 Vere.
1709 2657 1756 2696 74
1773 2665 1811 2694 et

1068 2720 1126 2757 75.
1147 2720 1242 2755 delet
1261 2721 1439 2765 GuyetuS.

1125 2778 1170 2812 V.
1182 2778 1240 2812 76.
1257 2778 1386 2820 Quales
1400 2776 1470 2810 Ms.
1488 2776 1591 2810 Dess.
1603 2774 1636 2808 2.
1647 2781 1808 2805 -com-

1070 2835 1227 2869 mendas.
1249 2834 1348 2868 Mon.
1369 2845 1402 2868 a.
1421 2831 1491 2866 Ed.
1512 2831 1600 2863 Ven·
1614 2827 1693 2863 552.
1714 2831 1807 2860 teste

1070 2891 1159 2926 Fen.
1177 2910 1234 2917 —
1254 2890 1379 2936 aspice.
1406 2889 1468 2923 Sic
1491 2887 1596 2921 Desa.
1618 2886 1650 2918 1.
1671 2883 1707 2917 3.
1726 2882 1806 2916 Μο-

1070 2947 1163 2992 rell„
1189 2947 1289 2993 Lips.
1313 2957 1401 2980 omn.
1418 2962 1469 2970 —
1488 2943 1532 2976 V.
1551 2941 1609 2976 77.
1629 2939 1807 2974 commissa
