1910 3138
265 241 350 284 480
787 239 1008 281 EXC'URS.
1039 240 1110 280 AD
1135 241 1183 280 V.
1210 242 1278 283 91.
1720 243 1799 284 182

264 358 303 395 id
333 357 425 395 satis
452 356 527 392 iam
552 365 578 391 a
606 352 795 392 Schmidio
825 358 865 393 et
891 353 1087 394 Diintzero
1114 353 1316 392 refutatum
1344 357 1417 392 est.
1470 354 1584 394 Aliud
1615 359 1676 394 est
1702 356 1803 394 enim

260 431 420 476 potores
449 421 579 459 bibuli
599 422 682 460 sine
710 422 967 461 additamento
997 422 1184 474 positum,
1212 421 1315 460 aliud
1336 428 1493 472 potores
1519 422 1650 461 bibuli
1671 423 1803 461 media

268 492 317 530 de
355 497 466 528 nocte
501 489 668 527 Falerni
703 489 740 527 h.
767 503 802 528 e.
841 491 906 541 qui
935 491 1063 529 media
1093 491 1142 528 de
1177 494 1291 529 nocte
1319 490 1522 531 Falernum
1550 492 1696 531 bibunt.
1739 491 1802 531 Ne

268 559 433 598 Orellius
463 559 615 609 quidem
640 558 723 610 ipse
749 557 837 597 huic
863 563 1083 609 argumento
1111 559 1267 597 multum
1294 560 1460 599 tribuere
1487 561 1661 610 videtur,
1689 574 1804 612 quum

266 627 531 679 gravissimum
566 627 724 665 rationis
764 640 855 665 suae
887 631 1149 678 argumentum
1186 628 1315 676 dicat,
1363 629 1468 678 quod
1493 629 1625 680 putida
1651 629 1801 667 omnino

266 699 465 736 videantur
491 710 553 737 vv.
582 695 715 733 media
744 695 792 733 de
817 701 928 732 nocte
954 702 991 732 et
1008 702 1214 733 nocturnos
1232 710 1398 747 vapores
1424 698 1479 736 ita
1497 710 1583 735 sese
1611 697 1803 749 excipien-

265 769 328 806 tia.
370 766 517 805 Vellem
543 764 709 803 Orellius
737 764 854 803 verbo
884 764 1100 812 docuisset,
1130 777 1197 802 cur
1223 765 1358 816 putida
1385 765 1456 804 sibi
1484 766 1699 816 videantur,
1728 778 1802 815 ego

266 841 368 875 certe
392 846 564 873 caussam
583 832 722 870 nullam
749 833 914 870 invenio.
955 833 1007 871 Et
1029 831 1245 872 Diintzerus
1265 834 1437 886 quidem,
1463 834 1644 872 Orellium
1661 833 1802 871 idcirco

265 905 304 943 in
327 904 400 942 illis
429 902 555 941 verbis
581 901 777 939 offendere
806 902 1042 952 suspicatur,
1071 902 1195 952 quod,
1225 903 1288 953 qui
1317 903 1443 941 media
1466 903 1514 941 de
1542 906 1656 940 nocte
1684 901 1802 949 bibat,

266 973 301 1010 ei
331 972 501 1010 nocturni
530 982 693 1021 vapores
721 983 799 1008 non
820 969 897 1008 sint
916 969 1075 1020 amplius
1102 970 1280 1018 timendi,
1311 984 1426 1022 quum
1445 972 1510 1010 diu
1535 974 1626 1023 post
1641 970 1802 1010 mediam

266 1044 417 1079 noctem
447 1038 611 1077 cubitum
641 1041 724 1087 eat,
754 1038 883 1088 itaque
913 1037 997 1089 ipse
1024 1038 1179 1089 statuit,
1207 1038 1409 1077 Horatium
1437 1052 1514 1077 non
1543 1040 1592 1078 de
1619 1043 1803 1078 nocturna

267 1108 486 1161 potatione,
515 1108 584 1145 sed
614 1107 662 1145 de
690 1107 825 1144 diurno
854 1107 1025 1144 convivio
1056 1107 1258 1157 cogitasse.
1302 1108 1392 1146 Mihi
1417 1121 1527 1146 secus
1558 1109 1715 1147 videtur.
1761 1108 1802 1145 Si

268 1178 317 1214 de
341 1176 476 1214 diurno
500 1175 671 1213 convivio
689 1175 871 1213 Horatius
897 1175 1103 1225 cogitaret,
1133 1176 1226 1213 satis
1252 1176 1415 1213 otiosum
1442 1181 1544 1215 esset
1563 1177 1804 1216 additamen-

268 1250 366 1284 tum:
407 1243 535 1282 bibuli
571 1243 702 1281 media
733 1242 782 1280 de
813 1246 934 1281 nocte
961 1241 1153 1288 Falerni,
1189 1243 1327 1281 deinde
1355 1244 1554 1295 potoribus
1591 1249 1804 1296 opponeret

266 1314 457 1352 hominem
483 1317 560 1350 tam
588 1312 776 1360 sobrium,
811 1315 854 1348 ut
884 1324 933 1348 ne
960 1310 1022 1348 die
1050 1311 1200 1362 quidem
1230 1313 1327 1350 inter
1358 1324 1515 1350 coenam
1542 1313 1670 1351 vinum
1698 1312 1802 1351 bibe-

266 1385 350 1432 ret,
391 1394 485 1431 ergo
514 1392 634 1431 aquae
662 1383 850 1431 potorem.
903 1378 1016 1424 Quod
1039 1379 1128 1417 mihi
1155 1393 1233 1416 non
1261 1380 1409 1418 videtur
1435 1380 1656 1430 verisimile,
1687 1394 1801 1432 quum

266 1450 412 1490 Lollius
440 1450 523 1488 sine
551 1448 665 1486 dubio
685 1460 760 1485 non
788 1446 820 1484 is
838 1446 973 1496 fuerit,
1000 1447 1060 1485 cui
1079 1446 1260 1486 Horatius
1280 1461 1376 1499 opus
1404 1460 1490 1486 esse
1508 1454 1661 1501 putaret
1686 1462 1802 1500 prae-

268 1519 411 1571 cipere:
445 1531 494 1556 ne
523 1518 576 1556 sis
613 1529 734 1567 aquae
769 1518 899 1567 potor.
957 1514 1108 1554 Etenim
1142 1515 1237 1554 haec
1269 1516 1395 1568 potius
1427 1516 1575 1555 Horatii
1611 1518 1802 1556 sententia

269 1591 344 1626 est:
376 1586 408 1624 si
437 1598 518 1624 cum
547 1584 745 1636 potoribus
775 1598 839 1637 es,
879 1585 943 1635 qui
970 1585 1159 1636 producto
1189 1586 1238 1623 ad
1266 1586 1426 1624 mediam
1454 1589 1604 1624 noctem
1629 1585 1802 1624 convivio

267 1654 472 1693 Falernum
507 1653 661 1703 bibunt,
698 1665 747 1690 ne
781 1664 881 1702 nega
916 1656 1094 1704 porrecta
1131 1653 1291 1705 pocula,
1324 1653 1492 1704 quamvis
1526 1654 1654 1692 vinum
1686 1658 1802 1692 nocte

269 1722 442 1760 haustum
478 1734 639 1773 vapores
676 1722 920 1760 excitaturum
955 1720 1026 1758 tibi
1062 1725 1102 1759 et
1135 1722 1344 1760 nociturum
1380 1734 1466 1760 esse
1503 1724 1628 1773 putes.
1686 1721 1801 1771 Nam,

269 1790 438 1840 quamvis
465 1790 535 1827 hac
562 1790 802 1828 excusatione
835 1803 926 1828 usus
960 1790 1097 1839 fueris,
1135 1794 1262 1828 tamen
1293 1789 1368 1827 illis
1394 1803 1472 1828 non
1499 1788 1681 1840 placebis.
1745 1789 1802 1828 lta

267 1857 509 1907 intelligitur,
539 1864 751 1894 nocturnos
777 1869 936 1908 prorsus
963 1859 1218 1897 necessarium
1245 1871 1350 1907 esse,
1379 1871 1492 1908 quum
1511 1857 1604 1896 haec
1627 1858 1714 1909 ipsa
1730 1870 1802 1896 vox

268 1925 381 1964 Lollii
418 1925 701 1963 excusationem
739 1925 950 1975 contineat,
991 1929 1079 1963 sunt
1110 1926 1208 1964 enim
1243 1927 1417 1963 nocturni
1454 1938 1616 1977 vapores
1651 1925 1698 1976 ii,
1738 1926 1801 1976 qui

269 1998 381 2032 nocte
408 1993 543 2030 hausto
571 1993 657 2030 vino
688 1994 907 2035 excitantur.
959 1992 1144 2031 Diversae
1174 1993 1272 2032 enim
1303 1993 1492 2031 hominum
1517 1998 1672 2034 naturae
1697 1998 1799 2042 sunt,

269 2062 352 2099 aliis
379 2062 506 2099 vinum
534 2062 594 2099 die
621 2061 812 2110 haustum,
848 2061 930 2098 aliis
966 2065 1077 2099 nocte
1110 2062 1301 2100 molestias
1333 2066 1450 2100 creat.
1506 2063 1643 2114 Neque
1672 2062 1800 2111 etiam,
1871 2088 1874 2098 2

270 2131 311 2168 id
337 2131 439 2182 quod
462 2129 677 2168 Diintzerus
708 2128 920 2179 significare
946 2129 1117 2178 videtur,
1145 2142 1302 2167 necesse
1326 2133 1386 2167 est
1412 2143 1575 2182 vapores
1599 2131 1801 2168 dormienti

271 2199 502 2244 excitentur,
532 2199 606 2236 imo
634 2210 725 2235 vero
751 2197 825 2236 iam
848 2198 946 2235 inter
971 2196 1174 2234 bibendum
1196 2198 1364 2235 oriuntur
1383 2202 1421 2235 et
1439 2199 1643 2237 insomnias
1663 2202 1800 2250 postea

272 2265 459 2305 efficiunt:
489 2278 564 2317 qua
590 2267 639 2304 de
666 2279 802 2304 caussa
821 2266 954 2304 Cicero
985 2266 1032 2303 de
1064 2270 1208 2308 seneet.
1235 2279 1266 2303 c.
1291 2266 1355 2307 13.
1384 2267 1627 2306 vinolentiam
1651 2271 1694 2305 et
1714 2279 1799 2305 cru-
1866 2270 1868 2272 ’

273 2334 428 2372 ditatem
455 2338 493 2372 et
520 2334 724 2372 insomnias
751 2334 957 2384 coniungit.
1002 2333 1134 2384 Itaque
1158 2348 1271 2386 quum
1299 2334 1430 2372 media
1458 2334 1507 2372 de
1527 2342 1639 2373 nocte.
1659 2334 1799 2373 idcirco

274 2402 444 2439 additum
471 2402 541 2452 sit,
571 2408 613 2440 ut
637 2406 820 2442 nocturna
849 2402 994 2455 potatio
1023 2401 1279 2452 significetur,
1309 2403 1468 2452 deinde,
1496 2416 1612 2453 quum
1639 2394 1800 2441 noetur-

273 2483 344 2506 nos
373 2483 456 2508 eam
487 2470 535 2508 ob
566 2484 739 2511 caussam
767 2472 978 2524 appositum
1007 2471 1077 2520 sit,
1107 2470 1195 2521 quia
1218 2468 1363 2508 Lollius
1392 2471 1445 2509 ita
1469 2485 1511 2510 se
1530 2485 1709 2510 excusare
1726 2471 1798 2510 fin-

273 2538 394 2587 gitur,
435 2542 476 2576 ut
503 2546 614 2576 nocte
642 2539 736 2591 (non
759 2540 839 2591 die)
867 2540 992 2578 vinum
1020 2539 1091 2577 sibi
1122 2538 1282 2577 excitare
1312 2551 1474 2590 vapores
1503 2540 1628 2591 dicat,
1655 2543 1798 2578 utrum-

275 2618 347 2654 que
376 2609 416 2644 et
443 2607 676 2658 aptissimum
701 2612 740 2647 et
765 2621 921 2661 prorsus
950 2607 1203 2646 necessarium
1231 2607 1333 2645 est.“
