1910 3138
292 250 379 291 496
422 251 701 291 COMMENT.
725 252 782 291 IN
801 251 927 291 HOR.
948 251 1048 290 LIB.
1070 253 1100 291 Ι.
1140 251 1306 292 EPIST.
1325 253 1697 294 UNDEVICESIM.
1749 253 1831 296 148

293 366 511 418 Arguit*).
564 366 662 404 Sunt
688 369 727 404 et
753 365 845 404 haec
872 365 1020 404 Horatii
1048 365 1186 403 festive
1214 365 1399 414 ludentis,
1425 380 1504 406 nnn
1526 367 1671 406 Cratini
1701 366 1830 415 verba,

291 439 333 472 ut
357 434 427 471 sibi
458 434 691 484 persuadent
717 434 919 472 Dae-erius
946 438 986 473 et
1011 435 1236 482 Zurckiu85
1267 435 1380 485 quid,
1411 435 1513 485 quod
1541 435 1624 474 ille:
1663 436 1756 486 „On
1782 447 1831 474 ne

290 507 381 552 peut
408 514 478 552 pas
512 502 647 540 douter
682 516 755 553 que
785 516 828 540 ce
864 516 913 540 ne
941 503 1017 540 soit
1049 517 1125 541 une
1154 505 1221 542 des
1249 503 1399 540 raisons
1435 503 1484 541 de
1517 499 1718 553 Cratinus,
1767 503 1831 554 qui

290 569 393 607 avoit
420 570 487 607 fait
515 583 587 607 une
617 569 728 608 Piece
758 571 895 623 expres
923 585 1022 622 pour
1053 585 1218 622 prouver
1246 570 1310 622 qu'
1341 571 1505 610 Homere
1543 572 1645 611 avoit
1669 571 1765 610 aime
1794 571 1831 610 le

290 639 381 674 vin“
412 642 484 675 etc.
537 638 639 683 Quid
668 638 855 677 Homerus
885 639 933 677 de
967 640 1054 677 vino
1085 640 1271 689 senserit,
1305 644 1465 690 apparet
1497 652 1612 690 quum
1643 653 1688 678 ex
1718 640 1761 678 ll.
1789 641 1830 688 6,

291 707 385 747 261.
414 709 454 743 et
482 706 559 743 Od.
592 705 658 756 14,
686 705 769 748 463
796 721 896 758 sqq.,
925 711 1003 745 tum
1029 721 1075 746 ex
1098 708 1306 759 Epithetis,
1338 720 1435 758 quae
1459 708 1547 745 vino
1573 711 1614 745 ut
1639 703 1829 760 εὐήνορα,

289 775 532 826 μελίφρονα,
557 775 760 827 μελιηδέα,
784 774 1010 828 μενοεικέα,
1032 780 1149 817 θεῖον
1168 771 1308 821 ποτόν,
1325 773 1531 827 ’ἡδύποτον
1550 776 1691 814 tribuit.
1715 775 1830 814 Cous.
1903 823 1905 826 ι

291 843 474 884 Athenae.
503 844 542 893 5,
577 845 643 884 27.
673 856 712 894 p.
741 844 823 884 180
846 861 902 878 ==
932 844 972 894 5,
1005 846 1044 885 8.
1076 858 1114 895 p.
1146 845 1240 886 214.
1278 844 1452 894 Schwgh.
1503 844 1680 882 Ceterum
1715 845 1830 881 vino—

289 925 383 957 sus,
413 913 476 962 qui
506 918 546 951 ut
580 912 646 961 13,
671 910 735 952 14.
761 911 830 963 (ib.
860 916 988 950 annot.
1016 926 1056 963 p.
1078 913 1177 961 181)
1201 912 1277 950 vini
1302 913 1578 951 amantissimus
1607 916 1678 953 est.
1725 913 1830 958 Qua-

290 984 450 1032 propter
489 992 690 1018 assensum
721 981 870 1029 denego
907 980 1129 1025 Hanovio,
1172 981 1234 1031 qui
1271 981 1310 1018 in
1349 981 1636 1021 Zimmermanni
1683 981 1830 1030 „Zeit-

289 1049 423 1086 schrift
452 1048 478 1087 f.
509 1050 546 1089 d.
575 1046 871 1089 Alterthmsw.“
910 1047 1032 1088 1834.
1063 1061 1104 1099 p.
1137 1048 1232 1089 838.
1264 1049 1374 1090 dicit:
1411 1050 1582 1098 „Homer
1612 1060 1687 1087 war
1709 1061 1829 1098 ange-

287 1117 474 1162 trunken,
511 1129 620 1153 wenn
649 1129 689 1153 er
721 1116 898 1154 dichtete.
963 1115 1135 1153 Deutlich
1171 1116 1358 1167 sprechen
1393 1116 1501 1154 dafiir
1530 1117 1592 1155 die
1620 1116 1851 1173 folgenden⁸

288 1185 443 1223 Worte:
482 1184 643 1220 Ennius
673 1206 721 1212 —-
752 1182 936 1224 dicenda.
987 1184 1142 1222 Ebenso
1179 1185 1303 1236 Epist.
1343 1186 1382 1234 1,
1415 1185 1481 1234 13,
1520 1186 1593 1226 14.
1620 1187 1726 1224 etc.“
1779 1185 1829 1223 At

288 1253 418 1291 confer
453 1251 574 1290 Plaut.
607 1252 719 1289 Cure.
753 1253 791 1301 1,
826 1253 864 1303 1,
894 1254 962 1293 79.
1001 1252 1114 1290 Ovid.
1145 1253 1190 1290 A.
1218 1253 1265 1291 A.
1293 1254 1336 1302 3,
1366 1253 1461 1294 330.
1496 1253 1583 1292 coll.
1617 1253 1751 1294 Heius.
1779 1244 1828 1290 ad

289 1321 405 1358 ovid.
438 1321 544 1358 Fast.
578 1322 618 1371 2,
649 1321 744 1360 572.

400 1389 446 1426 V.
472 1390 512 1428 7.
537 1389 576 1429 8.
622 1387 783 1424 Ennius
815 1409 864 1415 —
896 1386 1093 1434 dicenda,
1122 1389 1146 1426 i.
1177 1401 1210 1426 e.
1239 1410 1296 1416 —
1316 1411 1372 1416 —
1403 1389 1597 1438 „quodam
1625 1389 1732 1439 quasi
1756 1389 1827 1427 im-

287 1462 377 1508 petu
401 1457 450 1494 ad
478 1469 581 1494 arma
608 1457 779 1493 canenda
809 1458 868 1493 est
886 1459 1017 1506 actus,
1045 1461 1087 1495 ut
1117 1457 1149 1495 si
1170 1457 1255 1508 ipse
1281 1457 1331 1495 sit
1353 1468 1520 1508 pugnam
1547 1458 1829 1508 pugnaturus.“
1895 1490 1898 1491 γ

287 1526 393 1564 Idem
431 1524 530 1564 Ann.
563 1527 609 1574 1,
641 1525 677 1564 1.
719 1523 865 1562 Merula
897 1528 1074 1563 auctore:
1109 1524 1293 1562 Horrida
1328 1524 1570 1563 Romuleum
1609 1526 1826 1563 certamina

284 1607 424 1645 pango
453 1591 647 1630 duellam.
704 1591 819 1637 Quod
854 1593 967 1631 nimio
1004 1594 1110 1644 potui
1138 1593 1358 1643 indulserit,
1399 1606 1444 1631 ex
1473 1606 1541 1642 eo,
1577 1594 1680 1645 quod
1713 1594 1761 1633 de
1784 1607 1828 1632 se
1889 1651 1892 1656 Ι

287 1663 371 1712 ipso
402 1665 501 1699 teste
530 1660 724 1698 Prisciano
746 1661 788 1709 7,
814 1658 882 1710 14,
911 1661 981 1702 80.
1010 1661 1080 1702 Kr.
1110 1662 1264 1710 dixerit,
1294 1662 1391 1699 effici
1421 1661 1568 1700 volunt:
1600 1661 1826 1715 Nunquam

282 1736 424 1779 poetor
452 1730 530 1766 nisi
551 1728 746 1779 podager.
792 1729 924 1770 Seren.
950 1730 1141 1768 Sammon.
1172 1730 1241 1779 38,
1273 1729 1367 1770 713.
1397 1730 1556 1768 Ennius
1583 1731 1668 1781 lpse
1687 1738 1826 1782 pater,

288 1796 386 1834 dum
407 1797 560 1847 pocula
589 1798 713 1833 siccat
740 1797 881 1848 iniqua
894 1826 910 1843 ‚
950 1799 1044 1835 Hoc
1071 1799 1167 1835 vitio
1200 1797 1301 1835 tales
1326 1799 1459 1849 fertur
1491 1800 1677 1836 meruisse
1713 1799 1828 1837 dolo-
1886 1798 1888 1803 ’

289 1878 348 1902 res
364 1865 442 1915 **).
498 1864 615 1902 Audit
642 1872 761 1914 pater
787 1879 864 1903 non
901 1869 976 1903 tam
1009 1867 1109 1917 quod
1142 1866 1290 1904 duobus
1324 1871 1412 1904 ante
1448 1866 1586 1905 seculis
1616 1867 1694 1917 (ao.
1725 1881 1762 1906 u.
1790 1881 1824 1908 c.
1879 1907 1884 1915 ,

289 1932 384 1973 515.
414 1931 574 1982 Rudiis,
607 1932 806 1970 Calabriae
837 1933 947 1980 urbe,
973 1938 1107 1985 natus,
1131 1933 1162 1986 ἰ-
1191 1934 1305 1984 585.)
1334 1935 1535 1983 floruerat,
1563 1947 1675 1985 quam
1702 1933 1824 1974 laudis

289 2012 425 2048 causa,
459 2012 532 2050 qua
564 2005 695 2038 auctor
730 2013 842 2050 quum
865 2002 992 2050 poesis
1031 2000 1214 2050 Latinae,
1253 2005 1332 2039 tum
1369 2002 1464 2051 epici
1502 2003 1674 2042 carminis
1709 2017 1824 2042 versu
1878 2007 1883 2031 ἓ

288 2069 439 2107 heroico
475 2068 645 2105 sonantis
689 2067 810 2118 (alter
836 2068 1038 2105 Homerus
1067 2070 1107 2117 2,
1136 2070 1176 2117 1,
1203 2069 1290 2120 50.)
1319 2067 1465 2107 habitus
1491 2073 1563 2108 est.
1615 2070 1698 2108 Hoc
1723 2071 1823 2110 idem

289 2137 408 2175 sensit
435 2135 685 2187 Porphyrion.
730 2135 844 2174 Ovid.
873 2135 994 2176 Trist.
1017 2138 1057 2184 2,
1081 2135 1164 2176 423
1193 2135 1261 2187 (ib.
1291 2136 1444 2186 Loers.)
1472 2151 1543 2175 suo
1562 2138 1732 2176 Martem
1758 2152 1822 2176 ee·
1867 2143 1870 2145 ’

288 2206 385 2243 cinit
409 2206 552 2257 gravis
577 2205 737 2241 Ennius
762 2217 835 2244 ore.
879 2203 995 2256 Prop.
1024 2202 1051 2244 4
1077 2203 1140 2255 (3)
1171 2205 1210 2254 2,
1239 2205 1278 2245 5.
1319 2206 1536 2258 Parvaque
1563 2213 1646 2244 tam
1661 2207 1826 2259 magnis

400 2374 439 2424 *J
462 2379 517 2414 Ad
539 2378 687 2413 ironiam
707 2390 828 2424 parum
850 2377 937 2413 facit
956 2377 1144 2423 Doeringii
1158 2375 1430 2423 interpretatio:
1461 2379 1660 2422 „Homerus
1684 2379 1729 2414 ob
1747 2379 1823 2415 lau·
1855 2396 1858 2398 ·

286 2438 367 2480 des,
389 2447 476 2482 quas
495 2435 578 2470 vino
598 2436 743 2482 tribuit,
771 2436 910 2471 vinosus
927 2434 1037 2470 fuisse
1061 2433 1230 2470 dicitur.“
1266 2434 1354 2469 Loci
1374 2435 1504 2470 mentio
1523 2436 1566 2470 fit
1583 2448 1604 2470 a
1623 2435 1770 2472 Nanm‘o
1783 2436 1822 2471 in

287 2494 391 2528 Misc.
412 2491 446 2537 4,
468 2491 526 2528 25.

378 2559 437 2603 **)
457 2561 581 2594 Parum
602 2559 687 2595 fidei
711 2564 841 2606 poetae
868 2560 1045 2595 Venusino
1067 2560 1112 2594 de
1135 2560 1207 2604 hoc¹
1225 2560 1303 2594 loco
1334 2560 1448 2594 Janus
1470 2559 1590 2596 Nicias
1607 2559 1822 2604 Erythraeus
1858 2543 1859 2546 Ἴ

287 2618 426 2663 (Epist.
443 2619 477 2662 6,
499 2616 555 2652 15.
575 2619 624 2653 II.
645 2629 678 2662 p.
694 2617 776 2652 305.
801 2618 858 2653 ed.
875 2617 1057 2661 Fischer.)
1073 2617 1196 2651 habet:
1217 2617 1290 2660 „At
1307 2617 1500 2661 Horatius,
1521 2617 1579 2662 qui
1594 2615 1666 2651 fluis
1681 2627 1726 2651 ex
1738 2624 1821 2650 ver-
1852 2652 1855 2653 γ

286 2674 383 2708 sibus
405 2686 444 2708 se
464 2674 539 2708 vini
560 2674 722 2720 cupidum
738 2674 847 2709 fuisse
866 2675 1003 2720 prodit,
1026 2674 1155 2721 quique
1170 2685 1213 2708 ex
1231 2684 1293 2708 suo
1309 2673 1452 2718 ingenio
1475 2673 1618 2708 aliorum
1641 2674 1819 2718 conjectu·

286 2741 358 2764 ram
373 2731 481 2775 facit,
502 2742 614 2776 prope
634 2730 769 2766 ebriosi
787 2743 972 2777 personam
988 2730 1102 2766 Ennio
1125 2730 1266 2765 videtur
1287 2730 1478 2776 imponere.
1513 2731 1696 2776 Nunquam
1714 2728 1818 2772 enim,

287 2786 337 2819 ait
348 2813 358 2830 ,
378 2787 444 2820 nisi
461 2793 580 2832 potum
596 2788 639 2822 ad
655 2799 749 2822 arma
764 2787 912 2823 dicenda
926 2788 1143 2834 prosiluisse.
1178 2787 1274 2828 Quid
1290 2788 1396 2822 multa
1407 2789 1426 2822 ’ἐ
1449 2787 1635 2822 Homerum
1644 2783 1818 2829 vinosum,

286 2841 384 2886 ipsas
399 2844 487 2877 adeo
505 2845 625 2878 Musas
646 2838 849 2880 multibibas
862 2873 871 2890 ,
895 2845 1084 2880 meribibas
1108 2845 1207 2880 facit.
1243 2845 1315 2879 Sed
1333 2844 1445 2889 gratis
1463 2842 1571 2877 fuisse
1584 2839 1667 2875 illud
1682 2841 1726 2874 ab
1743 2840 1817 2874 En-

287 2898 344 2931 nio
361 2899 489 2933 dictum
506 2901 687 2935 existimo:
703 2913 779 2936 non
794 2903 885 2936 enim
907 2903 959 2936 ita
979 2907 1056 2937 erat
1070 2901 1122 2936 illi
1137 2914 1195 2937 res
1212 2902 1342 2948 ampla,
1363 2905 1402 2935 ut
1419 2903 1541 2946 posset
1561 2897 1606 2932 de
1624 2907 1688 2931 sua
1709 2907 1814 2942 pecu·

286 2956 343 2988 nia
362 2955 511 2999 largiter
529 2957 563 2990 in
583 2969 622 2991 se
642 2968 773 2992 merum
790 2958 1038 3004 ingurgitare“
1060 2965 1130 2996 etc.

1899 1363 1910 1460 ἑ
