1910 3138
193 175 278 219 560
813 178 1090 219 EPILOGUS.
1640 183 1722 225 212

193 293 334 332 cembr.
363 305 450 331 ann.
479 306 517 330 u.
546 305 579 330 c.
609 291 707 332 733.
743 296 810 330 aut
843 305 943 331 anno
977 292 1073 334 784.
1114 293 1183 330 sed
1218 296 1307 345 ante
1340 293 1440 333 diem
1467 294 1529 332 Vl.
1561 294 1617 333 Id.
1645 294 1725 334 De-

194 361 355 411 cembr.,
396 374 470 411 quo
510 359 838 411 quadragesimum
880 365 1027 399 sextum
1068 360 1351 412 auspicabatur,
1398 362 1615 413 scripsisse,
1656 364 1727 402 sed

191 427 312 468 totum
341 429 455 467 etiam
480 428 656 467 volumen
683 427 970 480 pervulgasse.“
1020 429 1167 474 Quodsi
1193 432 1315 467 totum
1339 428 1590 480 Epistolarum
1617 431 1725 469 volu-

191 510 276 535 men
307 509 390 534 cum
414 495 486 534 hac
508 495 702 547 Epistola,
728 497 776 534 de
802 509 877 547 qua
905 496 1026 535 omnis
1044 497 1238 536 institutus
1259 500 1319 535 est
1335 509 1482 546 sermo,
1511 497 1723 549 evulgatum

190 566 274 615 ajo,
304 564 508 602 editionem
537 563 641 602 brevi
674 563 739 602 illo
767 563 950 615 temporis
979 564 1142 602 confinio
1169 565 1308 603 factam
1335 565 1394 603 hic
1422 578 1465 603 re
1487 577 1579 603 vera
1603 567 1723 616 signi-

189 631 292 671 ficari
319 631 531 683 praefracte
559 645 674 682 nego.
718 631 769 670 At
792 631 826 670 si
854 632 938 682 quis
967 643 1026 670 me
1053 637 1318 684 percontetur,
1347 644 1422 684 qua
1445 636 1568 672 mente
1593 633 1722 672 Hora-

189 701 263 739 tius
291 699 473 739 Lolliitet
505 699 643 752 Lepidi
677 701 873 738 consulum
902 700 1131 739 mentionem
1158 699 1314 749 fecerit,
1349 700 1623 752 habeo,1quid
1659 714 1721 740 re·

188 769 409 820 spondeam.
460 766 588 806 Voluit
614 768 713 806 enim
736 767 857 806 Poeta
884 767 1052 818 regulam
1076 768 1182 818 quasi
1212 768 1247 805 in
1277 780 1410 808 manus
1438 768 1617 807 lectorum
1640 772 1721 807 tra-

188 838 299 887 dere,
325 849 400 888 qua
424 835 621 887 scriptoris
649 836 795 875 natales
826 840 864 875 et
892 837 1003 874 vitam
1030 835 1162 874 exinde
1181 841 1372 887 peractam
1397 837 1470 888 ipsi
1487 836 1720 875 metirentur.

187 904 377 943 Scribenti
409 907 535 942 autem
573 904 768 943 commode
800 917 842 943 se
870 904 1006 943 obtulit
1042 902 1177 954 Lollii,
1214 904 1284 942 viri
1317 903 1458 942 Poetae
1491 903 1720 955 amicissimi,

186 972 404 1012 consulatus
440 972 562 1010 turbis
600 972 843 1011 ambientium
870 973 1030 1012 maxime
1063 972 1221 1022 insignis
1255 976 1295 1010 et
1329 975 1488 1024 propter
1523 972 1562 1011 id
1595 973 1719 1024 ipsum

183 1040 396 1079 hominibus
433 1041 614 1091 cujusque
651 1042 792 1079 ordinis
830 1041 1062 1082 notissimus.
1133 1040 1184 1079 Et
1222 1039 1305 1091 quis
1343 1043 1421 1089 est,
1464 1040 1528 1090 qui
1558 1039 1719 1090 nesciat,

184 1122 296 1161 quam
327 1113 506 1161 prompto
542 1109 668 1148 animo
707 1109 887 1148 Horatius
924 1109 1014 1146 data
1042 1108 1173 1158 quavis
1209 1107 1407 1146 occasione
1441 1111 1586 1157 utatur,
1624 1107 1718 1145 ami—

185 1191 314 1216 corum
343 1183 382 1216 et
413 1178 603 1215 fautorum
631 1178 849 1216 memoriam
879 1176 1070 1215 recolendi
1096 1189 1302 1227 eorumque
1328 1176 1480 1214 nomina
1497 1175 1717 1214 nobilitandi

183 1250 296 1297 atque
326 1246 365 1284 in
390 1259 502 1284 omne
531 1258 662 1284 aevum
691 1244 954 1299 prorogandi?
995 1243 1201 1283 Lectorum
1227 1249 1353 1282 autem
1374 1244 1630 1283 Romanorum
1657 1243 1717 1281 ni-

182 1314 233 1352 hil
261 1327 352 1353 sane
379 1313 549 1352 interfuit
578 1315 698 1366 scire,
726 1318 849 1353 utrum
877 1312 1050 1364 Epistola
1074 1314 1222 1365 primo,
1260 1325 1308 1351 an
1335 1312 1523 1361 secundo,
1563 1324 1612 1349 an
1635 1315 1715 1350 ter-

182 1383 236 1421 tio
261 1386 353 1434 post
387 1381 488 1420 illum
516 1383 749 1420 consulatum
778 1395 878 1420 anno
908 1381 1050 1433 scripta
1076 1381 1277 1420 diceretur.
1333 1379 1470 1430 Neque
1505 1392 1575 1418 nos
1603 1379 1715 1430 hujus

181 1450 234 1489 rei
262 1451 538 1501 ignorationem
566 1450 736 1502 profiteri
764 1454 802 1490 et
830 1461 922 1501 prae
949 1448 1060 1488 nobis
1089 1448 1190 1490 ferre
1218 1449 1337 1501 pudet
1359 1460 1403 1487 ac
1431 1445 1599 1498 pudebit.
