1910 3138
300 189 384 232 220
441 190 721 231 COMMENT.
742 190 798 229 1N
813 190 940 232 HOR.
958 188 1057 232 LIB.
1072 190 1102 230 1.
1134 190 1301 236 EPIST.
1315 192 1511 239 QUART.
1525 193 1704 234 mecm.
1759 196 1817 238 60
1844 236 1845 243 ¹

300 316 438 356 Graeci
466 316 595 364 λοξοῖς
623 312 799 366 ὄμμασιν
833 315 956 362 ἰδεῖν,
994 313 1091 365 λοξαὶ
1120 315 1302 369 βλέπειν,
1338 315 1603 370 ὑποβλέπειν,
1639 316 1683 360 τὸ
1709 315 1815 361 εἰπό-

298 385 450 438 βλεμμα
475 385 616 422 dicunt.
660 382 718 420 Ita
744 382 890 433 Evang.
919 383 1053 421 Malth.
1084 385 1151 434 20,
1183 384 1248 426 15.
1276 378 1482 438 ὄφθαλμός
1513 382 1704 439 πονηρός.
1744 386 1813 426 Al-
1884 402 1885 406 ¹

298 453 417 504 ciphr.
435 451 558 502 Epist.
581 451 620 501 1,
644 450 709 491 15.
742 447 955 503 Δυσμενής
976 450 1045 491 καὶ
1067 448 1271 504 βάσκανος
1295 449 1317 492 ὅ
1338 453 1418 493 τοῖν
1438 451 1626 507 γειτόνων
1651 457 1814 506 ὀφθαλ-

296 516 372 573 μός
385 549 395 568 ,
424 518 550 571 φησίν
568 515 598 570 ἦ
615 519 824 571 παροιμία.
848 518 957 558 Pind.
982 520 1132 571 Olymp.
1152 521 1192 570 1,
1213 521 1282 562 75.
1314 519 1498 574 φθονεροὶ
1516 518 1552 563 δ’
1572 520 1688 572 ἄλλος
1706 508 1812 578 nimfo

295 586 462 641 βλέπων.
510 585 747 643 Aristaenetq
774 589 820 637 1,
858 588 924 629 27·
961 601 1000 638 p.
1030 590 1098 629 66.
1147 587 1238 629 Abr.
1277 585 1307 640 ἦ
1344 585 1388 628 δὲ
1421 589 1706 644 διαμωκωμένη
1742 591 1811 632 καὶ

293 653 579 707 »ὑποβλέπουσα
618 651 736 703 λοξὸν
768 676 817 682 ·—
845 651 1123 708 ὑπεροπτικῶς
1161 651 1376 706 ἀπεκρίθη·
1442 656 1486 695 In
1525 659 1648 698 verbis
1686 664 1812 699 autem

293 736 329 761 v.
357 723 427 763 38.
465 722 555 760 odio
591 721 832 773 obscureque
863 735 997 762 morsu
1024 731 1192 762 venenat
1227 725 1266 763 id
1301 737 1422 774 genus
1450 725 1642 765 hominum
1668 727 1811 766 descri-

293 791 414 842 bitur,
444 792 509 841 qui
538 791 734 841 „obscure
759 790 911 841 maligni
921 791 949 814 ‘⁶
976 795 1076 833 sunt.
1129 790 1190 830 De
1217 793 1534 832 obtrectatoribus
1560 795 1711 834 Horatii
1732 796 1809 834 vid.

297 861 365 899 W
358 859 511 898 eichert.
539 859 648 899 Poet.
679 860 744 898 lat.
773 859 896 910 Reliq.
924 872 962 910 p.
989 859 1072 901 270
1091 871 1177 909 sqq·
1214 860 1336 899 Recte
1366 860 1577 900 Hocheder
1601 863 1811 914 Epitheton

292 928 458 967 obscuro
487 927 553 978 (de
586 941 660 978 quo
692 928 739 968 cf.
768 926 947 968 Doederl.
983 927 1075 977 Syn.
1109 927 1176 966 Ill.
1201 941 1240 979 p.
1265 927 1364 981 168)
1401 924 1482 971 οἷπό
1508 932 1653 971 κοινοῦ
1674 929 1810 969 intelli-

291 998 458 1047 gendum
483 996 698 1034 arbitratur.
741 995 921 1033 Ceterum
948 1009 1082 1033 morsu
1109 1009 1301 1034 venenare
1315 996 1354 1049 *)
1387 1010 1412 1036 a
1441 998 1678 1050 serpentibus
1703 999 1809 1037 simi-

290 1066 463 1116 libusque
493 1064 625 1102 bestiis
649 1064 832 1114 petitum,
869 1067 910 1101 ut
936 1061 1047 1113 Apul.
1077 1064 1166 1101 Met.
1193 1063 1256 1103 Vl.
1285 1078 1324 1116 p.
1352 1067 1446 1107 271.
1474 1067 1676 1104 venenatis
1701 1079 1809 1107 mor,-

289 1134 399 1172 sibus
418 1134 462 1170 in
481 1132 641 1170 exitium
660 1132 810 1167 saevire
829 1130 1069 1169 mortalium.
1089 1131 1187 1170 Stat.
1207 1132 1331 1171 Theb.
1354 1135 1395 1183 1,
1417 1135 1509 1175 171.
1529 1134 1637 1185 (ibiq.
1656 1134 1808 1187 Barth.)

280 1199 465 1254 aliquis,
494 1200 562 1236 cui
583 1212 694 1236 mens
716 1198 863 1236 humili
883 1198 1041 1236 laesisse
1061 1212 1207 1236 veneno
1232 1200 1413 1238 Summa.
1443 1202 1652 1252 Symmach.
1683 1201 1806 1252 Epist.

291 1273 338 1321 1,
366 1271 433 1311 31,
470 1269 545 1306 An
581 1268 724 1304 vereris
751 1266 901 1304 aemuli
934 1279 1084 1304 venena
1111 1268 1287 1314 lectoris,
1325 1281 1374 1305 ne
1406 1267 1565 1307 libellus
1601 1275 1693 1309 tuus
1727 1269 1806 1307 ad-

287 1352 421 1377 morsu
459 1337 551 1375 duri
586 1335 714 1373 dentis
750 1334 921 1372 uratur?
970 1335 1091 1373 Recte
1129 1338 1256 1374 autem
1293 1339 1422 1374 monet
1457 1335 1641 1374 Diintzer
1652 1365 1667 1383 ,
1711 1337 1805 1376 haec

285 1405 435 1445 Horatii
471 1403 588 1443 verba
623 1403 673 1440 ad
701 1402 878 1441 invidiam
917 1416 994 1441 non
1023 1416 1108 1441 esse
1137 1403 1358 1454 referenda,
1397 1404 1467 1443 sed
1501 1405 1629 1456 potius
1667 1416 1804 1442 sonare

286 1476 360 1513 sic:
399 1501 428 1524 ‚‚
438 1472 628 1512 Niemand
655 1471 834 1520 vergiftet
866 1471 964 1509 mich
992 1472 1059 1509 mit
1085 1471 1318 1510 heimlichem
1344 1472 1465 1511 Hasse
1499 1472 1577 1510 und
1607 1471 1804 1511 Verliium-

286 1542 435 1594 dung-‘⁶
477 1541 675 1580 Pertinent
693 1540 742 1577 ad
765 1539 840 1578 tale
866 1539 1054 1577 hominum
1078 1552 1196 1589 genus
1225 1538 1338 1576 verba
1357 1538 1578 1589 Hieronymi
1595 1538 1645 1577 ad
1660 1538 1803 1585 Deme-

285 1612 394 1651 triad.
424 1612 471 1649 de
500 1609 644 1659 Virgin.
673 1608 740 1646 lV.
772 1621 810 1659 p.
833 1608 899 1648 17.
931 1608 1000 1645 G.:
1035 1607 1303 1645 Vilium‘satis
1319 1606 1525 1646 hominum
1545 1615 1603 1646 est
1623 1614 1660 1644 et
1685 1621 1802 1647 suam

286 1680 446 1718 laudem
470 1677 772 1730 quaerentium,
803 1675 904 1713 alios
921 1675 1169 1729 vilessacere
1178 1704 1194 1722 ,
1219 1677 1315 1727 quia
1333 1675 1498 1714 alterius
1517 1676 1801 1727 vituperatione

284 1762 324 1787 se
352 1747 517 1785 laudari
531 1751 706 1796 putant,
735 1751 772 1780 et
798 1745 870 1795 qui
894 1758 965 1781 suo
990 1746 1126 1781 merito
1147 1744 1310 1795 placere
1330 1759 1410 1782 non
1429 1750 1619 1796 possunt,
1641 1743 1802 1794 placere

284 1816 486 1855 volantia
509 1813 803 1862 comparatione
828 1815 1020 1861 pejorum.
1062 1812 1123 1851 De
1148 1813 1417 1863 fascinatione,
1446 1826 1558 1865 quam
1578 1812 1617 1850 in
1639 1816 1799 1864 utroque

283 1900 395 1926 versu
422 1883 587 1922 sentiunt
615 1879 871 1930 scholiastae,
898 1882 984 1919 vide
1012 1881 1108 1919 infra
1135 1882 1355 1924 Excursum,

394 1952 442 1990 V.
467 1951 535 1991 39.
580 1948 732 1985 Rident
757 1948 880 1984 vicini
910 1970 957 1975 —
985 1955 1215 1985 moventem.
1267 1948 1480 1987 Sententia:
1514 1946 1610 1999 „Ab
1637 1948 1712 1987 ista
1738 1948 1798 1986 in-

282 2022 383 2061 vidia
410 2017 628 2069 longissime
655 2016 792 2054 absunt
815 2015 887 2053 mei
914 2016 1047 2065 vicini,
1088 2016 1256 2053 homines
1285 2016 1476 2068 simplices
1507 2028 1553 2054 ac
1581 2015 1694 2066 boni,
1731 2016 1796 2067 qui

281 2105 360 2130 non
387 2087 542 2127 aduncis
570 2084 692 2133 nasis,
735 2083 804 2121 sed
831 2095 978 2120 morum
1005 2084 1170 2121 candore
1197 2083 1342 2133 rident,
1379 2097 1492 2134 quum
1518 2096 1578 2122 me
1609 2083 1794 2121 hominem

282 2160 375 2212 ipsis
408 2155 625 2195 nobiliorem
658 2154 697 2189 et
724 2150 936 2202 politiorem
973 2163 1068 2201 opus
1107 2151 1295 2200 quoddam
1329 2152 1509 2189 rusticum
1542 2151 1595 2189 nil
1622 2150 1699 2189 tale
1728 2163 1794 2189 ex-

282 2228 498 2278 spectantes
514 2222 562 2260 ob
580 2231 735 2269 eamque
751 2230 900 2257 causam
926 2219 1104 2257 mirantes
1128 2218 1257 2257 vident
1279 2218 1520 2259 facientem.“
1560 2217 1792 2269 Interpretes

281 2399 334 2432 ita
353 2398 440 2432 alias
459 2392 583 2430 rodere
601 2394 679 2428 Sat.
702 2394 720 2428 1
732 2417 743 2437 ‚
760 2394 800 2435 6,
817 2388 875 2426 45.
888 2417 898 2436 ‚
928 2392 1030 2425 dente
1047 2390 1199 2424 morderi
1214 2389 1329 2424 invido
1350 2389 1419 2424 Od.
1437 2386 1481 2433 4,
1499 2390 1542 2434 3,
1565 2390 1634 2434 16.‚
1660 2390 1793 2425 invidia

281 2456 431 2489 mordax
459 2451 611 2486 Phaedr.
633 2449 666 2485 5.
694 2449 785 2495 prol.
806 2449 840 2484 9.
867 2452 904 2482 et
924 2448 1027 2482 Livor
1056 2448 1158 2481 dente
1186 2445 1353 2492 degeneri
1376 2447 1462 2492 petit
1488 2447 1616 2482 Senec.
1642 2438 1789 2493 Hippol.

279 2508 360 2546 494.
381 2511 518 2555 aliaque
538 2519 626 2554 quae
650 2507 749 2551 larga
766 2516 868 2541 manu
885 2504 942 2539 hic
969 2503 1145 2548 congessit
1171 2503 1380 2548 Schmidius‚
1411 2514 1558 2550 quocum
1586 2505 1633 2539 cf.
1658 2503 1789 2541 Markl-

279 2569 325 2602 ad
345 2569 439 2602 Stat.
461 2565 551 2600 Silv.
573 2567 605 2608 1,
626 2566 659 2608 2,
680 2565 736 2599 27.
1774 2571 1779 2580 ›

393 2625 430 2668 *)
451 2623 554 2657 Nove
575 2622 704 2655 dictum
732 2624 881 2654 venenat
908 2617 998 2663 dicit
1023 2616 1143 2651 schol.
1174 2616 1304 2660 Cruq.,
1336 2616 1429 2661 quod
1459 2615 1503 2650 de
1530 2615 1787 2662 significatione

282 2680 475 2714 fascinandi
496 2678 613 2721 valet,
633 2688 711 2712 nam
728 2675 862 2719 κυρίως
878 2675 950 2720 jam
969 2674 1112 2708 Lucret.
1129 2674 1162 2716 6,
1181 2674 1262 2707 821.
1294 2673 1418 2707 Nostri
1437 2673 1503 2707 loci
1525 2685 1595 2708 non
1613 2671 1787 2706 immemor

282 2741 338 2769 est
356 2737 514 2779 Hessius,
539 2734 762 2768 doctissimus
785 2732 959 2766 humberti
975 2730 1111 2774 editor,
1131 2729 1176 2763 ad
1195 2730 1293 2774 cujus
1311 2729 1435 2764 Annal.
1454 2741 1491 2775 p.
1508 2729 1588 2766 257.
1605 2729 1699 2763 zelus
1712 2728 1786 2771 ejus

270 2791 544 2835 ferventissimus
565 2811 621 2816 —-
640 2811 696 2816 —
718 2789 801 2824 satis
819 2800 897 2824 eum
923 2793 1047 2823 contra
1067 2792 1256 2821 venenatas
1281 2787 1513 2821 detractorum
1532 2784 1675 2830 linguas
1693 2795 1783 2817 com·
1801 2829 1803 2831 K

281 2847 480 2881 muniebant
499 2851 642 2892 praeter
663 2847 732 2880 alia
751 2850 930 2890 comparat
943 2842 1067 2879 Barth.
1084 2842 1127 2878 ad
1141 2842 1300 2877 Britonis
1317 2841 1471 2887 Philipp.
1486 2840 1520 2885 3,
1536 2840 1602 2876 268
1616 2851 1670 2884 sq.
1689 2839 1782 2882 queis

208 2941 211 2944 v
280 2914 384 2947 quum
400 2908 573 2945 nequeant
583 2903 756 2948 probitate
769 2913 892 2937 nocere
901 2927 911 2946 ‚
930 2899 1148 2936 Garrulitate
1161 2904 1287 2935 nocent
1300 2898 1402 2934 solita
1413 2897 1623 2942 linguaeque
1635 2906 1778 2930 veneno.
