1910 3138
106 163 190 205 163
234 162 515 205 comNT.
534 164 592 205 IN
613 165 735 208 HOR.
762 164 863 204 LIB.
884 165 912 204 1.
946 163 1112 205 EPIST.
1132 164 1505 207 UNDEVICBSIM.
1549 163 1631 207 511

104 275 348 326 collocasset,
375 276 424 314 ad
450 278 580 315 restim
608 278 744 316 adacto
772 279 859 316 vide
887 290 982 328 quos
1013 278 1168 317 laudant
1200 278 1431 318 Schmidim
1463 280 1513 319 ad
1542 279 1580 318 h.
1602 281 1630 318 1.

105 342 395 383 Minehalich.
422 345 471 382 ad
497 344 621 396 Epod.
646 345 688 394 6,
722 346 784 386 13.
812 346 883 383 14.
905 345 1062 383 Jacobs.
1091 347 1140 384 ad
1168 345 1315 385 Delect.
1341 347 1474 398 Epigr.
1493 345 1536 397 4,
1565 348 1631 390 28.

106 408 174 450 24.
202 413 245 449 et
266 411 306 449 in
332 411 526 463 „Allgem.
550 412 860 464 Encyclopiidie“
896 413 940 451 V.
976 428 1014 465 p.
1046 413 1139 455 142.
1171 414 1254 454 eon.
1289 414 1499 466 Gaisfordc'
1520 414 1631 455 Poet.

104 479 193 519 min.
227 478 368 518 Graec.
390 480 419 518 1.
446 493 484 531 p.
511 481 593 522 279
616 501 664 508 —
686 480 782 522 326.
802 486 841 518 et
859 482 909 519 de
937 481 1075 531 laude,
1103 495 1213 532 quam
1240 484 1313 534 ipsi
1335 487 1486 521 veteres
1510 483 1633 536 scrip-

105 549 208 586 tores
243 545 469 585 Archilocho
503 547 736 595 tribuerunt,
771 547 986 585 Ruhnken.
1025 550 1074 586 ad
1109 549 1240 599 Vellei.
1277 551 1427 589 Patere.
1461 552 1500 599 1,
1529 550 1568 592 5.
1594 554 1634 590 et

105 614 269 666 interpp.
310 614 359 652 ad
394 613 559 666 Longin.
593 616 662 665 33,
697 615 736 655 5.
788 614 1028 654 Laudatores
1061 617 1212 656 Horatii
1253 623 1432 668 tanquam
1469 618 1632 670 Epodon

105 682 300 732 scriptoris
341 682 483 721 indicat
532 683 644 723 Guil.
695 682 847 736 Teuffel
884 685 922 721 in
955 682 1084 733 Pauly-i
1122 684 1508 737 „Reai—Encyclop.“
1543 686 1569 724 l.
1603 686 1630 724 Ι.

105 761 145 800 p.
174 748 297 790 1477.

217 817 266 856 V.
294 819 362 859 26·
391 818 459 859 27.
503 818 572 855 Ac
593 832 642 855 ne
665 831 727 855 me
748 818 872 869 solii-s·
903 818 989 855 ideo
1024 815 1266 855 brevioribus
1294 832 1407 857 ornes
1430 824 1503 858 etc.
1542 821 1569 860 ἱ.
1595 834 1630 863 e.

106 888 148 922 nt
170 889 273 924 recte
302 885 560 938 Porphyrion:
590 886 682 936 „Ne
710 899 771 924 me
792 887 942 937 parcius
970 885 1120 934 laudes,
1149 889 1329 936 tanquam
1357 888 1394 924 in
1415 889 1546 927 metris
1573 890 1632 927 ni-

105 951 156 990 hil
183 953 363 992 innovare
390 955 507 992 ausim
532 967 576 992 ac
600 954 770 1004 proferre
791 968 862 1006 pro
890 967 974 992 meo
996 954 1099 994 etc.“
1142 954 1217 992 Pro
1234 967 1353 1004 parva
1371 959 1497 993 autem
1516 955 1631 994 laude

103 1019 184 1070 vel,
212 1024 256 1058 ut
277 1021 331 1059 ait
356 1022 485 1060 schol.
513 1023 647 1073 Cruq.,
674 1022 839 1070 „minori
869 1022 1041 1059 corona“
1058 1020 1166 1072 folia
1197 1020 1375 1060 breviora
1401 1024 1484 1063 scil.
1513 1024 1632 1063 hede-

103 1100 170 1126 rae
195 1087 299 1138 (coll.
329 1101 416 1128 ann.
442 1091 492 1128 ad
520 1090 562 1139 3,
587 1090 652 1130 25.
686 1089 825 1127 Rader.
853 1090 902 1126 ad
924 1088 1039 1127 Mart.
1070 1090 1110 1138 8,
1138 1090 1192 1129 76
1220 1090 1334 1141 (82),
1362 1091 1401 1131 8.
1444 1091 1492 1129 Ο.
1518 1091 1628 1128 Jahn.

103 1155 153 1193 ad
189 1154 297 1197 Pers.
333 1156 430 1208 prol.
459 1156 515 1207 5.)
551 1157 630 1195 sive
664 1157 781 1194 mavis
811 1156 925 1205 lauri,
969 1156 1104 1206 quibus
1138 1158 1320 1207 imagines
1353 1158 1629 1195 coronabantur

102 1221 278 1274 (Rupert.
302 1225 351 1262 ad
379 1225 475 1263 Tac.
502 1224 599 1262 Ann.
620 1225 659 1272 2,
679 1225 748 1273 83,
779 1225 838 1275 2.)
865 1225 1018 1275 posuit,
1046 1230 1276 1276 quapropter
1296 1237 1407 1272 cave,
1436 1236 1484 1260 ne
1510 1236 1627 1272 „mox

102 1291 340 1339 flaccentia,“
366 1306 475 1343 „non
500 1293 563 1330 din
592 1293 801 1330 duratura“
830 1291 915 1330 coll.
945 1292 1022 1332 Od.
1050 1293 1088 1339 1,
1115 1293 1183 1340 36,
1211 1293 1278 1332 16.
1310 1293 1348 1337 2,
1376 1290 1418 1337 3,
1447 1288 1513 1330 14-
1541 1303 1628 1328 cum

106 1356 322 1395 Sanadono
334 1387 350 1405 ,
378 1364 444 1398 ant
468 1374 551 1398 cum
581 1360 753 1411 Cruquio
780 1372 825 1397 ac
852 1360 1026 1396 Dacerio
1055 1373 1232 1397 coronam
1257 1363 1402 1395 tonsam
1431 1358 1510 1395 sive
1539 1363 1627 1396 ton-

101 1425 207 1464 silem
230 1425 385 1478 (Wagn.
409 1429 457 1465 ad
485 1428 590 1477 Virg.
616 1427 689 1468 Ge.
717 1428 760 1476 3,
793 1428 878 1478 21.)
907 1427 1107 1477 intelligas·
1155 1426 1216 1464 De
1241 1424 1415 1461 ornandi
1440 1425 1557 1463 verbo
1586 1427 1625 1464 in

101 1494 172 1532 hac
198 1507 241 1532 re
275 1494 431 1544 proprio
467 1494 567 1531 conf.
604 1494 771 1532 Broukh.
809 1496 858 1532 ad
892 1495 980 1536 Tib,
1014 1496 1053 1543 2,
1086 1497 1126 1542 1,
1154 1490 1221 1534 54.
1263 1492 1473 1531 Prudenter
1499 1499 1624 1532 autem

100 1561 243 1610 Poeta,
282 1565 325 1599 ut
351 1561 512 1610 iniquum
543 1562 877 1600 Grammaticorum
901 1561 1080 1612 judicium
1107 1559 1325 1610 occupando
1354 1561 1462 1610 quasi
1491 1561 1624 1599 infrin-

99 1631 229 1678 geret,
257 1627 415 1665 doctum
446 1629 718 1666 Maecenatem
743 1628 923 1666 allocutus
951 1632 1031 1677 est,
1059 1627 1162 1677 quod
1188 1639 1329 1676 negare
1354 1640 1432 1666 non
1459 1629 1624 1668 debebat

100 1694 285 1732 Diintzer
296 1692 348 1745 ²⁸¹).

100 1832 235 1866 Poetae
253 1836 399 1866 mortem
416 1832 553 1877 Epodis
575 1831 802 1866 senteutiam:
821 1834 1013 1876 „Sanadon
1032 1842 1213 1877 remarque
1229 1831 1524 1876 Judicieusement
1538 1844 1618 1879 que,

100 1887 230 1933 lorsqu'
242 1888 380 1922 Horace
396 1900 433 1922 se
449 1895 552 1922 vante
565 1888 609 1921 de
628 1887 763 1923 n'avoir
775 1889 874 1924 imite
889 1888 1139 1935 d'Archiloque
1159 1899 1226 1933 que
1247 1889 1282 1922 la
1297 1900 1433 1923 mesure
1448 1890 1510 1923 des
1525 1901 1619 1933 vers,

100 1951 139 1979 et
161 1944 346 1979 nullemeut
371 1940 516 1979 l'acrete
536 1949 573 1978 et
595 1944 629 1978 la
647 1943 848 1991 virulence,
877 1947 902 1980 il
922 1947 1040 1981 oublie
1069 1958 1128 1980 ses
1148 1946 1282 1990 epodes
1305 1952 1429 1980 contre
1455 1946 1617 1990 Canidie,

99 2001 264 2044 Cassius,
295 2001 435 2044 Menas,
459 2001 492 2034 le
510 2003 615 2045 poete
635 2001 816 2045 Moevius,
841 2004 875 2037 la
895 2003 1012 2037 vieille
1033 2002 1255 2037 debauchee:
1278 2014 1317 2036 ce
1337 2002 1395 2047 qui
1416 2008 1470 2036 est
1489 2014 1618 2037 encore

99 2068 166 2092 une
185 2067 316 2104 preuve
340 2058 480 2101 ajoutee
497 2058 518 2090 a
537 2062 614 2091 tant
638 2057 814 2102 d'autres‚
851 2071 919 2105 que
939 2072 996 2094 ses
1018 2060 1152 2104 &podes
1171 2070 1216 2092 ne
1247 2059 1366 2092 furent
1381 2057 1506 2102 jamnis
1525 2071 1619 2093 com—

98 2114 233 2160 prises,
255 2113 298 2147 de
321 2125 383 2147 son
408 2113 548 2156 vivant,
569 2115 655 2148 dans
679 2127 743 2149 son
766 2116 917 2156 recuei13
942 2118 1000 2161 qu‘
1018 2116 1046 2149 il
1065 2115 1213 2149 n’avoua
1228 2115 1354 2159 jamais
1374 2120 1618 2150 ouvertemeut

99 2182 158 2214 ces¹
177 2181 326 2205 oeuvres
345 2170 390 2204 de
410 2181 450 2204 sa
463 2170 646 2214 jeuuaese3
675 2172 807 2216 quelles
829 2173 946 2206 furent
965 2171 1163 2206 recueillies
1182 2176 1221 2204 et
1242 2172 1421 2214 ajoutees,
1451 2174 1556 2215 apres
1576 2184 1617 2207 sa

97 2232 205 2270 mort,
232 2227 253 2260 ὲ
272 2225 377 2261 celles
397 2226 480 2272 qu'il
499 2227 597 2260 avait
615 2225 788 2262 lui—meme
807 2228 1006 2272 publiees.“
1054 2228 1159 2262 Conf.
1179 2227 1327 2260 eundem
1345 2227 1375 2259 Ι.
1395 2238 1431 2272 p.
1450 2227 1509 2261 93.
1532 2228 1615 2264 360.

96 2282 176 2318 539.
213 2283 254 2316 In
283 2282 403 2318 eadem
434 2282 610 2317 sententia
639 2290 694 2318 est
718 2283 1028 2329 Vanderhourgt'us
1055 2283 1102 2317 Π.
1132 2295 1169 2328 p.
1189 2282 1256 2316 561
1276 2302 1332 2307 —
1350 2283 1408 2317 63.
1440 2283 1496 2318 ed.
1524 2284 1613 2320 Hor.

97 2340 210 2373 Car-m.
244 2339 305 2375 lib.
336 2340 379 2373 V.
410 2339 615 2384 Quanquam
644 2339 747 2375 facile
776 2339 1016 2383 concedimus,
1050 2339 1208 2382 singulos
1234 2337 1383 2383 Epodos
1415 2346 1613 2384 opportuno

95 2394 295 2439 scriptionis
314 2399 472 2440 tempore
490 2396 684 2432 hominibus
703 2396 919 2440 innotuisse,
940 2403 1054 2429 tamen
1074 2405 1143 2428 non
1161 2404 1344 2439 possumus
1358 2406 1427 2429 non
1438 2397 1613 2442 profiteri,

94 2450 296 2494 Horatium,
319 2451 350 2484 si
370 2452 521 2497 Epodon
540 2452 663 2486 librum
683 2452 824 2498 publica
844 2451 998 2486 editione
1020 2461 1097 2485 cum
1116 2450 1321 2495 aequalibus
1339 2462 1410 2486 non
1430 2455 1615 2489 communi-

96 2511 232 2547 canet,
260 2506 312 2540 sic
330 2508 486 2542 scribere
506 2520 573 2542 non
593 2509 762 2553 potuisse.
792 2508 923 2542 sobrie
945 2509 990 2542 de
1009 2506 1112 2542 editis
1132 2506 1268 2552 Epodis
1284 2518 1397 2552 nuper
1417 2508 1613 2555 disputavit

97 2563 166 2596 Gn.
185 2562 316 2605 Teuffel
334 2563 370 2596 in
389 2564 625 2606 „zeitschrift
641 2565 666 2598 f.
683 2565 717 2598 d.
737 2563 1021 2602 Alterthumsw,“
1042 2560 1145 2598 1845.
1174 2563 1220 2596 Ν.
1234 2564 1291 2599 77.
1311 2576 1347 2609 p.
1361 2565 1442 2600 613.
1465 2578 1611 2612 quocum

94 2618 186 2653 conf.
209 2617 333 2652 Weber
351 2619 374 2652 Ι.
393 2619 417 2652 1.
440 2620 486 2653 N.
503 2621 582 2655 168.
616 2621 670 2654 De
688 2619 862 2654 sententia
879 2632 951 2654 van
969 2619 1114 2655 Heusdn'i
1129 2618 1173 2652 ad
1190 2619 1268 2654 Sat.
1286 2621 1321 2663 1,
1340 2620 1374 2654 9.
1393 2633 1429 2667 p.
1449 2622 1508 2658 58.
1535 2624 1609 2660 Ho-

93 2673 204 2710 tatius
218 2675 357 2717 jan-bos
370 2675 556 2718 juventute
575 2676 788 2721 compositos
807 2676 1049 2721 posteritatem
1067 2674 1212 2710 celavit.

202 2729 238 2774 *)
256 2730 292 2764 Is
312 2735 350 2764 et
367 2728 402 2764 in
423 2730 580 2764 Addend.
603 2743 638 2776 p.
655 2729 736 2767 304.
756 2731 800 2764 de
817 2742 880 2765 sua
903 2731 1079 2767 sententia
1102 2742 1172 2765 non
1194 2731 1355 2766 decedit:
1379 2733 1501 2776 „Auch
1515 2736 1609 2780 jetzt

94 2787 183 2822 noch
200 2787 329 2832 glaube
350 2786 406 2821 ich
426 2798 527 2821 ornes
547 2786 644 2820 nicht
664 2788 716 2822 als
736 2788 875 2822 Anrede
893 2800 938 2822 an
952 2788 1140 2823 Maecenas
1158 2788 1276 2822 sussen
1294 2800 1338 2823 zu
1356 2788 1495 2826 diirfen.
1541 2792 1608 2827 Die

94 2842 374 2890 Vertheidigung
388 2844 437 2878 ist
451 2854 539 2889 ganz
559 2843 741 2889 allgemein
758 2844 921 2888 gehalten
936 2845 1008 2880 und
1027 2857 1092 2880 nur
1108 2856 1162 2880 am
1179 2845 1338 2891 Anfange
1355 2856 1400 2880 an
1420 2847 1488 2882 den
1509 2849 1607 2884 Mae·

1166 2906 1251 2948 33*
1274 2911 1398 2962 (w)
