<?xml version="1.0" encoding="UTF-8"?>
<!DOCTYPE html PUBLIC "-//W3C//DTD XHTML 1.0 Transitional//EN"
    "http://www.w3.org/TR/xhtml1/DTD/xhtml1-transitional.dtd">
<html xmlns="http://www.w3.org/1999/xhtml" xml:lang="en" lang="en">
 <head>
  <title>
</title>
<meta http-equiv="Content-Type" content="text/html;charset=utf-8" />
  <meta name='ocr-system' content='tesseract 3.04.00' />
  <meta name='ocr-capabilities' content='ocr_page ocr_carea ocr_par ocr_line ocrx_word'/>
</head>
<body>
  <div class='ocr_page' id='page_1' title='image "./epistolascomment02horauoft_0522.png"; bbox 0 0 1910 3138; ppageno 0'>
   <div class='ocr_carea' id='block_1_1' title="bbox 226 206 1825 268">
    <p class='ocr_par' dir='ltr' id='par_1_1' title="bbox 226 206 1825 268">
     <span class='ocr_line' id='line_1_1' title="bbox 226 206 1825 268; baseline 0.001 -1"><span class='ocrx_word' id='word_1_1' title='bbox 226 226 309 267; x_wconf 83' lang='lat'><strong>514</strong></span> <span class='ocrx_word' id='word_1_2' title='bbox 353 223 1016 266; x_wconf 81' lang='lat' dir='ltr'><strong>COMMENT.1NHOR.L1B.I.</strong></span> <span class='ocrx_word' id='word_1_3' title='bbox 1054 225 1222 264; x_wconf 88' lang='lat' dir='ltr'><strong>EPIST.</strong></span> <span class='ocrx_word' id='word_1_4' title='bbox 1246 226 1624 266; x_wconf 80' lang='lat' dir='ltr'><strong>UNDEVICESIM.</strong></span> <span class='ocrx_word' id='word_1_5' title='bbox 1677 227 1759 268; x_wconf 86' lang='grc'><strong>166</strong></span> <span class='ocrx_word' id='word_1_6' title='bbox 1821 206 1825 210; x_wconf 36' lang='lat'>¹</span> 
     </span>
    </p>
   </div>
   <div class='ocr_carea' id='block_1_2' title="bbox 222 338 1765 2638">
    <p class='ocr_par' dir='ltr' id='par_1_2' title="bbox 223 338 1765 869">
     <span class='ocr_line' id='line_1_2' title="bbox 224 338 1765 391; baseline -0.001 -12"><span class='ocrx_word' id='word_1_7' title='bbox 224 342 364 391; x_wconf 86' lang='lat' dir='ltr'><strong>Cruq.:</strong></span> <span class='ocrx_word' id='word_1_8' title='bbox 398 341 586 388; x_wconf 88' lang='lat' dir='ltr'><strong>„metrica</strong></span> <span class='ocrx_word' id='word_1_9' title='bbox 617 339 761 377; x_wconf 83' lang='lat' dir='ltr'><strong>ratione</strong></span> <span class='ocrx_word' id='word_1_10' title='bbox 787 338 904 376; x_wconf 87' lang='lat' dir='ltr'><strong>virilis</strong></span> <span class='ocrx_word' id='word_1_11' title='bbox 932 342 971 376; x_wconf 89' lang='lat' dir='ltr'><strong>et</strong></span> <span class='ocrx_word' id='word_1_12' title='bbox 999 339 1158 377; x_wconf 86' lang='lat' dir='ltr'><strong>fortis.“</strong></span> <span class='ocrx_word' id='word_1_13' title='bbox 1212 338 1284 377; x_wconf 87' lang='lat' dir='ltr'><strong>Alii</strong></span> <span class='ocrx_word' id='word_1_14' title='bbox 1311 340 1441 389; x_wconf 80' lang='lat' dir='ltr'><strong>aliter,</strong></span> <span class='ocrx_word' id='word_1_15' title='bbox 1471 344 1515 378; x_wconf 89' lang='lat' dir='ltr'><strong>ut</strong></span> <span class='ocrx_word' id='word_1_16' title='bbox 1558 339 1765 378; x_wconf 69' lang='lat' dir='ltr'><strong>Turnebus</strong></span> 
     </span>
     <span class='ocr_line' id='line_1_3' title="bbox 225 404 1763 459; baseline 0.001 -15"><span class='ocrx_word' id='word_1_17' title='bbox 225 408 338 458; x_wconf 88' lang='lat' dir='ltr'><strong>(Adv.</strong></span> <span class='ocrx_word' id='word_1_18' title='bbox 372 408 439 456; x_wconf 83' lang='lat'><strong>10,</strong></span> <span class='ocrx_word' id='word_1_19' title='bbox 469 408 506 447; x_wconf 90' lang='grc'><strong>2.</strong></span> <span class='ocrx_word' id='word_1_20' title='bbox 542 406 628 446; x_wconf 91' lang='lat' dir='ltr'><strong>coll.</strong></span> <span class='ocrx_word' id='word_1_21' title='bbox 669 404 814 446; x_wconf 75' lang='lat' dir='ltr'><strong>Barth.</strong></span> <span class='ocrx_word' id='word_1_22' title='bbox 853 405 952 444; x_wconf 90' lang='lat' dir='ltr'><strong>Adv.</strong></span> <span class='ocrx_word' id='word_1_23' title='bbox 983 408 1053 457; x_wconf 86' lang='lat'><strong>32,</strong></span> <span class='ocrx_word' id='word_1_24' title='bbox 1086 407 1151 448; x_wconf 82' lang='lat'><strong>14.</strong></span> <span class='ocrx_word' id='word_1_25' title='bbox 1186 421 1223 459; x_wconf 88' lang='lat' dir='ltr'><strong>p.</strong></span> <span class='ocrx_word' id='word_1_26' title='bbox 1257 408 1403 458; x_wconf 84' lang='lat'><strong>1489),</strong></span> <span class='ocrx_word' id='word_1_27' title='bbox 1445 408 1509 459; x_wconf 92' lang='lat' dir='ltr'><strong>qui</strong></span> <span class='ocrx_word' id='word_1_28' title='bbox 1537 408 1763 446; x_wconf 70' lang='lat' dir='ltr'><strong>masculam</strong></span> 
     </span>
     <span class='ocr_line' id='line_1_4' title="bbox 224 474 1764 528; baseline 0.001 -15"><span class='ocrx_word' id='word_1_29' title='bbox 224 475 420 525; x_wconf 85' lang='lat' dir='ltr'><strong>intelligit,</strong></span> <span class='ocrx_word' id='word_1_30' title='bbox 450 487 580 524; x_wconf 82' lang='lat' dir='ltr'><strong>„quae</strong></span> <span class='ocrx_word' id='word_1_31' title='bbox 602 477 680 511; x_wconf 87' lang='lat' dir='ltr'><strong>tam</strong></span> <span class='ocrx_word' id='word_1_32' title='bbox 708 474 841 512; x_wconf 82' lang='lat' dir='ltr'>audaci</span> <span class='ocrx_word' id='word_1_33' title='bbox 867 474 990 512; x_wconf 88' lang='lat' dir='ltr'><strong>animo</strong></span> <span class='ocrx_word' id='word_1_34' title='bbox 1011 476 1143 525; x_wconf 87' lang='lat' dir='ltr'><strong>fuerit,</strong></span> <span class='ocrx_word' id='word_1_35' title='bbox 1173 480 1214 513; x_wconf 89' lang='lat' dir='ltr'><strong>ut</strong></span> <span class='ocrx_word' id='word_1_36' title='bbox 1240 476 1288 515; x_wconf 90' lang='lat' dir='ltr'><strong>de</strong></span> <span class='ocrx_word' id='word_1_37' title='bbox 1311 475 1490 515; x_wconf 92' lang='lat' dir='ltr'><strong>Leucade</strong></span> <span class='ocrx_word' id='word_1_38' title='bbox 1515 481 1626 527; x_wconf 89' lang='lat' dir='ltr'><strong>petra</strong></span> <span class='ocrx_word' id='word_1_39' title='bbox 1649 489 1764 528; x_wconf 88' lang='lat' dir='ltr'><strong>prae-</strong></span> 
     </span>
     <span class='ocr_line' id='line_1_5' title="bbox 224 543 1763 595; baseline 0.001 -14"><span class='ocrx_word' id='word_1_40' title='bbox 224 544 374 595; x_wconf 87' lang='lat' dir='ltr'><strong>cipitem</strong></span> <span class='ocrx_word' id='word_1_41' title='bbox 404 543 494 580; x_wconf 91' lang='lat' dir='ltr'><strong>dare</strong></span> <span class='ocrx_word' id='word_1_42' title='bbox 522 555 563 580; x_wconf 90' lang='lat' dir='ltr'><strong>se</strong></span> <span class='ocrx_word' id='word_1_43' title='bbox 591 555 685 579; x_wconf 89' lang='lat' dir='ltr'><strong>ausa</strong></span> <span class='ocrx_word' id='word_1_44' title='bbox 713 543 806 580; x_wconf 84' lang='lat' dir='ltr'><strong>sit.“</strong></span> <span class='ocrx_word' id='word_1_45' title='bbox 864 545 923 582; x_wconf 90' lang='lat' dir='ltr'><strong>Ad</strong></span> <span class='ocrx_word' id='word_1_46' title='bbox 953 545 1048 582; x_wconf 90' lang='lat' dir='ltr'><strong>hanc</strong></span> <span class='ocrx_word' id='word_1_47' title='bbox 1074 544 1424 594; x_wconf 80' lang='lat' dir='ltr'><strong>interpretationem</strong></span> <span class='ocrx_word' id='word_1_48' title='bbox 1452 545 1593 583; x_wconf 88' lang='lat' dir='ltr'><strong>faciunt</strong></span> <span class='ocrx_word' id='word_1_49' title='bbox 1616 544 1763 584; x_wconf 82' lang='lat' dir='ltr'><strong>Auson.</strong></span> 
     </span>
     <span class='ocr_line' id='line_1_6' title="bbox 223 609 1761 660; baseline 0.001 -12"><span class='ocrx_word' id='word_1_50' title='bbox 223 613 279 650; x_wconf 90' lang='lat' dir='ltr'><strong>Id.</strong></span> <span class='ocrx_word' id='word_1_51' title='bbox 308 612 348 660; x_wconf 84' lang='lat'><strong>6,</strong></span> <span class='ocrx_word' id='word_1_52' title='bbox 380 609 446 652; x_wconf 82' lang='lat'><strong>24.</strong></span> <span class='ocrx_word' id='word_1_53' title='bbox 494 610 552 646; x_wconf 82' lang='lat' dir='ltr'><strong>Et</strong></span> <span class='ocrx_word' id='word_1_54' title='bbox 579 610 628 647; x_wconf 83' lang='lat' dir='ltr'><strong>de</strong></span> <span class='ocrx_word' id='word_1_55' title='bbox 656 610 833 649; x_wconf 71' lang='lat' dir='ltr'><strong>nimboso</strong></span> <span class='ocrx_word' id='word_1_56' title='bbox 860 612 1010 649; x_wconf 70' lang='lat' dir='ltr'><strong>saltum</strong></span> <span class='ocrx_word' id='word_1_57' title='bbox 1037 613 1212 650; x_wconf 80' lang='lat' dir='ltr'><strong>Leucate</strong></span> <span class='ocrx_word' id='word_1_58' title='bbox 1238 613 1415 650; x_wconf 80' lang='lat' dir='ltr'><strong>minatur</strong></span> <span class='ocrx_word' id='word_1_59' title='bbox 1439 613 1634 650; x_wconf 73' lang='lat' dir='ltr'><strong>Mascula</strong></span> <span class='ocrx_word' id='word_1_60' title='bbox 1661 613 1761 650; x_wconf 78' lang='lat' dir='ltr'><strong>Les-</strong></span> 
     </span>
     <span class='ocr_line' id='line_1_7' title="bbox 225 679 1760 732; baseline 0.003 -16"><span class='ocrx_word' id='word_1_61' title='bbox 225 679 349 716; x_wconf 63' lang='lat' dir='ltr'><strong>biae-is</strong></span> <span class='ocrx_word' id='word_1_62' title='bbox 371 679 556 729; x_wconf 78' lang='lat' dir='ltr'><strong>peritura</strong></span> <span class='ocrx_word' id='word_1_63' title='bbox 588 680 760 729; x_wconf 77' lang='lat' dir='ltr'><strong>sagittis.</strong></span> <span class='ocrx_word' id='word_1_64' title='bbox 814 681 911 719; x_wconf 86' lang='lat' dir='ltr'>Stat.</span> <span class='ocrx_word' id='word_1_65' title='bbox 941 682 1032 722; x_wconf 85' lang='lat' dir='ltr'><strong>Silv.</strong></span> <span class='ocrx_word' id='word_1_66' title='bbox 1064 682 1108 731; x_wconf 91' lang='lat'><strong>5,</strong></span> <span class='ocrx_word' id='word_1_67' title='bbox 1138 681 1186 729; x_wconf 87' lang='lat'><strong>3,</strong></span> <span class='ocrx_word' id='word_1_68' title='bbox 1218 679 1298 720; x_wconf 85' lang='lat'><strong>154</strong></span> <span class='ocrx_word' id='word_1_69' title='bbox 1321 694 1379 732; x_wconf 82' lang='lat' dir='ltr'><strong>sq.</strong></span> <span class='ocrx_word' id='word_1_70' title='bbox 1419 681 1532 719; x_wconf 87' lang='lat' dir='ltr'><strong>Ovid.</strong></span> <span class='ocrx_word' id='word_1_71' title='bbox 1565 681 1661 719; x_wconf 88' lang='lat' dir='ltr'><strong>Her.</strong></span> <span class='ocrx_word' id='word_1_72' title='bbox 1693 681 1760 730; x_wconf 84' lang='lat'><strong>15,</strong></span> 
     </span>
     <span class='ocr_line' id='line_1_8' title="bbox 226 746 1763 800; baseline -0.003 -11"><span class='ocrx_word' id='word_1_73' title='bbox 226 750 303 789; x_wconf 91' lang='grc'><strong>171</strong></span> <span class='ocrx_word' id='word_1_74' title='bbox 321 761 406 798; x_wconf 81' lang='lat' dir='ltr'><strong>sqq,</strong></span> <span class='ocrx_word' id='word_1_75' title='bbox 448 746 478 784; x_wconf 96' lang='lat' dir='ltr'><strong>A</strong></span> <span class='ocrx_word' id='word_1_76' title='bbox 494 751 576 784; x_wconf 87' lang='lat' dir='ltr'><strong>toto</strong></span> <span class='ocrx_word' id='word_1_77' title='bbox 592 750 716 785; x_wconf 85' lang='lat' dir='ltr'><strong>autem</strong></span> <span class='ocrx_word' id='word_1_78' title='bbox 733 748 839 785; x_wconf 90' lang='lat' dir='ltr'><strong>coelo</strong></span> <span class='ocrx_word' id='word_1_79' title='bbox 856 750 1051 798; x_wconf 83' lang='lat' dir='ltr'><strong>aberrant,</strong></span> <span class='ocrx_word' id='word_1_80' title='bbox 1072 747 1135 800; x_wconf 88' lang='lat' dir='ltr'><strong>qui</strong></span> <span class='ocrx_word' id='word_1_81' title='bbox 1155 749 1342 787; x_wconf 88' lang='lat' dir='ltr'><strong>sententia</strong></span> <span class='ocrx_word' id='word_1_82' title='bbox 1357 749 1448 788; x_wconf 85' lang='lat' dir='ltr'><strong>satis</strong></span> <span class='ocrx_word' id='word_1_83' title='bbox 1468 749 1655 788; x_wconf 84' lang='lat' dir='ltr'><strong>obscoena</strong></span> <span class='ocrx_word' id='word_1_84' title='bbox 1676 749 1763 786; x_wconf 85' lang='lat' dir='ltr'><strong>viri—</strong></span> 
     </span>
     <span class='ocr_line' id='line_1_9' title="bbox 223 815 1763 869; baseline 0 -15"><span class='ocrx_word' id='word_1_85' title='bbox 223 816 297 854; x_wconf 89' lang='lat' dir='ltr'><strong>lem</strong></span> <span class='ocrx_word' id='word_1_86' title='bbox 317 815 418 853; x_wconf 89' lang='lat' dir='ltr'><strong>illam</strong></span> <span class='ocrx_word' id='word_1_87' title='bbox 439 815 644 866; x_wconf 87' lang='lat' dir='ltr'><strong>poetriam,</strong></span> <span class='ocrx_word' id='word_1_88' title='bbox 666 817 766 865; x_wconf 89' lang='lat' dir='ltr'><strong>quod</strong></span> <span class='ocrx_word' id='word_1_89' title='bbox 786 816 904 854; x_wconf 80' lang='lat' dir='ltr'>tribas</span> <span class='ocrx_word' id='word_1_90' title='bbox 924 817 1054 866; x_wconf 87' lang='lat' dir='ltr'><strong>fuerit,</strong></span> <span class='ocrx_word' id='word_1_91' title='bbox 1077 817 1139 855; x_wconf 91' lang='lat' dir='ltr'><strong>illo</strong></span> <span class='ocrx_word' id='word_1_92' title='bbox 1159 816 1337 868; x_wconf 88' lang='lat' dir='ltr'><strong>Epitheto</strong></span> <span class='ocrx_word' id='word_1_93' title='bbox 1359 820 1529 855; x_wconf 86' lang='lat' dir='ltr'><strong>ornatam</strong></span> <span class='ocrx_word' id='word_1_94' title='bbox 1547 818 1763 869; x_wconf 80' lang='lat' dir='ltr'><strong>opinantur.</strong></span> 
     </span>
    </p>

    <p class='ocr_par' dir='ltr' id='par_1_3' title="bbox 222 884 1764 2163">
     <span class='ocr_line' id='line_1_10' title="bbox 334 884 1763 938; baseline 0.002 -17"><span class='ocrx_word' id='word_1_95' title='bbox 334 884 378 922; x_wconf 91' lang='lat' dir='ltr'><strong>V.</strong></span> <span class='ocrx_word' id='word_1_96' title='bbox 406 884 473 925; x_wconf 86' lang='lat'><strong>30.</strong></span> <span class='ocrx_word' id='word_1_97' title='bbox 503 885 572 924; x_wconf 88' lang='lat'><strong>31.</strong></span> <span class='ocrx_word' id='word_1_98' title='bbox 624 885 832 934; x_wconf 77' lang='lat' dir='ltr'><strong>Temperat</strong></span> <span class='ocrx_word' id='word_1_99' title='bbox 858 885 1041 922; x_wconf 73' lang='lat' dir='ltr'><strong>Alcaeus</strong></span> <span class='ocrx_word' id='word_1_100' title='bbox 1064 888 1136 923; x_wconf 90' lang='lat' dir='ltr'><strong>etc.</strong></span> <span class='ocrx_word' id='word_1_101' title='bbox 1186 886 1310 930; x_wconf 85' lang='lat' dir='ltr'><strong>Quam</strong></span> <span class='ocrx_word' id='word_1_102' title='bbox 1334 885 1445 924; x_wconf 87' lang='lat' dir='ltr'><strong>facile</strong></span> <span class='ocrx_word' id='word_1_103' title='bbox 1463 886 1520 924; x_wconf 84' lang='lat' dir='ltr'><strong>vel</strong></span> <span class='ocrx_word' id='word_1_104' title='bbox 1544 887 1684 938; x_wconf 84' lang='lat' dir='ltr'><strong>optimo</strong></span> <span class='ocrx_word' id='word_1_105' title='bbox 1708 887 1763 924; x_wconf 88' lang='lat' dir='ltr'><strong>iu-</strong></span> 
     </span>
     <span class='ocr_line' id='line_1_11' title="bbox 222 950 1762 1006; baseline 0.001 -15"><span class='ocrx_word' id='word_1_106' title='bbox 222 953 381 1005; x_wconf 88' lang='lat' dir='ltr'><strong>terpreti</strong></span> <span class='ocrx_word' id='word_1_107' title='bbox 411 952 478 1003; x_wconf 88' lang='lat' dir='ltr'><strong>sit,</strong></span> <span class='ocrx_word' id='word_1_108' title='bbox 506 950 582 989; x_wconf 88' lang='lat' dir='ltr'><strong>labi</strong></span> <span class='ocrx_word' id='word_1_109' title='bbox 605 956 720 1002; x_wconf 85' lang='lat' dir='ltr'><strong>atque</strong></span> <span class='ocrx_word' id='word_1_110' title='bbox 740 965 889 1003; x_wconf 87' lang='lat' dir='ltr'><strong>errare,</strong></span> <span class='ocrx_word' id='word_1_111' title='bbox 919 954 960 991; x_wconf 92' lang='lat' dir='ltr'><strong>id</strong></span> <span class='ocrx_word' id='word_1_112' title='bbox 980 953 1118 991; x_wconf 90' lang='lat' dir='ltr'><strong>indicio</strong></span> <span class='ocrx_word' id='word_1_113' title='bbox 1138 957 1220 1003; x_wconf 85' lang='lat' dir='ltr'><strong>est,</strong></span> <span class='ocrx_word' id='word_1_114' title='bbox 1251 954 1353 1005; x_wconf 92' lang='lat' dir='ltr'><strong>quod</strong></span> <span class='ocrx_word' id='word_1_115' title='bbox 1373 953 1626 1000; x_wconf 79' lang='lat' dir='ltr'><em>Lambinus,</em></span> <span class='ocrx_word' id='word_1_116' title='bbox 1654 958 1762 1006; x_wconf 83' lang='lat' dir='ltr'><strong>post-</strong></span> 
     </span>
     <span class='ocr_line' id='line_1_12' title="bbox 223 1020 1762 1074; baseline 0.001 -16"><span class='ocrx_word' id='word_1_117' title='bbox 223 1034 334 1072; x_wconf 83' lang='lat' dir='ltr'><strong>quam</strong></span> <span class='ocrx_word' id='word_1_118' title='bbox 370 1033 429 1058; x_wconf 89' lang='lat' dir='ltr'><strong>vv.</strong></span> <span class='ocrx_word' id='word_1_119' title='bbox 470 1020 742 1057; x_wconf 84' lang='lat' dir='ltr'><strong>antecedentes</strong></span> <span class='ocrx_word' id='word_1_120' title='bbox 778 1021 871 1060; x_wconf 91' lang='lat' dir='ltr'><strong>mire</strong></span> <span class='ocrx_word' id='word_1_121' title='bbox 905 1021 1125 1072; x_wconf 80' lang='lat' dir='ltr'><strong>explicavit:</strong></span> <span class='ocrx_word' id='word_1_122' title='bbox 1168 1021 1398 1073; x_wconf 90' lang='lat' dir='ltr'><strong>„Sapphica</strong></span> <span class='ocrx_word' id='word_1_123' title='bbox 1434 1023 1621 1073; x_wconf 84' lang='lat' dir='ltr'><strong>carmina,</strong></span> <span class='ocrx_word' id='word_1_124' title='bbox 1665 1034 1762 1074; x_wconf 86' lang='lat' dir='ltr'><strong>quae</strong></span> 
     </span>
     <span class='ocr_line' id='line_1_13' title="bbox 222 1087 1764 1143; baseline 0.001 -16"><span class='ocrx_word' id='word_1_125' title='bbox 222 1090 357 1141; x_wconf 88' lang='lat' dir='ltr'><strong>scripsi</strong></span> <span class='ocrx_word' id='word_1_126' title='bbox 392 1089 430 1126; x_wconf 92' lang='lat' dir='ltr'><strong>in</strong></span> <span class='ocrx_word' id='word_1_127' title='bbox 468 1087 571 1125; x_wconf 89' lang='lat' dir='ltr'><strong>libris</strong></span> <span class='ocrx_word' id='word_1_128' title='bbox 606 1088 809 1125; x_wconf 87' lang='lat' dir='ltr'><strong>carminum</strong></span> <span class='ocrx_word' id='word_1_129' title='bbox 838 1090 887 1126; x_wconf 91' lang='lat' dir='ltr'><strong>ad</strong></span> <span class='ocrx_word' id='word_1_130' title='bbox 918 1090 1124 1140; x_wconf 85' lang='lat' dir='ltr'><strong>exemplum</strong></span> <span class='ocrx_word' id='word_1_131' title='bbox 1164 1090 1341 1143; x_wconf 89' lang='lat' dir='ltr'><strong>Sapphus</strong></span> <span class='ocrx_word' id='word_1_132' title='bbox 1381 1094 1421 1128; x_wconf 85' lang='lat' dir='ltr'><strong>et</strong></span> <span class='ocrx_word' id='word_1_133' title='bbox 1455 1090 1626 1141; x_wconf 87' lang='lat' dir='ltr'><strong>Alcaica,</strong></span> <span class='ocrx_word' id='word_1_134' title='bbox 1666 1103 1764 1141; x_wconf 87' lang='lat' dir='ltr'><strong>quae</strong></span> 
     </span>
     <span class='ocr_line' id='line_1_14' title="bbox 222 1155 1763 1208; baseline 0.001 -13"><span class='ocrx_word' id='word_1_135' title='bbox 222 1159 269 1196; x_wconf 88' lang='lat' dir='ltr'><strong>ad</strong></span> <span class='ocrx_word' id='word_1_136' title='bbox 297 1157 448 1206; x_wconf 83' lang='lat' dir='ltr'><strong>Alcaei,</strong></span> <span class='ocrx_word' id='word_1_137' title='bbox 475 1159 688 1207; x_wconf 87' lang='lat' dir='ltr'><strong>temperant</strong></span> <span class='ocrx_word' id='word_1_138' title='bbox 709 1155 919 1194; x_wconf 87' lang='lat' dir='ltr'><strong>Archilochi</strong></span> <span class='ocrx_word' id='word_1_139' title='bbox 943 1158 1093 1207; x_wconf 87' lang='lat' dir='ltr'><strong>jambos</strong></span> <span class='ocrx_word' id='word_1_140' title='bbox 1124 1160 1231 1196; x_wconf 89' lang='lat' dir='ltr'><strong>nimis</strong></span> <span class='ocrx_word' id='word_1_141' title='bbox 1258 1163 1363 1197; x_wconf 86' lang='lat' dir='ltr'><strong>atros</strong></span> <span class='ocrx_word' id='word_1_142' title='bbox 1388 1163 1427 1197; x_wconf 92' lang='lat' dir='ltr'><strong>et</strong></span> <span class='ocrx_word' id='word_1_143' title='bbox 1456 1158 1763 1208; x_wconf 83' lang='lat' dir='ltr'><strong>contumeliosos,</strong></span> 
     </span>
     <span class='ocr_line' id='line_1_15' title="bbox 223 1224 1764 1277; baseline 0.001 -14"><span class='ocrx_word' id='word_1_144' title='bbox 223 1226 357 1277; x_wconf 87' lang='lat' dir='ltr'><strong>quibus</strong></span> <span class='ocrx_word' id='word_1_145' title='bbox 385 1238 474 1262; x_wconf 89' lang='lat' dir='ltr'><strong>usus</strong></span> <span class='ocrx_word' id='word_1_146' title='bbox 509 1236 590 1262; x_wconf 90' lang='lat' dir='ltr'><strong>sum</strong></span> <span class='ocrx_word' id='word_1_147' title='bbox 625 1224 662 1261; x_wconf 86' lang='lat' dir='ltr'><strong>in</strong></span> <span class='ocrx_word' id='word_1_148' title='bbox 697 1224 793 1262; x_wconf 87' lang='lat' dir='ltr'><strong>libro</strong></span> <span class='ocrx_word' id='word_1_149' title='bbox 829 1225 1059 1276; x_wconf 78' lang='lat' dir='ltr'><strong>Epodon,“</strong></span> <span class='ocrx_word' id='word_1_150' title='bbox 1097 1225 1320 1263; x_wconf 85' lang='lat' dir='ltr'><strong>vocabulum</strong></span> <span class='ocrx_word' id='word_1_151' title='bbox 1349 1227 1491 1277; x_wconf 64' lang='lat' dir='ltr'><strong>‹ils-par</strong></span> <span class='ocrx_word' id='word_1_152' title='bbox 1517 1228 1566 1265; x_wconf 84' lang='lat' dir='ltr'><strong>ad</strong></span> <span class='ocrx_word' id='word_1_153' title='bbox 1591 1226 1764 1265; x_wconf 83' lang='lat' dir='ltr'><strong>Archilo-</strong></span> 
     </span>
     <span class='ocr_line' id='line_1_16' title="bbox 223 1292 1763 1345; baseline 0.001 -13"><span class='ocrx_word' id='word_1_154' title='bbox 223 1295 333 1333; x_wconf 86' lang='lat' dir='ltr'><strong>chum</strong></span> <span class='ocrx_word' id='word_1_155' title='bbox 361 1295 431 1332; x_wconf 90' lang='lat' dir='ltr'><strong>hac</strong></span> <span class='ocrx_word' id='word_1_156' title='bbox 455 1294 644 1331; x_wconf 89' lang='lat' dir='ltr'><strong>sententia</strong></span> <span class='ocrx_word' id='word_1_157' title='bbox 668 1292 804 1331; x_wconf 86' lang='lat' dir='ltr'><strong>refert:</strong></span> <span class='ocrx_word' id='word_1_158' title='bbox 832 1293 1126 1343; x_wconf 90' lang='lat' dir='ltr'><strong>„Archilochus,</strong></span> <span class='ocrx_word' id='word_1_159' title='bbox 1158 1306 1266 1345; x_wconf 88' lang='lat' dir='ltr'><strong>quem</strong></span> <span class='ocrx_word' id='word_1_160' title='bbox 1293 1307 1365 1344; x_wconf 85' lang='lat' dir='ltr'><strong>ego</strong></span> <span class='ocrx_word' id='word_1_161' title='bbox 1390 1296 1483 1333; x_wconf 88' lang='lat' dir='ltr'><strong>meis</strong></span> <span class='ocrx_word' id='word_1_162' title='bbox 1501 1295 1674 1333; x_wconf 90' lang='lat' dir='ltr'><strong>versibus</strong></span> <span class='ocrx_word' id='word_1_163' title='bbox 1698 1307 1763 1333; x_wconf 90' lang='lat' dir='ltr'><strong>ex-</strong></span> 
     </span>
     <span class='ocr_line' id='line_1_17' title="bbox 222 1361 1763 1415; baseline 0 -15"><span class='ocrx_word' id='word_1_164' title='bbox 222 1363 366 1415; x_wconf 85' lang='lat' dir='ltr'><strong>primo,</strong></span> <span class='ocrx_word' id='word_1_165' title='bbox 396 1361 586 1399; x_wconf 82' lang='lat' dir='ltr'><strong>dissimilis</strong></span> <span class='ocrx_word' id='word_1_166' title='bbox 618 1361 669 1399; x_wconf 89' lang='lat' dir='ltr'><strong>illi</strong></span> <span class='ocrx_word' id='word_1_167' title='bbox 699 1361 947 1410; x_wconf 86' lang='lat' dir='ltr'><strong>Archilocho,</strong></span> <span class='ocrx_word' id='word_1_168' title='bbox 977 1362 1083 1412; x_wconf 91' lang='lat' dir='ltr'><strong>cujus</strong></span> <span class='ocrx_word' id='word_1_169' title='bbox 1117 1375 1249 1401; x_wconf 87' lang='lat' dir='ltr'><strong>versus</strong></span> <span class='ocrx_word' id='word_1_170' title='bbox 1278 1362 1509 1401; x_wconf 84' lang='lat' dir='ltr'><strong>acerbissimi</strong></span> <span class='ocrx_word' id='word_1_171' title='bbox 1536 1366 1575 1401; x_wconf 89' lang='lat' dir='ltr'><strong>et</strong></span> <span class='ocrx_word' id='word_1_172' title='bbox 1601 1364 1763 1400; x_wconf 83' lang='lat' dir='ltr'><strong>atrocis-</strong></span> 
     </span>
     <span class='ocr_line' id='line_1_18' title="bbox 223 1429 1761 1481; baseline -0.001 -13"><span class='ocrx_word' id='word_1_173' title='bbox 223 1432 308 1469; x_wconf 83' lang='lat' dir='ltr'><strong>simi</strong></span> <span class='ocrx_word' id='word_1_174' title='bbox 332 1434 440 1479; x_wconf 87' lang='lat' dir='ltr'><strong>sunt,</strong></span> <span class='ocrx_word' id='word_1_175' title='bbox 471 1443 596 1480; x_wconf 87' lang='lat' dir='ltr'><strong>neque</strong></span> <span class='ocrx_word' id='word_1_176' title='bbox 614 1443 787 1468; x_wconf 83' lang='lat' dir='ltr'><strong>socerum</strong></span> <span class='ocrx_word' id='word_1_177' title='bbox 807 1431 1000 1481; x_wconf 85' lang='lat' dir='ltr'><strong>quaerit.“</strong></span> <span class='ocrx_word' id='word_1_178' title='bbox 1043 1429 1238 1468; x_wconf 82' lang='lat' dir='ltr'><strong>Lambini</strong></span> <span class='ocrx_word' id='word_1_179' title='bbox 1254 1431 1416 1481; x_wconf 83' lang='lat' dir='ltr'><strong>vestigia</strong></span> <span class='ocrx_word' id='word_1_180' title='bbox 1432 1431 1526 1481; x_wconf 88' lang='lat' dir='ltr'><strong>legit</strong></span> <span class='ocrx_word' id='word_1_181' title='bbox 1548 1430 1761 1474; x_wconf 53' lang='lat' dir='ltr'><strong>Dat-erius,</strong></span> 
     </span>
     <span class='ocr_line' id='line_1_19' title="bbox 222 1497 1760 1550; baseline -0.002 -12"><span class='ocrx_word' id='word_1_182' title='bbox 222 1500 284 1538; x_wconf 82' lang='lat' dir='ltr'><strong>At·</strong></span> <span class='ocrx_word' id='word_1_183' title='bbox 298 1500 418 1538; x_wconf 89' lang='lat' dir='ltr'><strong>Poeta</strong></span> <span class='ocrx_word' id='word_1_184' title='bbox 447 1499 593 1536; x_wconf 87' lang='lat' dir='ltr'><strong>addidit</strong></span> <span class='ocrx_word' id='word_1_185' title='bbox 619 1498 733 1549; x_wconf 86' lang='lat' dir='ltr'><strong>haec,</strong></span> <span class='ocrx_word' id='word_1_186' title='bbox 764 1501 805 1536; x_wconf 87' lang='lat' dir='ltr'><strong>ut</strong></span> <span class='ocrx_word' id='word_1_187' title='bbox 826 1499 1127 1548; x_wconf 87' lang='lat' dir='ltr'><strong>demonstraret,</strong></span> <span class='ocrx_word' id='word_1_188' title='bbox 1157 1499 1346 1549; x_wconf 89' lang='lat' dir='ltr'><strong>quomodo</strong></span> <span class='ocrx_word' id='word_1_189' title='bbox 1367 1497 1522 1550; x_wconf 88' lang='lat' dir='ltr'><strong>Sappho</strong></span> <span class='ocrx_word' id='word_1_190' title='bbox 1543 1501 1583 1536; x_wconf 86' lang='lat' dir='ltr'><strong>et</strong></span> <span class='ocrx_word' id='word_1_191' title='bbox 1601 1497 1760 1536; x_wconf 78' lang='lat' dir='ltr'><strong>Alcaeus</strong></span> 
     </span>
     <span class='ocr_line' id='line_1_20' title="bbox 223 1565 1762 1618; baseline -0.002 -13"><span class='ocrx_word' id='word_1_192' title='bbox 223 1569 302 1606; x_wconf 90' lang='lat' dir='ltr'><strong>suis</strong></span> <span class='ocrx_word' id='word_1_193' title='bbox 333 1567 565 1618; x_wconf 82' lang='lat' dir='ltr'><strong>argumentis</strong></span> <span class='ocrx_word' id='word_1_194' title='bbox 591 1566 639 1604; x_wconf 89' lang='lat' dir='ltr'><strong>ab</strong></span> <span class='ocrx_word' id='word_1_195' title='bbox 669 1566 891 1604; x_wconf 91' lang='lat' dir='ltr'><strong>Archilocho</strong></span> <span class='ocrx_word' id='word_1_196' title='bbox 921 1567 1180 1604; x_wconf 87' lang='lat' dir='ltr'><strong>discesserint.</strong></span> <span class='ocrx_word' id='word_1_197' title='bbox 1241 1567 1301 1604; x_wconf 92' lang='lat' dir='ltr'><strong>Ad</strong></span> <span class='ocrx_word' id='word_1_198' title='bbox 1327 1567 1528 1606; x_wconf 89' lang='lat' dir='ltr'><strong>dictionem</strong></span> <span class='ocrx_word' id='word_1_199' title='bbox 1559 1579 1661 1608; x_wconf 74' lang='lat' dir='ltr'><strong>vera,</strong></span> <span class='ocrx_word' id='word_1_200' title='bbox 1690 1565 1762 1603; x_wconf 85' lang='lat' dir='ltr'><strong>ob·-</strong></span> 
     </span>
     <span class='ocr_line' id='line_1_21' title="bbox 224 1633 1762 1685; baseline 0.001 -14"><span class='ocrx_word' id='word_1_201' title='bbox 224 1636 297 1672; x_wconf 84' lang='lat' dir='ltr'><strong>lin.</strong></span> <span class='ocrx_word' id='word_1_202' title='bbox 326 1637 441 1683; x_wconf 79' lang='lat' dir='ltr'><strong>atris,</strong></span> <span class='ocrx_word' id='word_1_203' title='bbox 472 1636 496 1673; x_wconf 88' lang='lat' dir='ltr'><strong>i.</strong></span> <span class='ocrx_word' id='word_1_204' title='bbox 526 1648 559 1675; x_wconf 86' lang='lat' dir='ltr'><strong>e.</strong></span> <span class='ocrx_word' id='word_1_205' title='bbox 589 1633 835 1685; x_wconf 85' lang='lat' dir='ltr'><strong>perniciosis,</strong></span> <span class='ocrx_word' id='word_1_206' title='bbox 865 1635 1063 1673; x_wconf 85' lang='lat' dir='ltr'><strong>venenosis</strong></span> <span class='ocrx_word' id='word_1_207' title='bbox 1083 1635 1180 1674; x_wconf 87' lang='lat' dir='ltr'><strong>conf.</strong></span> <span class='ocrx_word' id='word_1_208' title='bbox 1213 1635 1288 1673; x_wconf 93' lang='lat' dir='ltr'><strong>Od.</strong></span> <span class='ocrx_word' id='word_1_209' title='bbox 1315 1636 1353 1685; x_wconf 93' lang='lat'><strong>1,</strong></span> <span class='ocrx_word' id='word_1_210' title='bbox 1372 1636 1440 1685; x_wconf 87' lang='lat'><strong>37,</strong></span> <span class='ocrx_word' id='word_1_211' title='bbox 1471 1636 1537 1676; x_wconf 88' lang='lat'><strong>27.</strong></span> <span class='ocrx_word' id='word_1_212' title='bbox 1563 1634 1605 1684; x_wconf 86' lang='lat'><strong>3,</strong></span> <span class='ocrx_word' id='word_1_213' title='bbox 1630 1633 1672 1684; x_wconf 83' lang='grc'><strong>4,</strong></span> <span class='ocrx_word' id='word_1_214' title='bbox 1696 1635 1762 1675; x_wconf 86' lang='grc'><strong>17.</strong></span> 
     </span>
     <span class='ocr_line' id='line_1_22' title="bbox 223 1701 1763 1754; baseline 0.003 -15"><span class='ocrx_word' id='word_1_215' title='bbox 223 1703 346 1754; x_wconf 79' lang='lat' dir='ltr'><strong>Epist.</strong></span> <span class='ocrx_word' id='word_1_216' title='bbox 378 1706 417 1752; x_wconf 91' lang='lat'><strong>2,</strong></span> <span class='ocrx_word' id='word_1_217' title='bbox 448 1705 486 1750; x_wconf 84' lang='lat'><strong>2,</strong></span> <span class='ocrx_word' id='word_1_218' title='bbox 516 1703 583 1743; x_wconf 87' lang='grc'><strong>60.</strong></span> <span class='ocrx_word' id='word_1_219' title='bbox 619 1703 787 1741; x_wconf 85' lang='lat' dir='ltr'><strong>Schmid.</strong></span> <span class='ocrx_word' id='word_1_220' title='bbox 817 1703 865 1741; x_wconf 84' lang='lat' dir='ltr'><strong>ad</strong></span> <span class='ocrx_word' id='word_1_221' title='bbox 897 1706 937 1752; x_wconf 91' lang='lat'><strong>2,</strong></span> <span class='ocrx_word' id='word_1_222' title='bbox 972 1706 1008 1751; x_wconf 88' lang='lat'><strong>1,</strong></span> <span class='ocrx_word' id='word_1_223' title='bbox 1041 1703 1135 1744; x_wconf 85' lang='grc'>236.</span> <span class='ocrx_word' id='word_1_224' title='bbox 1173 1703 1323 1742; x_wconf 85' lang='lat' dir='ltr'><strong>Ruhnk.</strong></span> <span class='ocrx_word' id='word_1_225' title='bbox 1358 1704 1407 1741; x_wconf 85' lang='lat' dir='ltr'><strong>ad</strong></span> <span class='ocrx_word' id='word_1_226' title='bbox 1447 1703 1561 1741; x_wconf 88' lang='lat' dir='ltr'><strong>Ovid.</strong></span> <span class='ocrx_word' id='word_1_227' title='bbox 1602 1701 1697 1741; x_wconf 87' lang='lat' dir='ltr'><strong>Her.</strong></span> <span class='ocrx_word' id='word_1_228' title='bbox 1721 1703 1763 1752; x_wconf 90' lang='grc'><strong>9,</strong></span> 
     </span>
     <span class='ocr_line' id='line_1_23' title="bbox 229 1771 1760 1823; baseline -0.001 -14"><span class='ocrx_word' id='word_1_229' title='bbox 229 1772 334 1819; x_wconf 86' lang='grc'>115.,</span> <span class='ocrx_word' id='word_1_230' title='bbox 363 1772 412 1807; x_wconf 89' lang='lat' dir='ltr'><strong>ad</strong></span> <span class='ocrx_word' id='word_1_231' title='bbox 434 1784 495 1808; x_wconf 89' lang='lat' dir='ltr'><strong>vv.</strong></span> <span class='ocrx_word' id='word_1_232' title='bbox 513 1771 678 1821; x_wconf 81' lang='lat' dir='ltr'><strong>famoso</strong></span> <span class='ocrx_word' id='word_1_233' title='bbox 708 1773 884 1809; x_wconf 76' lang='lat' dir='ltr'><strong>carmine</strong></span> <span class='ocrx_word' id='word_1_234' title='bbox 911 1772 1017 1809; x_wconf 83' lang='lat' dir='ltr'><strong>Suet.</strong></span> <span class='ocrx_word' id='word_1_235' title='bbox 1047 1771 1158 1812; x_wconf 86' lang='lat' dir='ltr'><strong>Caes.</strong></span> <span class='ocrx_word' id='word_1_236' title='bbox 1179 1772 1247 1812; x_wconf 87' lang='lat'><strong>73.</strong></span> <span class='ocrx_word' id='word_1_237' title='bbox 1265 1772 1435 1823; x_wconf 76' lang='lat' dir='ltr'><strong>famosa</strong></span> <span class='ocrx_word' id='word_1_238' title='bbox 1454 1773 1760 1823; x_wconf 77' lang='lat' dir='ltr'><strong>epigrammata.</strong></span> 
     </span>
     <span class='ocr_line' id='line_1_24' title="bbox 224 1838 1762 1890; baseline -0.001 -14"><span class='ocrx_word' id='word_1_239' title='bbox 224 1840 282 1876; x_wconf 88' lang='lat' dir='ltr'><strong>ld.</strong></span> <span class='ocrx_word' id='word_1_240' title='bbox 313 1839 446 1876; x_wconf 90' lang='lat' dir='ltr'><strong>Octav.</strong></span> <span class='ocrx_word' id='word_1_241' title='bbox 472 1838 540 1878; x_wconf 84' lang='lat'><strong>55.</strong></span> <span class='ocrx_word' id='word_1_242' title='bbox 558 1839 716 1888; x_wconf 78' lang='lat' dir='ltr'><strong>famosi</strong></span> <span class='ocrx_word' id='word_1_243' title='bbox 745 1839 899 1884; x_wconf 77' lang='lat' dir='ltr'><strong>libelli,</strong></span> <span class='ocrx_word' id='word_1_244' title='bbox 928 1841 1018 1878; x_wconf 87' lang='lat' dir='ltr'><strong>alias</strong></span> <span class='ocrx_word' id='word_1_245' title='bbox 1049 1844 1090 1877; x_wconf 88' lang='lat' dir='ltr'><strong>ut</strong></span> <span class='ocrx_word' id='word_1_246' title='bbox 1118 1840 1241 1890; x_wconf 87' lang='lat' dir='ltr'><strong>Epist.</strong></span> <span class='ocrx_word' id='word_1_247' title='bbox 1268 1842 1308 1888; x_wconf 86' lang='lat'><strong>2,</strong></span> <span class='ocrx_word' id='word_1_248' title='bbox 1338 1840 1375 1887; x_wconf 81' lang='lat'><strong>1,</strong></span> <span class='ocrx_word' id='word_1_249' title='bbox 1407 1839 1502 1880; x_wconf 85' lang='lat'><strong>153.</strong></span> <span class='ocrx_word' id='word_1_250' title='bbox 1532 1838 1639 1876; x_wconf 82' lang='lat' dir='ltr'><strong>malo</strong></span> <span class='ocrx_word' id='word_1_251' title='bbox 1669 1852 1762 1876; x_wconf 85' lang='lat' dir='ltr'><strong>car-</strong></span> 
     </span>
     <span class='ocr_line' id='line_1_25' title="bbox 225 1905 1760 1956; baseline 0.001 -13"><span class='ocrx_word' id='word_1_252' title='bbox 225 1907 341 1943; x_wconf 72' lang='lat' dir='ltr'><strong>mine.</strong></span> <span class='ocrx_word' id='word_1_253' title='bbox 370 1906 408 1946; x_wconf 78' lang='lat' dir='ltr'><strong>J,</strong></span> <span class='ocrx_word' id='word_1_254' title='bbox 439 1906 617 1942; x_wconf 81' lang='lat' dir='ltr'><strong>Merkel.-</strong></span> <span class='ocrx_word' id='word_1_255' title='bbox 650 1907 755 1956; x_wconf 88' lang='lat' dir='ltr'><strong>„Er,</strong></span> <span class='ocrx_word' id='word_1_256' title='bbox 784 1908 852 1945; x_wconf 91' lang='lat' dir='ltr'><strong>der</strong></span> <span class='ocrx_word' id='word_1_257' title='bbox 875 1930 932 1936; x_wconf 89' lang='lat'><strong>—-</strong></span> <span class='ocrx_word' id='word_1_258' title='bbox 958 1908 1088 1945; x_wconf 88' lang='lat' dir='ltr'><strong>keiner</strong></span> <span class='ocrx_word' id='word_1_259' title='bbox 1107 1907 1313 1945; x_wconf 88' lang='lat' dir='ltr'><strong>Verlobten</strong></span> <span class='ocrx_word' id='word_1_260' title='bbox 1339 1908 1408 1944; x_wconf 86' lang='lat' dir='ltr'><strong>das</strong></span> <span class='ocrx_word' id='word_1_261' title='bbox 1427 1906 1505 1944; x_wconf 88' lang='lat' dir='ltr'><strong>Seil</strong></span> <span class='ocrx_word' id='word_1_262' title='bbox 1532 1905 1760 1956; x_wconf 80' lang='lat' dir='ltr'><strong>umschlingt</strong></span> 
     </span>
     <span class='ocr_line' id='line_1_26' title="bbox 225 1973 1762 2026; baseline -0.001 -13"><span class='ocrx_word' id='word_1_263' title='bbox 225 1974 344 2013; x_wconf 88' lang='lat' dir='ltr'><strong>durch</strong></span> <span class='ocrx_word' id='word_1_264' title='bbox 374 1973 573 2011; x_wconf 81' lang='lat' dir='ltr'><strong>h6hnende</strong></span> <span class='ocrx_word' id='word_1_265' title='bbox 607 1973 791 2015; x_wconf 83' lang='lat' dir='ltr'><strong>Lieder.“</strong></span> <span class='ocrx_word' id='word_1_266' title='bbox 861 1975 952 2012; x_wconf 83' lang='lat' dir='ltr'><strong>[nde</strong></span> <span class='ocrx_word' id='word_1_267' title='bbox 993 1973 1248 2023; x_wconf 87' lang='lat' dir='ltr'><strong>Lycambidae</strong></span> <span class='ocrx_word' id='word_1_268' title='bbox 1262 1974 1301 2026; x_wconf 85' lang='lat'><strong>*)</strong></span> <span class='ocrx_word' id='word_1_269' title='bbox 1340 1975 1441 2026; x_wconf 87' lang='lat' dir='ltr'><strong>apud</strong></span> <span class='ocrx_word' id='word_1_270' title='bbox 1468 1974 1688 2013; x_wconf 87' lang='lat' dir='ltr'><strong>Dioscorid.</strong></span> <span class='ocrx_word' id='word_1_271' title='bbox 1723 1974 1762 2012; x_wconf 88' lang='lat' dir='ltr'><strong>in</strong></span> 
     </span>
     <span class='ocr_line' id='line_1_27' title="bbox 226 2036 1762 2095; baseline 0.002 -15"><span class='ocrx_word' id='word_1_272' title='bbox 226 2043 370 2081; x_wconf 84' lang='lat' dir='ltr'><strong>Delect.</strong></span> <span class='ocrx_word' id='word_1_273' title='bbox 401 2042 532 2093; x_wconf 86' lang='lat' dir='ltr'><strong>Epigr.</strong></span> <span class='ocrx_word' id='word_1_274' title='bbox 553 2039 595 2091; x_wconf 77' lang='grc'><strong>4,</strong></span> <span class='ocrx_word' id='word_1_275' title='bbox 618 2040 685 2090; x_wconf 85' lang='grc'><strong>24,</strong></span> <span class='ocrx_word' id='word_1_276' title='bbox 716 2041 754 2080; x_wconf 86' lang='grc'><strong>5.</strong></span> <span class='ocrx_word' id='word_1_277' title='bbox 783 2038 879 2082; x_wconf 78' lang='grc' dir='ltr'><strong><em>καθ’</em></strong></span> <span class='ocrx_word' id='word_1_278' title='bbox 903 2040 1095 2094; x_wconf 60' lang='grc' dir='ltr'><em>’ἡμετέρης</em></span> <span class='ocrx_word' id='word_1_279' title='bbox 1121 2044 1261 2094; x_wconf 82' lang='grc' dir='ltr'><strong><em>γενεῆς</em></strong></span> <span class='ocrx_word' id='word_1_280' title='bbox 1289 2040 1452 2095; x_wconf 56' lang='lat' dir='ltr'><strong>§tyni-dv</strong></span> <span class='ocrx_word' id='word_1_281' title='bbox 1481 2041 1638 2090; x_wconf 74' lang='grc' dir='ltr'><strong><em>ὄνειδος</em></strong></span> <span class='ocrx_word' id='word_1_282' title='bbox 1671 2036 1762 2094; x_wconf 74' lang='grc' dir='ltr'><strong>Φή-</strong></span> 
     </span>
     <span class='ocr_line' id='line_1_28' title="bbox 226 2105 1643 2163; baseline 0.002 -13"><span class='ocrx_word' id='word_1_283' title='bbox 226 2126 307 2163; x_wconf 87' lang='grc' dir='ltr'><strong>μην</strong></span> <span class='ocrx_word' id='word_1_284' title='bbox 337 2125 378 2150; x_wconf 84' lang='grc' dir='ltr'><strong>τε</strong></span> <span class='ocrx_word' id='word_1_285' title='bbox 407 2105 600 2162; x_wconf 79' lang='grc' dir='ltr'><strong><em>στυγερήν</em></strong></span> <span class='ocrx_word' id='word_1_286' title='bbox 630 2107 798 2159; x_wconf 76' lang='grc' dir='ltr'><strong><em>ἔφλυσεν</em></strong></span> <span class='ocrx_word' id='word_1_287' title='bbox 823 2106 1058 2162; x_wconf 76' lang='grc' dir='ltr'><strong><em>Ἀρχίλοχος.</em></strong></span> <span class='ocrx_word' id='word_1_288' title='bbox 1090 2109 1242 2148; x_wconf 84' lang='lat' dir='ltr'><strong>Mitsch.</strong></span> <span class='ocrx_word' id='word_1_289' title='bbox 1271 2111 1319 2147; x_wconf 90' lang='lat' dir='ltr'><strong>ad</strong></span> <span class='ocrx_word' id='word_1_290' title='bbox 1348 2111 1474 2162; x_wconf 89' lang='lat' dir='ltr'><strong>Epod.</strong></span> <span class='ocrx_word' id='word_1_291' title='bbox 1504 2111 1545 2161; x_wconf 87' lang='lat'><strong>6,</strong></span> <span class='ocrx_word' id='word_1_292' title='bbox 1575 2112 1643 2153; x_wconf 87' lang='lat'><strong>13.</strong></span> 
     </span>
    </p>

    <p class='ocr_par' dir='ltr' id='par_1_4' title="bbox 226 2175 1760 2638">
     <span class='ocr_line' id='line_1_29' title="bbox 338 2175 1758 2229; baseline -0.001 -13"><span class='ocrx_word' id='word_1_293' title='bbox 338 2179 385 2217; x_wconf 88' lang='lat' dir='ltr'><strong>V.</strong></span> <span class='ocrx_word' id='word_1_294' title='bbox 416 2178 468 2219; x_wconf 85' lang='lat'><strong>32</strong></span> <span class='ocrx_word' id='word_1_295' title='bbox 499 2199 555 2206; x_wconf 84' lang='lat'><strong>—-</strong></span> <span class='ocrx_word' id='word_1_296' title='bbox 579 2175 648 2218; x_wconf 82' lang='grc'><strong>34.</strong></span> <span class='ocrx_word' id='word_1_297' title='bbox 689 2177 815 2214; x_wconf 77' lang='lat' dir='ltr'><strong>IIzmc</strong></span> <span class='ocrx_word' id='word_1_298' title='bbox 843 2192 913 2229; x_wconf 81' lang='lat' dir='ltr'><strong>ego</strong></span> <span class='ocrx_word' id='word_1_299' title='bbox 939 2201 994 2207; x_wconf 92' lang='lat'>—</span> <span class='ocrx_word' id='word_1_300' title='bbox 1024 2178 1164 2225; x_wconf 74' lang='lat' dir='ltr'><strong>teneri,</strong></span> <span class='ocrx_word' id='word_1_301' title='bbox 1202 2177 1227 2217; x_wconf 88' lang='lat' dir='ltr'><strong>i.</strong></span> <span class='ocrx_word' id='word_1_302' title='bbox 1264 2190 1298 2215; x_wconf 90' lang='lat' dir='ltr'><strong>e.</strong></span> <span class='ocrx_word' id='word_1_303' title='bbox 1338 2178 1538 2227; x_wconf 90' lang='lat' dir='ltr'><strong>Alcaeum,</strong></span> <span class='ocrx_word' id='word_1_304' title='bbox 1580 2178 1758 2228; x_wconf 88' lang='lat' dir='ltr'><strong>quicquid</strong></span> 
     </span>
     <span class='ocr_line' id='line_1_30' title="bbox 226 2244 1757 2298; baseline -0.002 -13"><span class='ocrx_word' id='word_1_305' title='bbox 226 2249 354 2285; x_wconf 86' lang='lat' dir='ltr'><strong>dicunt</strong></span> <span class='ocrx_word' id='word_1_306' title='bbox 387 2245 591 2285; x_wconf 75' lang='lat' dir='ltr'><strong>Turnebus</strong></span> <span class='ocrx_word' id='word_1_307' title='bbox 619 2244 734 2294; x_wconf 87' lang='lat' dir='ltr'><strong>(Adv.</strong></span> <span class='ocrx_word' id='word_1_308' title='bbox 761 2245 829 2295; x_wconf 87' lang='lat'><strong>10,</strong></span> <span class='ocrx_word' id='word_1_309' title='bbox 861 2245 941 2297; x_wconf 86' lang='grc'>2.),</span> <span class='ocrx_word' id='word_1_310' title='bbox 976 2245 1227 2284; x_wconf 76' lang='lat' dir='ltr'><strong>Weiehertus</strong></span> <span class='ocrx_word' id='word_1_311' title='bbox 1256 2244 1300 2295; x_wconf 88' lang='lat' dir='ltr'><strong>(l.</strong></span> <span class='ocrx_word' id='word_1_312' title='bbox 1322 2245 1346 2284; x_wconf 91' lang='lat' dir='ltr'><strong>l.</strong></span> <span class='ocrx_word' id='word_1_313' title='bbox 1367 2259 1404 2297; x_wconf 90' lang='lat' dir='ltr'><strong>p.</strong></span> <span class='ocrx_word' id='word_1_314' title='bbox 1426 2244 1535 2298; x_wconf 61' lang='lat'><strong>94),</strong></span> <span class='ocrx_word' id='word_1_315' title='bbox 1571 2245 1757 2293; x_wconf 72' lang='lat' dir='ltr'><strong>OrelHu-s,</strong></span> 
     </span>
     <span class='ocr_line' id='line_1_31' title="bbox 226 2312 1759 2365; baseline -0.001 -13"><span class='ocrx_word' id='word_1_316' title='bbox 226 2316 309 2365; x_wconf 77' lang='lat' dir='ltr'><strong>alii,</strong></span> <span class='ocrx_word' id='word_1_317' title='bbox 349 2316 410 2365; x_wconf 90' lang='lat' dir='ltr'><strong>qui</strong></span> <span class='ocrx_word' id='word_1_318' title='bbox 436 2316 539 2353; x_wconf 88' lang='lat' dir='ltr'><strong>istud</strong></span> <span class='ocrx_word' id='word_1_319' title='bbox 571 2314 784 2352; x_wconf 84' lang='lat' dir='ltr'><strong>Pronomen</strong></span> <span class='ocrx_word' id='word_1_320' title='bbox 811 2313 859 2350; x_wconf 87' lang='lat' dir='ltr'><strong>ad</strong></span> <span class='ocrx_word' id='word_1_321' title='bbox 890 2314 1065 2352; x_wconf 87' lang='lat' dir='ltr'><strong>Alcaeum</strong></span> <span class='ocrx_word' id='word_1_322' title='bbox 1101 2317 1140 2351; x_wconf 85' lang='lat' dir='ltr'><strong>et</strong></span> <span class='ocrx_word' id='word_1_323' title='bbox 1177 2312 1334 2363; x_wconf 88' lang='lat' dir='ltr'><strong>Sappho</strong></span> <span class='ocrx_word' id='word_1_324' title='bbox 1374 2326 1579 2365; x_wconf 89' lang='lat' dir='ltr'><strong>suppresso</strong></span> <span class='ocrx_word' id='word_1_325' title='bbox 1609 2314 1759 2365; x_wconf 88' lang='lat' dir='ltr'><strong>quidem</strong></span> 
     </span>
     <span class='ocr_line' id='line_1_32' title="bbox 227 2378 1759 2431; baseline 0 -11"><span class='ocrx_word' id='word_1_326' title='bbox 227 2384 375 2422; x_wconf 85' lang='lat' dir='ltr'><strong>nomine</strong></span> <span class='ocrx_word' id='word_1_327' title='bbox 400 2387 440 2420; x_wconf 88' lang='lat' dir='ltr'><strong>ut</strong></span> <span class='ocrx_word' id='word_1_328' title='bbox 469 2383 544 2422; x_wconf 93' lang='lat' dir='ltr'><strong>Od.</strong></span> <span class='ocrx_word' id='word_1_329' title='bbox 573 2382 615 2431; x_wconf 86' lang='lat'><strong>3,</strong></span> <span class='ocrx_word' id='word_1_330' title='bbox 643 2382 712 2431; x_wconf 84' lang='lat'><strong>30,</strong></span> <span class='ocrx_word' id='word_1_331' title='bbox 743 2382 810 2422; x_wconf 87' lang='lat'><strong>13.</strong></span> <span class='ocrx_word' id='word_1_332' title='bbox 840 2381 924 2418; x_wconf 86' lang='lat' dir='ltr'><strong>coll.</strong></span> <span class='ocrx_word' id='word_1_333' title='bbox 949 2378 990 2430; x_wconf 83' lang='lat'><strong>4,</strong></span> <span class='ocrx_word' id='word_1_334' title='bbox 1019 2381 1060 2429; x_wconf 88' lang='grc'><strong>3,</strong></span> <span class='ocrx_word' id='word_1_335' title='bbox 1090 2382 1153 2421; x_wconf 90' lang='grc'><strong>12.</strong></span> <span class='ocrx_word' id='word_1_336' title='bbox 1185 2382 1225 2429; x_wconf 86' lang='grc'><strong>6,</strong></span> <span class='ocrx_word' id='word_1_337' title='bbox 1254 2381 1322 2421; x_wconf 88' lang='lat'><strong>35.</strong></span> <span class='ocrx_word' id='word_1_338' title='bbox 1359 2386 1398 2419; x_wconf 90' lang='lat' dir='ltr'><strong>et</strong></span> <span class='ocrx_word' id='word_1_339' title='bbox 1425 2383 1462 2430; x_wconf 87' lang='lat'><strong>1,</strong></span> <span class='ocrx_word' id='word_1_340' title='bbox 1495 2382 1561 2427; x_wconf 89' lang='grc'><strong>26,</strong></span> <span class='ocrx_word' id='word_1_341' title='bbox 1592 2381 1658 2421; x_wconf 87' lang='grc'><strong>11.</strong></span> <span class='ocrx_word' id='word_1_342' title='bbox 1681 2381 1759 2430; x_wconf 84' lang='grc'><strong>32,</strong></span> 
     </span>
     <span class='ocr_line' id='line_1_33' title="bbox 226 2448 1760 2503; baseline -0.002 -14"><span class='ocrx_word' id='word_1_343' title='bbox 226 2453 252 2491; x_wconf 81' lang='lat'>4</span> <span class='ocrx_word' id='word_1_344' title='bbox 276 2466 335 2503; x_wconf 89' lang='lat' dir='ltr'><strong>sq.</strong></span> <span class='ocrx_word' id='word_1_345' title='bbox 365 2455 524 2502; x_wconf 88' lang='lat' dir='ltr'><strong>propter</strong></span> <span class='ocrx_word' id='word_1_346' title='bbox 554 2451 630 2489; x_wconf 85' lang='lat' dir='ltr'><strong>od.</strong></span> <span class='ocrx_word' id='word_1_347' title='bbox 661 2452 700 2498; x_wconf 87' lang='lat'><strong>2,</strong></span> <span class='ocrx_word' id='word_1_348' title='bbox 734 2450 802 2500; x_wconf 87' lang='lat'><strong>13,</strong></span> <span class='ocrx_word' id='word_1_349' title='bbox 832 2450 897 2491; x_wconf 88' lang='lat'><strong>25.</strong></span> <span class='ocrx_word' id='word_1_350' title='bbox 929 2450 1070 2487; x_wconf 81' lang='lat' dir='ltr'><strong>referre</strong></span> <span class='ocrx_word' id='word_1_351' title='bbox 1099 2462 1175 2486; x_wconf 90' lang='lat' dir='ltr'><strong>non</strong></span> <span class='ocrx_word' id='word_1_352' title='bbox 1205 2449 1390 2487; x_wconf 85' lang='lat' dir='ltr'><strong>dubitant.</strong></span> <span class='ocrx_word' id='word_1_353' title='bbox 1443 2448 1627 2486; x_wconf 80' lang='lat' dir='ltr'><strong>Horatius</strong></span> <span class='ocrx_word' id='word_1_354' title='bbox 1658 2448 1760 2486; x_wconf 90' lang='lat' dir='ltr'><strong>enim</strong></span> 
     </span>
     <span class='ocr_line' id='line_1_34' title="bbox 229 2515 1759 2568; baseline -0.002 -12"><span class='ocrx_word' id='word_1_355' title='bbox 229 2524 266 2556; x_wconf 86' lang='lat' dir='ltr'><strong>ut</strong></span> <span class='ocrx_word' id='word_1_356' title='bbox 292 2521 332 2557; x_wconf 93' lang='lat' dir='ltr'><strong>in</strong></span> <span class='ocrx_word' id='word_1_357' title='bbox 361 2520 494 2557; x_wconf 88' lang='lat' dir='ltr'><strong>Satiris</strong></span> <span class='ocrx_word' id='word_1_358' title='bbox 521 2518 729 2568; x_wconf 89' lang='lat' dir='ltr'><strong>Lucilium,</strong></span> <span class='ocrx_word' id='word_1_359' title='bbox 757 2519 809 2556; x_wconf 85' lang='lat' dir='ltr'><strong>ita</strong></span> <span class='ocrx_word' id='word_1_360' title='bbox 838 2519 874 2555; x_wconf 92' lang='lat' dir='ltr'><strong>in</strong></span> <span class='ocrx_word' id='word_1_361' title='bbox 899 2516 1043 2568; x_wconf 89' lang='lat' dir='ltr'><strong>Epodis</strong></span> <span class='ocrx_word' id='word_1_362' title='bbox 1064 2515 1342 2564; x_wconf 86' lang='lat' dir='ltr'><strong>Archilochum,</strong></span> <span class='ocrx_word' id='word_1_363' title='bbox 1371 2516 1409 2553; x_wconf 90' lang='lat' dir='ltr'><strong>in</strong></span> <span class='ocrx_word' id='word_1_364' title='bbox 1427 2515 1665 2554; x_wconf 88' lang='lat' dir='ltr'><strong>Carminibus</strong></span> <span class='ocrx_word' id='word_1_365' title='bbox 1691 2516 1759 2553; x_wconf 81' lang='lat' dir='ltr'><strong>Al-</strong></span> 
     </span>
     <span class='ocr_line' id='line_1_35' title="bbox 228 2584 1757 2638; baseline -0.002 -15"><span class='ocrx_word' id='word_1_366' title='bbox 228 2601 355 2625; x_wconf 68' lang='lat' dir='ltr'><strong>caeum</strong></span> <span class='ocrx_word' id='word_1_367' title='bbox 384 2587 478 2638; x_wconf 91' lang='lat' dir='ltr'><strong>(Od.</strong></span> <span class='ocrx_word' id='word_1_368' title='bbox 511 2587 550 2636; x_wconf 90' lang='lat'><strong>1,</strong></span> <span class='ocrx_word' id='word_1_369' title='bbox 580 2587 649 2636; x_wconf 87' lang='grc'><strong>32,</strong></span> <span class='ocrx_word' id='word_1_370' title='bbox 679 2585 737 2636; x_wconf 83' lang='grc'><strong>5.)</strong></span> <span class='ocrx_word' id='word_1_371' title='bbox 767 2598 837 2636; x_wconf 87' lang='lat' dir='ltr'><strong>pro</strong></span> <span class='ocrx_word' id='word_1_372' title='bbox 867 2585 1081 2623; x_wconf 85' lang='lat' dir='ltr'><strong>auctoribus</strong></span> <span class='ocrx_word' id='word_1_373' title='bbox 1110 2584 1246 2634; x_wconf 88' lang='lat' dir='ltr'><strong>habet,</strong></span> <span class='ocrx_word' id='word_1_374' title='bbox 1280 2596 1376 2634; x_wconf 89' lang='lat' dir='ltr'><strong>quos</strong></span> <span class='ocrx_word' id='word_1_375' title='bbox 1406 2585 1459 2621; x_wconf 88' lang='lat' dir='ltr'><strong>uti</strong></span> <span class='ocrx_word' id='word_1_376' title='bbox 1486 2584 1757 2635; x_wconf 85' lang='lat' dir='ltr'><strong>antesignanos</strong></span> 
     </span>
    </p>
   </div>
   <div class='ocr_carea' id='block_1_3' title="bbox 231 2696 495 2703">
    <p class='ocr_par' dir='ltr' id='par_1_5' title="bbox 231 2696 495 2703">
     <span class='ocr_line' id='line_1_36' title="bbox 231 2696 495 2703; baseline 0 435"><span class='ocrx_word' id='word_1_377' title='bbox 231 2696 495 2703; x_wconf 95' lang='lat' dir='ltr'><strong> </strong></span> 
     </span>
    </p>
   </div>
   <div class='ocr_carea' id='block_1_4' title="bbox 227 2753 1757 2974">
    <p class='ocr_par' dir='ltr' id='par_1_6' title="bbox 227 2753 1757 2974">
     <span class='ocr_line' id='line_1_37' title="bbox 339 2753 1757 2803; baseline -0.004 -12"><span class='ocrx_word' id='word_1_378' title='bbox 339 2758 379 2800; x_wconf 74' lang='lat'><strong>²⁴¹)</strong></span> <span class='ocrx_word' id='word_1_379' title='bbox 398 2758 601 2792; x_wconf 85' lang='lat' dir='ltr'><strong>Archilochi</strong></span> <span class='ocrx_word' id='word_1_380' title='bbox 621 2770 717 2793; x_wconf 79' lang='lat' dir='ltr'><strong>socer</strong></span> <span class='ocrx_word' id='word_1_381' title='bbox 736 2758 931 2803; x_wconf 85' lang='lat' dir='ltr'><strong>Lycambes</strong></span> <span class='ocrx_word' id='word_1_382' title='bbox 954 2769 987 2792; x_wconf 74' lang='lat' dir='ltr'><strong>v,</strong></span> <span class='ocrx_word' id='word_1_383' title='bbox 1009 2758 1056 2793; x_wconf 92' lang='lat'><strong>30</strong></span> <span class='ocrx_word' id='word_1_384' title='bbox 1076 2760 1223 2792; x_wconf 88' lang='lat' dir='ltr'><strong>vocatur</strong></span> <span class='ocrx_word' id='word_1_385' title='bbox 1247 2769 1313 2791; x_wconf 92' lang='lat' dir='ltr'><strong>uon</strong></span> <span class='ocrx_word' id='word_1_386' title='bbox 1334 2761 1403 2790; x_wconf 89' lang='lat' dir='ltr'><strong>tam</strong></span> <span class='ocrx_word' id='word_1_387' title='bbox 1425 2757 1469 2790; x_wconf 95' lang='lat' dir='ltr'><strong>ob</strong></span> <span class='ocrx_word' id='word_1_388' title='bbox 1496 2756 1551 2800; x_wconf 85' lang='lat' dir='ltr'><strong>id,</strong></span> <span class='ocrx_word' id='word_1_389' title='bbox 1583 2755 1678 2800; x_wconf 90' lang='lat' dir='ltr'><strong>quod</strong></span> <span class='ocrx_word' id='word_1_390' title='bbox 1697 2753 1757 2787; x_wconf 80' lang='lat' dir='ltr'><strong>ille</strong></span> 
     </span>
     <span class='ocr_line' id='line_1_38' title="bbox 227 2808 1756 2859; baseline -0.002 -14"><span class='ocrx_word' id='word_1_391' title='bbox 227 2812 412 2847; x_wconf 82' lang='lat' dir='ltr'><strong>Neobuleu</strong></span> <span class='ocrx_word' id='word_1_392' title='bbox 433 2814 468 2847; x_wconf 88' lang='lat' dir='ltr'><strong>in</strong></span> <span class='ocrx_word' id='word_1_393' title='bbox 489 2815 680 2859; x_wconf 84' lang='lat' dir='ltr'><strong>legitimum</strong></span> <span class='ocrx_word' id='word_1_394' title='bbox 705 2814 978 2859; x_wconf 88' lang='lat' dir='ltr'><strong>matrimonium,</strong></span> <span class='ocrx_word' id='word_1_395' title='bbox 1001 2820 1038 2848; x_wconf 89' lang='lat' dir='ltr'><strong>ut</strong></span> <span class='ocrx_word' id='word_1_396' title='bbox 1057 2814 1108 2849; x_wconf 82' lang='lat' dir='ltr'><strong>ait</strong></span> <span class='ocrx_word' id='word_1_397' title='bbox 1129 2815 1190 2850; x_wconf 76' lang='lat' dir='ltr'><strong>Fr.</strong></span> <span class='ocrx_word' id='word_1_398' title='bbox 1210 2815 1337 2858; x_wconf 79' lang='lat' dir='ltr'><strong>Jacobs</strong></span> <span class='ocrx_word' id='word_1_399' title='bbox 1358 2815 1380 2847; x_wconf 89' lang='lat' dir='ltr'><strong>l.</strong></span> <span class='ocrx_word' id='word_1_400' title='bbox 1402 2814 1425 2847; x_wconf 89' lang='lat' dir='ltr'><strong>l.</strong></span> <span class='ocrx_word' id='word_1_401' title='bbox 1445 2814 1489 2847; x_wconf 86' lang='lat' dir='ltr'><strong>ad</strong></span> <span class='ocrx_word' id='word_1_402' title='bbox 1510 2824 1544 2847; x_wconf 82' lang='lat' dir='ltr'><strong>v.</strong></span> <span class='ocrx_word' id='word_1_403' title='bbox 1564 2814 1619 2854; x_wconf 92' lang='lat'><strong>10,</strong></span> <span class='ocrx_word' id='word_1_404' title='bbox 1639 2808 1756 2855; x_wconf 76' lang='lat' dir='ltr'><strong>petiit,</strong></span> 
     </span>
     <span class='ocr_line' id='line_1_39' title="bbox 228 2865 1752 2917; baseline -0.002 -16"><span class='ocrx_word' id='word_1_405' title='bbox 228 2878 326 2911; x_wconf 84' lang='lat' dir='ltr'><strong>quam</strong></span> <span class='ocrx_word' id='word_1_406' title='bbox 348 2874 495 2914; x_wconf 86' lang='lat' dir='ltr'><strong>propter</strong></span> <span class='ocrx_word' id='word_1_407' title='bbox 522 2877 654 2905; x_wconf 79' lang='lat' dir='ltr'><strong>certam</strong></span> <span class='ocrx_word' id='word_1_408' title='bbox 676 2871 788 2917; x_wconf 84' lang='lat' dir='ltr'><strong>ipsius</strong></span> <span class='ocrx_word' id='word_1_409' title='bbox 807 2872 1017 2905; x_wconf 79' lang='lat' dir='ltr'><strong>matrimonii</strong></span> <span class='ocrx_word' id='word_1_410' title='bbox 1037 2884 1153 2917; x_wconf 75' lang='lat' dir='ltr'><strong>spem,</strong></span> <span class='ocrx_word' id='word_1_411' title='bbox 1182 2872 1224 2905; x_wconf 86' lang='lat' dir='ltr'><strong>de</strong></span> <span class='ocrx_word' id='word_1_412' title='bbox 1245 2883 1313 2916; x_wconf 89' lang='lat' dir='ltr'><strong>qua</strong></span> <span class='ocrx_word' id='word_1_413' title='bbox 1335 2870 1474 2904; x_wconf 85' lang='lat' dir='ltr'><strong>dicendi</strong></span> <span class='ocrx_word' id='word_1_414' title='bbox 1501 2865 1752 2903; x_wconf 79' lang='lat' dir='ltr'><strong>consuetudine</strong></span> 
     </span>
     <span class='ocr_line' id='line_1_40' title="bbox 228 2924 1464 2974; baseline 0.002 -17"><span class='ocrx_word' id='word_1_415' title='bbox 228 2924 298 2959; x_wconf 87' lang='lat' dir='ltr'><strong>vid.</strong></span> <span class='ocrx_word' id='word_1_416' title='bbox 321 2937 399 2959; x_wconf 87' lang='lat' dir='ltr'><strong>ann.</strong></span> <span class='ocrx_word' id='word_1_417' title='bbox 421 2927 466 2961; x_wconf 85' lang='lat' dir='ltr'><strong>ad</strong></span> <span class='ocrx_word' id='word_1_418' title='bbox 483 2928 516 2971; x_wconf 91' lang='lat'><strong>2,</strong></span> <span class='ocrx_word' id='word_1_419' title='bbox 537 2930 592 2964; x_wconf 88' lang='lat'><strong>28.</strong></span> <span class='ocrx_word' id='word_1_420' title='bbox 621 2928 700 2962; x_wconf 87' lang='lat' dir='ltr'><strong>coll.</strong></span> <span class='ocrx_word' id='word_1_421' title='bbox 723 2928 883 2963; x_wconf 85' lang='lat' dir='ltr'><strong>Hildebr.</strong></span> <span class='ocrx_word' id='word_1_422' title='bbox 905 2929 949 2962; x_wconf 91' lang='lat' dir='ltr'><strong>ad</strong></span> <span class='ocrx_word' id='word_1_423' title='bbox 965 2929 1069 2974; x_wconf 86' lang='lat' dir='ltr'><strong>Apul.</strong></span> <span class='ocrx_word' id='word_1_424' title='bbox 1094 2929 1182 2963; x_wconf 82' lang='lat' dir='ltr'><strong>Met.</strong></span> <span class='ocrx_word' id='word_1_425' title='bbox 1202 2930 1236 2973; x_wconf 92' lang='lat'><strong>8,</strong></span> <span class='ocrx_word' id='word_1_426' title='bbox 1260 2931 1312 2964; x_wconf 85' lang='lat'><strong>12.</strong></span> <span class='ocrx_word' id='word_1_427' title='bbox 1334 2939 1369 2973; x_wconf 87' lang='lat' dir='ltr'><strong>p.</strong></span> <span class='ocrx_word' id='word_1_428' title='bbox 1384 2927 1464 2961; x_wconf 88' lang='grc'>682.</span> 
     </span>
    </p>
   </div>
   <div class='ocr_carea' id='block_1_5' title="bbox 1885 1838 1910 3010">
    <p class='ocr_par' dir='ltr' id='par_1_7' title="bbox 1885 1838 1910 3010">
     <span class='ocr_line' id='line_1_41' title="bbox 1885 1838 1910 3010; baseline 0 0"><span class='ocrx_word' id='word_1_429' title='bbox 1885 1838 1910 3010; x_wconf 95' lang='lat' dir='ltr'><strong> </strong></span> 
     </span>
    </p>
   </div>
  </div>
 </body>
</html>
