2034 3224
343 207 400 253 ⁹⁶
459 200 842 252 comn'rffln
870 209 928 249 IN
957 202 1308 252 nom-ruiana.
1328 213 1364 251 ἰ.
1397 211 1561 252 mer.
1584 207 1782 254 mnne:
1822 200 1894 257 *ss

342 341 439 376 stae.
498 337 625 376 Totus
662 340 789 375 autem
823 335 929 374 locus
951 335 993 387 ¹⁸¹)
1030 349 1057 374 a
1095 335 1218 376 Poeta
1253 342 1440 377 tractatus
1476 338 1546 376 hac
1583 340 1731 390 concipi
1756 342 1894 390 >poten

341 404 521 444 formula:
1640 423 1643 425 >

456 473 612 525 „Homo
642 476 745 509 recte
785 470 1016 509 constitutus
1057 473 1230 512 omnibus
1264 474 1361 513 ‘locis
1399 475 1458 512 vel
1494 474 1766 513 desertissimis
1791 472 1893 521 ,bene

342 543 470 580 vivere
511 545 654 592 potest.
711 538 881 578 Proinde
909 540 1217 591 ‘demigrationes
1255 546 1292 580 et
1330 542 1657 593 peregrinationes
1690 543 1743 580 ad
1775 543 1890 581 animi

342 610 599 649 morositatem
621 606 682 644 vel
710 608 1038 647 incommodorum
1065 610 1269 660 quandam
1285 611 1504 649 memoriam
1532 610 1796 661 depellendam
1816 619 1890 650 su—

340 683 494 730 sceptae
520 676 771 727 nequicquam
797 677 1077 728 suscipiuntur,
1105 678 1135 715 si
1163 677 1297 716 nobis
1294 679 1412 745 deest
1431 691 1551 719 verus
1580 679 1663 717 viae
1693 679 1782 728 dux,
1806 679 1889 718 nni*

338 760 420 786 mus
445 757 602 794 aequus.
596 742 634 767 ‘⁶
1164 753 1167 757 '
1311 755 1314 758 ·
1524 756 1536 759 ·“

452 812 554 858 Quid
582 817 710 851 autem
739 814 777 850 in
804 814 912 864 ipsos
931 813 1086 851 Bullatii
1114 826 1240 851 mores
1267 813 1394 863 cadat,
1422 814 1688 853 utturwhomo
1714 827 1891 853 morosus

338 889 376 923 et
402 895 445 920 re
475 892 544 920 sua
572 893 651 918 non
680 885 881 920 contentus
908 882 1023 920 fuerit
1051 894 1121 920 nec
1148 895 1212 932 ne,
1240 894 1287 920 ex
1311 878 1541 920 tractatione·
1558 881 1650 920 talis
1674 883 1889 933 argumenti

337 950 435 990 effici
472 948 618 1000 nequit.
675 948 880 988 Bullatium
922 950 1023 988 enim
1063 950 1187 1000 ipsum
1230 950 1301 988 soli
1341 955 1501 1001 tangere
1539 944 1715 989 videntur
1740 963 1889 990 ‘versus

339 1019 490 1065 1—73
531 1016 706 1055 versibus
746 1030 855 1068 seqq.
887 1017 1071 1056 Horatius
1108 1018 1158 1056 ad
1190 1023 1418 1069 praecepta,
1464 1030 1562 1070 quae
1595 1017 1889 1070 latius-*patene

335 1085 545 1127 descendit.
603 1084 848 1136 Quapropter
874 1098 953 1124 non
981 1087 1171 1124 assentior
1206 1085 1379 1136 Orellio,
1427 1098 1542 1137 quum
1570 1085 1733 1125 Poetam·
1746 1085 1886 1124 ‘Bellus-

334 1157 427 1195 tium
450 1153 583 1193 morbo
609 1147 776 1204 quodam
798 1154 1068 1205 peregrinandi
1098 1153 1279 1191 affectum
1308 1155 1427 1192 amice
1453 1156 1502 1192 ad
1532 1154 1802 1206 sapientiorem
1825 1154 1890 1203 vi·

334 1230 396 1263 tae
428 1234 539 1261 usum
569 1221 814 1259 adhortatum
843 1234 929 1260 esse
965 1223 1070 1260 etin
1098 1221 1228 1260 urbem
1258 1222 1308 1259 ad
1338 1234 1428 1264 suos
1460 1233 1662 1260 revocasse
1691 1222 1890 1272 opinatur-i

334 1292 411 1338 Qui
439 1294 566 1329 autem
592 1289 664 1326 hac
692 1292 826 1327 nostra
857 1290 1120 1341 explanatione
1149 1289 1320 1327 offensus
1337 1290 1543 1328 Bullatium
1569 1288 1674 1327 illum
1692 1301 1885 1328 morosum

333 1365 372 1399 et
397 1357 649 1408 castigatione
675 1356 777 1394 haud
805 1357 1004 1407 indignum
1031 1356 1152 1409 (conf.
1183 1355 1438 1396 Commentat.
1466 1357 1751 1408 Rhenaugiens.
1778 1357 1891 1410 apud*

333 1427 453 1466 Orell.
478 1439 519 1478 p.
547 1423 670 1476 401.)
699 1423 772 1462 sibi
801 1424 898 1476 eripi
926 1437 1042 1477 aegre
1068 1425 1173 1473 fert,
1200 1424 1236 1462 ei
1264 1423 1461 1463 offerenda
1483 1429 1572 1464 sunt
1596 1424 1890 1468 novimen-s-

331 1497 422 1535 lium
442 1506 570 1533 rerum
589 1493 868 1543 <existimatoris
888 1493 1040 1545 placita.
1104 1492 1440 1531 Walckenaerim
1466 1492 1618 1532 enimi.
1640 1489 1680 1545 Ρ.
1702 1489 1800 1534 469.
1819 1493 1891 1532 in«

332 1568 391 1603 ter
418 1562 494 1601 alia
517 1561 574 1599 sic
602 1560 790 1612 disputat:
833 1560 942 1600 C’est
970 1573 1057 1600 vers
1085 1575 1129 1600 ce
1157 1566 1280 1613 temps
1308 1561 1375 1615 (A.
1406 1561 1455 1599 de
1481 1559 1532 1600 R.
1558 1561 1676 1613 725.)
1702 1564 1745 1600 et
1760 1562 1887 1613 vapres

331 1632 368 1670 le
396 1633 527 1669 retour
552 1627 742 1668 d'Octave
771 1627 894 1667 cesar
923 1629 947 1667 a
973 1629 1118 1679 Rome,
1157 1634 1197 1669 et
1225 1642 1297 1668 son
1324 1629 1538 1681 triumphe,
1575 1641 1651 1680 que
1677 1629 1739 1668 fut
1764 1629 1886 1670 ecrite

445 1791 487 1837 *)
518 1791 634 1834 Quum
663 1788 838 1826 Diintzer.
872 1803 910 1837 p.
945 1789 1027 1828 234.
1055 1792 1159 1838 huius
1187 1791 1380 1839 Epistolae
1406 1791 1509 1838 quasi
1536 1782 1646 1839 caput
1673 1780 1763 1827 esse¹
1781 1781 1880 1826 vulti

331 1849 435 1895 „Der
462 1849 611 1884 {iussere
625 1847 717 1883 Reiz
747 1847 814 1882 der
827 1848 1021 1894 Gegend‚“
1048 1849 1100 1884 ist
1127 1849 1188 1885 die
1219 1849 1307 1884 Idee
1333 1850 1398 1884 des
1425 1849 1588 1893 Ganzeu,
1620 1847 1742 1894 „kann
1773 1846 1881 1883 allein'

331 1907 432 1943 nicht
449 1905 631 1951 gliicklich
648 1904 839 1947 ιιιιιιιὶιειιιςι
844 1906 853 1923 ‘
904 1905 1007 1940 diese
1045 1906 1132 1941 Idee
1170 1906 1263 1952 liegt
1294 1907 1334 1941 in
1371 1906 1439 1940 der
1463 1905 1596 1940 Mitto
1605 1905 1678 1941 det
1688 1900 1886 1947 Gedicffl

331 1963 633 2010 ausgesprochen.
689 1961 868 1997 Bullatius
897 1962 999 1997 hatte
1027 1963 1106 1998 sich
1134 1964 1249 1998 durch
1286 1962 1412 1999 diesen
1438 1962 1533 1998 Reiz
1563 1961 1783 2008 bewulb'fleu
1805 1961 1889 2003 lup,

330 2032 420 2067 seu,
445 2032 502 2069 sq
517 2020 602 2055 dass
628 2030 669 2054 er
695 2018 784 2053 aues
808 2017 956 2054 Andere
983 2019 1140 2055 dai-iiber
1169 2031 1364 2066 vergessen
1393 2019 1532 2056 hatte“
1562 2022 1659 2066 etc„
1676 2030 1762 2057 ree
1756 2017 1889 2069 filiius·

330 2075 530 2126 repetenda
555 2081 625 2112 est.
670 2075 785 2111 Poeta
813 2075 904 2110 hanc
918 2076 1121 2122 Epistolam
1150 2077 1252 2124 quasi
1279 2077 1461 2124 speculum
1488 2070 1692 2124 proposuit,
1718 2075 1770 2113 in
1782 2074 1884 2138 quod

332 2147 395 2171 eos
427 2132 563 2170 intueri
587 2132 718 2176 vellet,
766 2132 848 2178 qui,
903 2143 1101 2179 quanquam
1134 2135 1250 2169 omnia
1277 2132 1472 2180 tranquilla
1503 2137 1613 2180 atque
1643 2137 1777 2180 pacata
1794 2118 1885 2168 nim

332 2196 458 2238 erant,
494 2190 613 2226 rerum
648 2199 788 2224 suarum
815 2188 1023 2224 conditione
1048 2202 1173 2237 parum
1198 2191 1359 2225 contenti
1387 2190 1535 2226 Romam
1560 2189 1622 2226 vel
1649 2186 1790 2224 Italiam
1819 2198 1879 2224 re-

330 2249 551 2298 linquebant
555 2248 599 2284 in
624 2245 830 2294 peregrinis
857 2245 968 2280 terris
994 2247 1117 2282 sedem
1144 2248 1357 2293 quaesituri.
1407 2247 1451 2282 Id
1478 2245 1678 2282 faciendum
1704 2246 1883 2292 putarunt

330 2308 416 2353 alii,
460 2309 503 2342 ut
535 2309 620 2341 sunt
643 2303 794 2350 :ingenia
820 2302 1014 2348 hominum,
1050 2304 1248 2350 exemplum
1275 2304 1394 2340 secuti
1419 2304 1577 2339 virorum
1604 2302 1887 2343 clarissimorum.

330 2366 368 2400 in
395 2362 557 2400 exsilium
583 2358 821 2410 voluntarium
848 2359 932 2395 olim
958 2360 1216 2406 profectorum,
1245 2366 1287 2396 ut
1313 2360 1454 2395 Metelli
1478 2358 1661 2395 Numidici
1688 2358 1790 2405 (Liv.
1809 2359 1877 2397 Fr.

329 2422 419 2467 69.,)
452 2419 619 2457 Marcelli
642 2404 744 2465 (Cic.
773 2416 846 2464 Ep.
877 2416 924 2452 ad
955 2416 1040 2452 Div.
1070 2414 1108 2462 4,
1138 2418 1205 2463 8.,)
1241 2417 1298 2451 C
1316 2416 1424 2452 Matii
1457 2416 1527 2460 (ib.
1560 2418 1619 2461 11,
1649 2415 1748 2460 28.,)
1769 2415 1886 2462 Bruti

330 2477 398 2522 (ib.
430 2479 494 2522 11,
540 2477 594 2523 1.)
633 2478 671 2510 et
705 2471 960 2522 quodammodo
993 2473 1178 2520 Agrippae
1211 2473 1301 2519 (Dio
1331 2474 1435 2508 Cass.
1467 2471 1533 2516 53,
1575 2473 1679 2518 32.‚)
1727 2470 1877 2508 aliorum

330 2533 397 2578 (cf.
425 2533 572 2569 Mitsch.
604 2537 642 2568 et
670 2530 786 2567 Orell.
814 2530 860 2566 ad
888 2530 962 2566 011.
990 2532 1025 2575 1,
1054 2529 1124 2576 7.),
1153 2529 1214 2564 alii
1243 2530 1393 2576 quadam
1422 2529 1528 2564 animi
1555 2517 1765 2565 morositate
1785 2527 1876 2575 pei-'-

329 2589 435 2634 moti‚
489 2591 572 2635 alii,
619 2589 780 2625 homines
811 2587 1026 2635 praesertin
1058 2599 1105 2623 ex
1143 2587 1306 2634 equestri
1338 2586 1464 2622 ordine
1501 2585 1664 2632 oriundi,
1683 2591 1685 2594 ’
1707 2589 1882 2633 quaem·

331 2657 459 2690 causa,
492 2645 517 2680 i.
551 2659 583 2683 e.
613 2650 654 2680 ut
679 2647 794 2682 Roma
815 2645 964 2689 relicta,
990 2644 1055 2680 ubi
1077 2655 1198 2680 eorum
1226 2656 1340 2690 opera
1365 2643 1543 2679 illustrior
1571 2655 1655 2679 esse
1681 2642 1875 2689 potuisset,

330 2702 474 2748 publica
501 2704 579 2737 fere
614 2704 868 2739 conducerent.
923 2700 1096 2738 Horatius
1125 2713 1342 2748 quanquam,
1400 2701 1486 2747 quid
1514 2701 1560 2736 de
1597 2700 1731 2736 talibus
1748 2698 1874 2734 demi-

330 2757 556 2805 grationibus
584 2760 807 2796 sentiendum
840 2763 960 2805 esset,
1011 2770 1099 2795 vere
1132 2758 1296 2803 edocuit,
1351 2762 1470 2793 tamen
1503 2758 1657 2804 posthac
1689 2753 1874 2796 Tiberium

328 2816 443 2863 ipsum
479 2814 594 2850 invito
623 2814 755 2851 vitrico
783 2816 948 2852 Rhodum
975 2814 1201 2852 secedentem
1233 2815 1408 2850 videmus.
1468 2815 1571 2849 Suet.
1601 2811 1687 2847 Tib.
1715 2811 1773 2847 10.
1829 2804 1873 2847 In

329 2873 497 2918 promptu
534 2874 651 2906 autem
685 2877 761 2917 est,
800 2873 1112 2919 peregrinationes
1145 2883 1190 2910 ex
1218 2873 1324 2909 enimi
1357 2870 1556 2908 mobilitate
1582 2872 1767 2914 susceptas
1799 2879 1870 2904 non

330 2928 480 2966 excludi.
541 2928 649 2963 Conf.
676 2927 748 2963 Dio
781 2929 884 2965 Cass.
918 2930 985 2978 38,
1021 2927 1077 2967 24.
1155 2948 1158 2953 ⁴
1386 2936 1389 2942 ‘
1428 2930 1470 2977 ih*
1556 2939 1557 2942 ’
