1910 3138
285 214 369 257 416
413 214 693 255 COMMENT.
716 214 771 253 IN
792 213 918 254 HOR.
939 214 1039 253 LlB.
1061 215 1091 254 I.
1131 215 1296 255 EPIST.
1315 216 1721 258 DUODEVICESIM.
1765 222 1819 262 68

282 331 342 380 jus
371 330 524 379 generis
554 329 653 366 vitae
678 328 842 366 sortasse
865 329 975 366 nimis
1001 328 1175 379 cupidum
1202 329 1391 382 nimiaque
1412 333 1609 371 commoda
1635 333 1709 373 sibi
1730 333 1819 370 inde

284 397 598 449 promittentem“
631 395 785 434 faciunt.
838 396 897 435 Ex
924 396 1097 448 Epistola
1125 397 1277 447 quidem
1315 399 1376 436 vix
1411 399 1487 440 tale
1515 401 1606 451 quid
1644 400 1817 439 extrices.

396 463 560 502 Lollium
586 463 745 501 eundem
772 477 882 514 esse,
913 465 971 502 cui
997 465 1088 508 Hor.
1110 464 1345 516 inscripserit
1364 466 1574 518 Epistulam
1599 468 1817 516 secundam,

285 546 359 570 non
388 532 498 569 facile
527 533 726 583 quisquam
762 532 876 570 hodie
912 532 1052 570 infitias
1089 532 1172 572 ibit.
1229 533 1320 571 Fuit
1347 533 1462 583 igitur
1488 534 1586 573 filius
1622 536 1674 574 M.
1703 534 1817 573 Lollii

284 613 358 637 una
385 613 468 637 cum
497 600 545 645 Q.
577 599 711 638 Aemil.
742 599 894 651 Lepido
923 612 957 638 a.
984 600 1081 641 733.
1107 601 1281 640 consulis.
1322 601 1554 654 Interpretes
1577 607 1726 641 veteres
1752 617 1818 640 us-

283 682 355 718 que
384 668 433 704 ad
460 667 605 705 Norisii
634 672 801 706 aetatem
836 668 960 718 ipsum
993 673 1163 720 patrem,
1206 671 1231 713 i,
1265 683 1302 709 e.
1330 671 1447 708 virum
1485 671 1719 709 consularem
1757 671 1817 708 hic

282 749 433 787 quoque
459 735 617 786 intelligi
645 736 858 776 voluerunt.
924 737 1049 782 Quam
1081 751 1158 777 non
1186 739 1234 777 sit
1264 742 1354 790 apta
1381 751 1508 776 rerum
1539 739 1744 777 conditioni
1773 751 1818 776 ea

279 805 490 854 sententia,
534 804 688 843 uberius
718 808 756 843 et
783 803 930 855 plenius
960 805 1008 842 ad
1040 804 1164 857 Epist.
1200 808 1240 856 1,
1270 808 1308 848 2.
1343 820 1382 857 p.
1415 806 1496 847 130
1521 819 1607 856 sqq.
1634 806 1818 845 indicavi-

280 885 376 913 mus,
433 872 639 911 Observari
676 876 800 910 autem
830 872 941 923 licet,
978 878 1016 912 et
1043 874 1081 911 in
1110 873 1181 912 hac
1210 878 1249 912 et
1279 875 1317 911 in
1345 874 1508 913 secunda
1535 873 1707 926 Epistola
1733 877 1819 912 tan—

280 946 357 979 tam
385 954 470 979 esse
498 944 788 992 praeceptorum
825 940 1038 979 ubertatem
1077 943 1392 993 varietatemque,
1439 945 1579 994 quanta
1613 942 1652 980 in
1682 941 1817 980 ceteris

279 1009 465 1060 Epistolis
490 1022 568 1047 non
591 1010 824 1060 reperiatur,
855 1015 896 1046 ut
920 1008 1031 1059 hujus
1055 1010 1107 1047 rei
1137 1023 1271 1060 eausa,
1300 1023 1414 1061 quam
1438 1023 1528 1049 casu
1549 1010 1684 1048 factam
1707 1022 1819 1048 nemo

278 1089 392 1115 sanus
421 1077 658 1128 opinabitur,
687 1078 796 1115 altius
827 1078 1036 1128 repetenda
1064 1078 1183 1117 videri
1211 1079 1349 1129 possit.
1397 1079 1452 1117 Ac
1480 1092 1528 1117 ne
1555 1079 1595 1116 in
1613 1090 1733 1117 meam
1759 1077 1820 1129 ip-

280 1147 358 1185 sius
389 1159 551 1184 messem
579 1146 830 1184 incucurrisse
854 1157 1061 1196 coarguat,
1095 1145 1258 1185 lectores
1281 1147 1330 1185 ad
1360 1148 1635 1185 enarrationem
1660 1147 1818 1198 Episto-

280 1215 339 1252 lae
377 1215 566 1252 secundae
584 1214 625 1264 *)
669 1214 871 1263 ablegandi
915 1217 1014 1253 sunt.
1086 1213 1236 1258 Quodsi
1274 1215 1439 1253 nonnulli
1483 1216 1731 1266 interpretes,
1776 1219 1817 1252 ut

277 1281 532 1328 Lambinus,
562 1282 771 1329 Bentlejus
783 1311 797 1328 ‚
830 1282 1077 1320 Sanadonus
1087 1309 1104 1327 ,
1133 1281 1233 1331 Fea,
1265 1283 1418 1320 Zellius
1429 1311 1444 1329 ,
1471 1288 1672 1334 patronum
1699 1283 1816 1332 illum,

277 1363 389 1401 quem
418 1350 578 1400 elegerit
605 1349 775 1400 Lollius,
814 1349 1010 1388 Tiberium
1046 1350 1282 1401 intelligunt,
1318 1363 1400 1389 eam
1435 1351 1663 1390 sententiam
1693 1363 1817 1401 neque

276 1419 467 1456 affirmare
495 1431 620 1470 neque
647 1431 790 1470 negare
817 1419 856 1456 in
885 1419 1010 1457 animo
1034 1422 1115 1469 est,
1143 1419 1307 1458 modone
1334 1432 1424 1458 suae
1452 1419 1641 1472 opinionis
1668 1418 1818 1471 praesi-

277 1558 423 1591 werben
438 1555 507 1591 und
526 1557 686 1592 dauernd
706 1570 749 1592 zu
764 1558 964 1593 erhalten.“
1005 1557 1076 1592 Alii
1104 1557 1228 1601 aliter,
1259 1568 1403 1604 quorum
1427 1556 1622 1592 sententias
1641 1556 1735 1592 idom
1757 1568 1814 1591 re·

276 1620 399 1648 censet
422 1626 457 1660 p.
477 1615 547 1650 486
562 1627 663 1662 sqq.‚
691 1616 753 1650 sed
779 1623 926 1662 praeter
952 1619 1092 1649 ceteros
1112 1613 1247 1649 videsis
1270 1625 1361 1660 quae
1391 1615 1437 1649 de
1461 1613 1567 1650 Lollii
1591 1614 1750 1649 moribus
1777 1618 1817 1648 et

276 1671 454 1705 sentiendi
474 1671 613 1706 ratione
636 1672 861 1717 disputarunt
883 1672 1102 1708 Wielandius
1123 1677 1160 1706 et
1187 1672 1441 1716 Halia-feldun,
1463 1672 1668 1717 quibuscum
1691 1670 1816 1706 confer

275 1726 497 1762 mntzerum
516 1741 553 1774 p.
579 1726 662 1764 489.
675 1728 732 1773 *):
759 1730 911 1774 „Einen
931 1730 1084 1772 rauhen,
1115 1735 1229 1763 etwas
1249 1728 1378 1763 wilden
1395 1729 1530 1774 Jungen
1552 1729 1661 1764 Manu
1679 1748 1738 1754 —
1758 1747 1814 1755 —

274 1784 413 1818 konnen
438 1785 506 1818 wir'
524 1797 586 1819 uns
602 1806 657 1811 ———
682 1806 728 1811 —-
748 1787 847 1822 nicht
869 1787 1035 1821 denkeu“
1056 1791 1126 1821 etc.

387 1840 423 1884 *)
444 1841 500 1874 Ibi
521 1843 694 1888 stangius
714 1839 769 1890 (p.
792 1843 879 1888 130)
900 1842 996 1877 solus
1015 1842 1110 1877 inter
1124 1841 1281 1876 homines
1297 1842 1401 1887 hujus
1417 1842 1547 1876 aetatis
1563 1841 1706 1876 videtur
1721 1853 1813 1886 esse,

273 1896 334 1943 qui
355 1897 506 1931 Lollium
526 1898 720 1932 consularis
739 1900 849 1934 filium
869 1901 977 1934 fuisse
1000 1905 1128 1944 neget,
1150 1899 1212 1933 sed
1235 1910 1350 1945 neque
1370 1898 1471 1942 mihi,
1497 1910 1611 1944 neque
1633 1898 1712 1932 aliis
1732 1909 1814 1944 per-

273 1954 397 1988 suasit.
448 1954 585 1995 Quodsi
605 1967 649 1988 ex
673 1955 790 1990 Lollia
805 1956 985 2000 Paullina,
1010 1955 1204 1990 consularis
1225 1955 1343 2001 nepti,
1372 1967 1565 2000 cognomen
1581 1955 1735 1990 Paullim'
1753 1967 1816 2001 op-

273 2011 358 2045 timo
381 2012 460 2056 jure
481 2011 564 2045 mihi
584 2011 710 2045 videor
738 2012 975 2056 conclusisse,
999 2017 1222 2057 argumenta,
1251 2013 1378 2057 quibus
1409 2013 1455 2046 ad
1485 2012 1703 2047 refutandam
1726 2012 1814 2046 hanc

273 2069 482 2102 sententiam
505 2078 587 2102 usus
608 2074 664 2101 est
689 2070 882 2115 Stangius,
907 2081 950 2103 ea
973 2074 1078 2113 sunt,
1100 2080 1189 2114 quae
1211 2068 1315 2103 facile
1335 2081 1398 2103 sua
1411 2070 1568 2114 ipsorum
1585 2073 1711 2103 natura
1731 2079 1815 2103 con-

273 2124 409 2161 cidunt.
451 2125 619 2159 Feminae
642 2126 732 2159 enim
753 2131 885 2172 nuptae
909 2137 1102 2171 quanquam
1120 2125 1283 2160 familiam
1302 2131 1544 2170 mutaverant,
1570 2131 1685 2160 tamen
1704 2123 1813 2159 nomi-

273 2183 376 2217 nibus
395 2180 540 2227 iisdem,
561 2181 687 2228 quibus
714 2187 817 2226 ante,
838 2182 959 2217 vocari
986 2182 1113 2216 solitae
1139 2188 1220 2217 sunt
1238 2183 1361 2217 addito
1380 2188 1534 2225 tantum,
1556 2181 1587 2217 si
1605 2181 1726 2226 libuit,
1749 2192 1811 2226 ge-

271 2239 420 2274 nerandi
445 2251 529 2274 casu
553 2238 691 2274 nomine
715 2239 854 2284 mariti,
875 2244 915 2273 ut
940 2239 1108 2273 Cornelia
1129 2241 1301 2281 Gracchi,
1333 2240 1471 2274 Marcia
1496 2237 1665 2282 Catonis,
1684 2237 1815 2274 Porcia

270 2296 392 2339 Bruti,
413 2296 519 2331 Arria
537 2297 641 2331 Paeti
661 2301 699 2330 et
719 2296 864 2338 similia,
887 2297 931 2330 de
951 2295 1078 2342 quibus
1099 2295 1258 2340 disputat
1277 2297 1334 2330 Jo.
1355 2298 1419 2331 Fr.
1441 2296 1607 2332 Christian
1626 2294 1661 2329 in
1683 2295 1807 2330 Noctt.

269 2355 437 2388 Academ.
462 2355 572 2388 Obss.
594 2353 730 2388 xxm.
751 2366 788 2400 p.
811 2355 903 2397 277.,
928 2359 968 2387 ut
988 2353 1113 2395 mirer,
1138 2353 1306 2388 Orellium
1329 2364 1467 2399 quoque
1490 2363 1680 2400 cognomen
1701 2352 1810 2387 Paul-

269 2411 333 2445 lim‘
352 2423 417 2456 pro
440 2411 577 2445 incerto
601 2410 755 2455 habere,
782 2410 856 2446 vid.
884 2411 998 2456 ejusd.
1025 2410 1117 2444 Exc.
1146 2410 1191 2443 ad
1213 2410 1283 2444 Od.
1306 2407 1341 2453 4,
1361 2411 1396 2445 9.
1424 2423 1461 2455 p.
1481 2409 1562 2445 576.
1583 2409 1640 2444 ed.
1662 2408 1808 2443 secund.

270 2469 438 2501 Ceterum
458 2468 575 2502 Lollio
596 2468 718 2513 plures
742 2469 871 2503 fratres
894 2468 1023 2510 fuisse,
1042 2479 1086 2501 ex
1108 2467 1235 2513 quibus
1254 2478 1342 2500 unus
1366 2467 1505 2512 quidem
1525 2477 1559 2500 v.
1585 2466 1642 2502 63.
1663 2476 1808 2500 comme-

270 2530 443 2568 moratur,
465 2536 509 2558 ex
530 2525 672 2569 adjecto
689 2526 803 2559 verbo
818 2526 996 2571 „maxime
1016 2524 1131 2558 Lolli⁴‘
1155 2523 1251 2558 effici
1265 2523 1426 2566 videtur,
1449 2523 1515 2558 nisi
1531 2522 1588 2557 hic
1604 2535 1647 2558 ea
1667 2521 1807 2558 dicendi

269 2581 488 2615 consuetudo
508 2581 626 2624 valet,
647 2592 716 2627 qua
741 2582 915 2618 maximus
938 2582 984 2616 de
1011 2581 1149 2615 duobus
1169 2580 1266 2625 (biv.
1289 2583 1321 2624 1,
1342 2580 1376 2624 3,
1399 2583 1453 2615 10.
1478 2581 1629 2615 Terent.
1654 2579 1806 2624 Adelph.

269 2637 303 2678 5,
324 2635 347 2671 4
367 2638 445 2681 (2),
468 2636 553 2685 27),
573 2638 625 2672 uti
642 2639 777 2683 primus
795 2650 860 2684 pro
887 2638 1029 2684 priore,
1051 2638 1126 2682 quis
1144 2650 1208 2683 pro
1230 2643 1316 2671 utro
1337 2644 1375 2671 et
1402 2637 1528 2672 similia
1551 2637 1738 2680 dicuntur,
1762 2634 1807 2670 de

270 2694 396 2737 quibus
417 2695 510 2728 conf.
532 2694 647 2729 Halm.
669 2695 715 2729 ad
740 2695 818 2730 Cic.
844 2707 900 2740 pr.
930 2697 1026 2730 Sest.
1050 2695 1105 2737 19,
1124 2691 1183 2729 44.
1209 2695 1325 2740 Seyff.
1349 2695 1394 2729 ad
1419 2694 1495 2730 Cic.
1521 2693 1621 2729 Lael.
1643 2693 1698 2735 26,
1723 2692 1804 2727 100.

269 2748 377 2783 Fabr.
400 2751 445 2784 ad
465 2749 547 2786 Liv.
571 2753 627 2795 21,
646 2751 705 2795 39,
730 2753 765 2787 6.
788 2751 940 2798 Rupert.
962 2753 1004 2786 ad
1024 2752 1114 2787 Tac.
1138 2751 1258 2796 Agric.
1275 2748 1334 2796 34,
1357 2754 1390 2787 2.
1411 2752 1552 2787 Welck.
1573 2749 1620 2784 ad
1637 2747 1799 2792 Theogn-

269 2802 347 2839 246.
370 2817 404 2849 p.
427 2808 484 2841 97.
505 2807 622 2841 Rudd.
641 2808 690 2842 II.
711 2819 748 2853 p.
764 2806 823 2844 35.
844 2810 893 2843 N.
914 2810 971 2844 31.
994 2809 1191 2854 Epitheton
1208 2808 1319 2855 igitur
1338 2820 1441 2854 quum
1461 2807 1504 2843 ad
1523 2807 1673 2841 aetatem
1693 2801 1804 2847 signi-

268 2860 439 2896 ficandam
459 2863 624 2908 (Forbig.
646 2865 690 2898 ad
712 2864 812 2911 Virg.
833 2866 914 2901 Ecl.
932 2866 965 2909 5,
982 2863 1017 2901 4.
1042 2866 1150 2900 Fabr.
1170 2867 1215 2901 ad
1233 2865 1314 2902 Liv.
1332 2865 1388 2908 23,
1403 2865 1461 2908 30,
1483 2862 1577 2905 11.),
1599 2865 1670 2894 tum
1692 2859 1801 2894 hono-

268 2916 318 2950 ris
337 2927 441 2952 causa
463 2919 618 2954 additum
637 2921 792 2966 putabis.
