1910 3138
70 169 152 212 1³7

516 165 660 205 Llssm
689 166 718 204 1.
767 164 1033 205 EPISTOLA
1060 165 1162 204 XlX.

138 283 243 329 Dux
266 285 396 344 reget
420 295 622 327 examen.
677 281 831 327 Parios
860 293 947 341 ego
978 282 1138 340 primus
1165 281 1333 326 iambos

141 361 319 409 Ostendi
344 361 502 421 Latio,
536 375 739 406 numeros
769 362 1017 418 animosque
1042 363 1217 405 secutus

139 441 412 500 Archilochi,
456 454 542 485 non
577 454 652 485 res
686 443 731 485 et
765 440 945 500 agentia
978 440 1111 484 verba
1145 438 1415 498 Lycamben.

1551 438 1607 480 25

138 522 207 566 Ac
234 534 291 566 ne
319 532 389 564 me
418 518 532 565 foliis
558 519 655 564 ideo
687 519 950 564 brevioribus
979 532 1125 578 ornes,

126 590 272 657 vQuod
303 599 423 643 timui
455 602 624 644 mutare
651 584 811 645 ,modos
846 600 892 642 et
925 599 1126 642 carminis
1158 600 1320 642 artem:

142 679 381 738 Temperat
406 677 652 723 Archilochi
682 692 849 722 musam
882 677 994 737 pede
1029 677 1222 722 mascula
1258 674 1457 736 Sappho,

142 757 382 818 Temperat
405 756 622 817 Alcaeus,
651 756 729 802 sed
751 757 880 802 rebus
905 759 949 801 et
972 756 1120 801 ordine
1150 755 1310 816 dispar,

75 893 184 929 Talb.
196 892 302 927 Baxt.
317 891 449 936 Bentl„
465 903 564 938 quem
579 904 654 938 seq.
669 898 820 928 recentt.

78 961 220 993 omnes,
245 948 351 983 etium
373 949 520 994 Dorigb.
548 955 587 983 et
611 950 709 985 Pott.
718 951 822 996 fidet.

78 1007 168 1041 Mas.
185 1006 308 1040 Lamb.
327 1011 398 1044 oct.
415 1005 527 1041 Pulm.
550 1008 582 1040 1.
601 1007 635 1041 7.
656 1007 766 1053 Cruq.
790 1008 822 1050 1,

77 1075 111 1099 a.
129 1066 164 1101 2.
179 1063 215 1098 3.
235 1063 373 1097 Bersm.
387 1067 476 1097 tres.
498 1064 609 1097 Torr.
626 1068 667 1097 ut
681 1063 821 1110 quidem

78 1121 153 1155 vid.
174 1119 346 1165 complut.
365 1119 490 1153 Comb.
510 1119 556 1154 F.
574 1119 663 1155 Bad.
684 1123 716 1155 1.
739 1118 820 1155 ΔΜ.

78 1188 138 1222 ap.
158 1176 307 1211 Hubert
328 1176 383 1211 Ik.
405 1174 441 1210 5.
462 1177 498 1211 6.
525 1175 638 1210 Orell.
666 1177 723 1212 cd.
750 1178 821 1211 Gn.

78 1234 113 1269 2.
134 1232 169 1268 3.
198 1229 236 1268 4.
262 1233 367 1268 Dess.
394 1233 426 1268 1.
448 1232 484 1267 3.
515 1233 627 1270 Dorv.
656 1236 687 1268 1.
712 1234 821 1270 Goth.

77 1288 180 1335 Lips.
204 1291 240 1325 2.
267 1289 303 1325 3.
333 1289 478 1324 Corbei.
506 1290 606 1324 Mon.
625 1301 658 1326 a.
678 1291 715 1326 b.
735 1302 767 1324 c.
790 1302 822 1324 e.

77 1346 104 1379 f.
119 1346 144 1382 l.
164 1345 291 1390 (videt)
309 1357 353 1380 ιιι.
369 1346 507 1382 Victor.
526 1346 620 1382 Edd.
637 1347 716 1381 fere
729 1351 822 1381 vett.

81 1407 121 1437 et
152 1403 235 1437 Aac.
268 1400 350 1438 519.
397 1403 545 1437 Vascos.
579 1403 667 1448 xyl.
702 1404 825 1440 Lamb.

81 1459 192 1504 Cruq.
204 1457 296 1493 Min.
311 1459 424 1493 Chab.
440 1460 551 1494 Torr.
567 1460 704 1495 Bersm.
719 1461 824 1495 Conf-

81 1516 130 1550 H.
151 1516 279 1560 Steph-
298 1515 415 1550 Diatr.
437 1527 510 1550 sec.
532 1527 567 1560 p.
590 1517 669 1552 137.

139 1571 184 1609 V.
198 1571 256 1607 23.
277 1572 384 1618 regit.
405 1571 494 1606 Mss.
513 1572 635 1608 Lamb.
656 1573 824 1619 complur.

82 1628 193 1673 Cruq.
213 1629 245 1671 1,
273 1628 296 1662 b
311 1647 368 1654 —
389 1628 425 1666 d.
454 1628 566 1667 Pulm.
589 1631 623 1665 2.
649 1629 685 1664 3.
710 1627 747 1666 4.
766 1631 826 1665 10.

82 1684 219 1719 Bam.
237 1695 295 1719 un.
317 1684 447 1728 (Bentl.
466 1686 555 1728 tac.)
574 1685 699 1724 Oberl.
718 1686 760 1720 C.
780 1686 827 1721 Ι).

83 1741 207 1775 Comb.
223 1739 266 1774 B.
287 1741 331 1775 C.
347 1741 393 1775 D.
413 1742 461 1775 G.
480 1741 568 1776 Bad.
587 1744 619 1776 1.
646 1743 710 1779 Fe.
734 1745 765 1787 1,
788 1743 826 1780 b.

83 1809 130 1832 ιιι.
147 1808 182 1831 ο.
203 1799 334 1841 s.t.2‚
353 1798 391 1834 b.
411 1797 482 1834 ti.
502 1797 535 1842 5,
555 1810 591 1833 a.
611 1799 826 1835 f.Pott.12.

87 1854 143 1888 13.
165 1854 222 1888 15.
253 1851 417 1889 IR-1.4.
448 1855 625 1890 orell.E.
654 1855 772 1890 Berol.
794 1857 828 1894 1.

83 1910 200 1944 Dorv.
214 1912 249 1947 2.
272 1911 376 1946 Dess.
399 1913 430 1947 1.
449 1913 484 1948 2.
516 1913 620 1946 Gott.
643 1914 674 1946 1.
698 1914 732 1948 2.
755 1914 826 1950 Gn.

87 1961 397 2011 1...3.4Lips1.
427 1967 825 2005 Monmdeimlcod.

84 2022 232 2057 Mentel.
283 2022 379 2058 Edd.
412 2034 519 2069 supra
551 2026 616 2059 sub
643 2026 727 2070 fidit
754 2027 829 2060 lan-

85 2079 193 2113 datae
216 2079 339 2125 paucis
367 2081 542 2125 exceptis.
572 2087 688 2128 reget.
737 2083 825 2117 Mss.

86 2135 210 2170 lamb.
229 2141 325 2170 octo.
340 2136 450 2172 Pulm.
465 2138 500 2171 1.
515 2138 550 2172 7.
567 2138 676 2183 Grnq.
693 2140 725 2182 1,
745 2151 778 2174 a.
794 2141 828 2174 2.

86 2191 123 2228 3.
142 2191 204 2236 [al.
220 2192 307 2237 fidit
332 2212 382 2218 —
407 2194 523 2239 reget]
552 2194 662 2229 Torr.
688 2195 827 2240 plurim.

86 2247 224 2284 Bersm.
241 2247 358 2294 quinq.
376 2249 498 2283 Comb.
515 2250 559 2284 F.
570 2250 666 2288 Altd.
681 2263 739 2296 ap.
757 2253 829 2285 Ha-

86 2304 179 2339 bers.
199 2305 263 2338 Fe.
278 2305 379 2350 reliq.
407 2306 506 2340 Pott.
525 2318 615 2341 omn.
633 2307 750 2341 tribus
770 2320 830 2341 ex-

88 2360 216 2405 ceptis.
231 2361 286 2394 lk.
301 2360 336 2396 5.
352 2363 386 2397 6.
405 2362 518 2396 Orell.
534 2363 660 2408 bScd„
679 2375 699 2397 e
715 2370 829 2397 nostr.

88 2417 193 2451 Desa.
204 2416 239 2450 3.
254 2417 366 2454 Dorv.
380 2420 411 2452 1.
429 2418 573 2455 Corbei.
585 2420 656 2453 Gu.
667 2422 701 2457 2,
719 2420 829 2453 Goth.

88 2471 189 2517 Lips.
201 2475 235 2510 2.
251 2471 286 2510 3,
315 2473 413 2508 Μοιι.
432 2485 466 2508 a.
482 2475 517 2510 b.
534 2487 564 2511 c.
586 2477 611 2510 f.
628 2488 665 2520 g.
681 2487 725 2510 m.
751 2475 830 2519 (Vi-

91 2529 194 2570 ctor.)
212 2527 373 2563 Rudolst.
388 2528 484 2566 Edd.
498 2542 606 2576 supra
621 2533 686 2565 sub
696 2543 733 2565 v.
740 2533 830 2576 sidet

90 2584 252 2618 laudatae
264 2588 302 2617 et
311 2583 406 2628 Lips.
416 2585 495 2623 502.
506 2587 655 2631 Dorigh.
666 2589 764 2621 Pott.
774 2606 830 2612 —-

90 2640 202 2674 Recte
214 2640 371 2684 quidem3
386 2651 463 2674 nam
472 2653 491 2674 e
504 2641 682 2687 scriptura
686 2643 826 2687 fidit-

90 2702 193 2742 reget
210 2707 331 2741 parum
347 2707 367 2729 a
382 2695 537 2731 librariis
560 2698 743 2732 intellecta
759 2710 831 2732 om-

90 2751 145 2786 nis
164 2757 244 2786 orta
262 2752 403 2786 videtur
422 2752 670 2797 discrepantia.
698 2753 830 2788 Similis

92 2815 207 2843 autem
226 2807 425 2843 enunciatio
445 2809 674 2843 conditionali
692 2815 766 2853 est,
786 2810 830 2844 de

94 2875 163 2910 qna
181 2865 267 2901 vide
294 2877 374 2902 ann.
398 2866 452 2910 17,
472 2867 506 2900 8.
541 2866 705 2901 Ceterum
734 2865 830 2910 Dux,

866 893 961 939 quod
974 893 1120 927 verbnm
1133 891 1372 926 similitudinis
1383 890 1516 926 ambitu
1527 901 1611 925 eon-

866 950 1019 993 finietur,
1046 950 1275 994 sequentibus
1305 961 1384 995 reg,
1410 960 1525 983 aava.
1549 959 1611 981 au-

866 1007 1073 1042 nectendum
1092 1012 1158 1040 est.
1180 1006 1280 1050 Virg.
1302 1007 1370 1040 Ge.
1386 1003 1422 1049 4,
1438 1006 1495 1041 21.
1515 1004 1612 1038 Male

866 1065 943 1098 Fea
962 1074 1039 1098 cnm
1063 1062 1182 1098 multis
1210 1063 1292 1101 edd.
1320 1073 1451 1096 comma
1474 1066 1557 1106 post
1573 1071 1610 1099 v.

865 1120 951 1155 Dux
971 1121 1110 1166 posuit,
1135 1131 1211 1154 eum
1240 1120 1400 1165 sequitur
1428 1117 1613 1152 Weicher-

865 1182 923 1211 tus
943 1188 1082 1223 quoque
1100 1177 1236 1221 (Lectt.
1251 1177 1338 1212 Ven.
1357 1187 1392 1220 p.
1405 1176 1467 1218 92)
1481 1174 1612 1220 impro-

866 1234 1034 1269 bantibus
1070 1234 1192 1269 Schm.
1224 1233 1385 1270 Hoched.
1414 1232 1612 1266 Diintzero.

925 1291 969 1325 V.
982 1288 1040 1329 24,
1058 1302 1300 1334 numerosque.
1317 1290 1385 1325 Ms.
1402 1289 1538 1324 Bersm.
1553 1299 1613 1322 nu.

868 1348 973 1382 Dess.
995 1350 1026 1382 1.
1049 1347 1123 1382 Ed.
1143 1346 1297 1391 Cuning.
1326 1365 1374 1372 -
1406 1346 1450 1378 V.
1471 1343 1528 1381 25.
1546 1345 1613 1388 Ly-

869 1405 1026 1443 camben,
1046 1404 1135 1440 Mss.
1151 1411 1188 1438 et
1208 1403 1288 1438 edd.
1310 1403 1418 1448 vulg„
1436 1401 1506 1436 nisi
1519 1401 1614 1447 quod

868 1461 921 1495 illi
931 1461 1007 1495 fere
1021 1459 1189 1496 licon-ben
1198 1471 1260 1494 seu
1272 1461 1430 1494 licanben
1442 1458 1614 1493 scribunt.

870 1518 1083 1562 lqcambem.
1102 1517 1294 1561 [licambem
1304 1518 1374 1552 Gu.
1389 1518 1420 1551 1.
1434 1513 1613 1564 Rudolsn]

870 1574 964 1610 Edd.
999 1574 1089 1607 Ven.
1113 1571 1197 1609 483.
1222 1575 1281 1609 86.
1313 1573 1372 1608 92.
1410 1571 1523 1606 Loch.
1554 1571 1614 1606 98.

869 1630 970 1676 Lips.
1002 1628 1084 1666 492.
1116 1631 1174 1666 98.
1208 1631 1288 1666 502.
1329 1629 1409 1663 Ald.
1441 1628 1521 1664 501.
1557 1628 1615 1662 19.

869 1688 966 1723 Junt.
983 1684 1065 1722 514.
1091 1688 1146 1722 19.
1167 1689 1313 1731 Argent.
1330 1684 1411 1720 515.
1430 1686 1514 1720 Bas.
1533 1684 1616 1721 527.

870 1743 998 1779 Irenic.
1020 1744 1132 1778 Fabr.
1160 1745 1296 1778 Piscat.
1321 1743 1456 1777 Biedm.
1477 1740 1615 1776 Rodell.

870 1801 1022 1846 Dorigh.
1049 1801 1155 1836 Conf.
1179 1813 1259 1836 ann.
1283 1800 1327 1834 ad
1356 1802 1388 1843 1,
1414 1800 1451 1834 8.
1472 1805 1511 1833 et
1532 1796 1615 1831 Rei-

872 1858 940 1902 sig.
977 1857 1241 1902 „Vorlesung.“
1268 1869 1304 1902 p.
1323 1857 1382 1892 69.
1412 1875 1461 1881 —
1495 1855 1537 1889 V.
1558 1855 1615 1890 26.

872 1917 929 1949 An
943 1925 990 1948 ne
1002 1932 1059 1939 -—
1074 1920 1184 1948 artem
1194 1915 1212 1948 ?
1234 1913 1295 1947 Sic
1309 1925 1371 1949 ms,
1388 1915 1419 1948 1.
1431 1922 1488 1956 ap.
1504 1910 1615 1945 Pulm-

874 1977 911 2005 et
925 1973 959 2013 2,
978 1970 1013 2004 h.
1030 1981 1086 2015 ap.
1106 1972 1169 2004 Fe.
1191 1973 1262 2005 Aut
1275 1982 1331 2004 ne.
1352 1970 1437 2002 Var.
1458 1968 1542 2001 lect.
1556 1978 1615 2012 ap.

874 2027 1039 2062 Minoem.
1061 2029 1107 2061 At
1122 2039 1178 2061 ne.
1201 2027 1290 2062 Mss.
1310 2026 1407 2060 Mon.
1426 2037 1458 2058 e.
1473 2024 1499 2059 f.
1521 2023 1617 2057 Edd.

874 2096 932 2129 ap.
954 2084 1018 2117 Fe.
1035 2090 1072 2117 et
1089 2084 1187 2117 sunt.
1202 2080 1283 2117 514.
1301 2083 1354 2116 19.
1370 2083 1517 2124 Argent.
1533 2078 1615 2114 515.

874 2136 956 2174 Bas.
991 2138 1072 2174 580.
1100 2139 1229 2173 Irenic.
1262 2138 1349 2183 xyl.
1385 2137 1495 2171 Febr.
1526 2136 1616 2170 Min.

874 2197 1008 2230 Piscat.
1036 2195 1171 2230 Biedm.
1192 2195 1326 2228 Bersm.
1356 2194 1524 2237 Rutgers.
1544 2193 1618 2226 Ro-

875 2252 957 2285 dell.
1007 2251 1133 2296 Despr.
1182 2250 1311 2284 Zurck.
1354 2250 1433 2283 Jon.
1482 2248 1616 2283 Sandb.

876 2306 1055 2341 Gottsehl.
1071 2327 1120 2333 —
1149 2308 1203 2340 De
1222 2308 1287 2340 hac
1304 2305 1561 2350 permutatione
1579 2305 1618 2339 in

874 2375 914 2396 re
941 2362 1045 2396 simili
1074 2363 1147 2396 vid.
1174 2363 1292 2396 Bentl.
1320 2361 1364 2396 ad
1394 2362 1464 2396 Od.
1499 2364 1531 2404 1,
1561 2363 1616 2406 18,

874 2421 908 2454 7.
932 2438 989 2445 -
1009 2420 1053 2452 V.
1071 2421 1129 2455 27.
1149 2431 1258 2453 carm.
1283 2430 1411 2453 arcem.
1432 2418 1501 2454 ΜΒ.
1517 2416 1616 2464 Lips.

873 2478 908 2510 2.
923 2494 979 2500 —
997 2477 1098 2518 Quod
1115 2475 1217 2508 timui
1233 2475 1403 2517 natvm-e,
1426 2476 1546 2509 modo·
1562 2480 1615 2519 ut,

873 2531 1037 2564 carminis
1065 2536 1216 2574 aestum,
1250 2531 1302 2564 sic
1330 2530 1443 2565 edidit
1470 2530 1617 2565 Praedi-

875 2598 954 2621 cov.
971 2606 1027 2612 —-
1038 2587 1082 2619 V.
1099 2588 1155 2621 28.
1176 2587 1309 2632 Sapha.
1329 2586 1417 2621 mss.
1433 2587 1614 2625 vetustiss.

876 2654 935 2687 ap.
951 2643 1060 2679 Torr.
1082 2648 1119 2676 et
1138 2643 1207 2678 Gu.
1229 2645 1263 2677 1.
1282 2639 1318 2678 4.
1339 2644 1445 2678 Dess.
1471 2646 1503 2679 1.
1521 2647 1556 2681 2.
1577 2645 1614 2680 3.

874 2698 973 2743 Lips.
983 2698 1018 2734 3.
1031 2698 1099 2732 Ed.
1111 2699 1198 2732 Dae.
1208 2717 1265 2724 —-
1274 2700 1320 2733 V.
1329 2701 1373 2735 28
1386 2705 1424 2734 et
1432 2701 1489 2736 29.
1500 2704 1615 2736 trans·

875 2754 994 2799 posuit
1014 2765 1077 2788 ms.
1093 2755 1162 2788 Gn.
1175 2755 1212 2789 3.
1227 2776 1284 2783 —
1307 2757 1351 2790 V.
1365 2757 1423 2792 29.
1447 2757 1614 2793 Accam

874 2811 935 2844 sed
949 2830 1006 2836 —
1017 2811 1136 2856 dispar
1147 2811 1221 2847 Nec
1237 2813 1395 2858 quaerit,
1416 2825 1528 2858 quea.
1552 2815 1614 2849 Sic

876 2866 959 2901 dist.
979 2866 1099 2905 Lamb.
1119 2869 1200 2913 sed,
1219 2870 1290 2904 reb.
1310 2889 1358 2896 —
1380 2870 1519 2916 dispar,
1541 2870 1615 2907 Nec
