1910 3138
297 162 382 205 210
440 161 718 203 COMMENT.
735 159 795 199 IN
811 159 936 199 HOR.
957 158 1057 199 LIB.
1076 160 1106 199 Ι.
1136 159 1301 200 EPIST.
1317 160 1515 208 QUART.
1530 160 1717 203 mmm.
1768 163 1824 206 50

300 290 438 342 Nigra
459 287 636 340 jbrniois
665 284 811 323 oblitus
832 284 1004 337 favilla.
1041 284 1223 325 Prudent.
1256 285 1469 338 Hamartig.
1505 287 1602 329 761.
1642 286 1823 335 Bolum,

294 357 485 410 propolas
494 383 511 402 ,
548 354 750 392 meritoria
773 357 849 392 etc.
886 354 1056 404 respicit.
1099 354 1234 393 Senec.
1263 355 1312 393 de
1342 355 1421 393 Vit.
1449 355 1550 394 beat.
1579 357 1621 396 7.
1667 354 1824 408 Volup-

302 428 394 464 tatis
421 425 537 462 statio
565 435 615 461 ac
643 421 888 460 domicilium
908 422 1083 473 fomioes
1108 428 1147 459 et
1165 424 1342 475 popinae
1369 430 1475 462 sunt.
1519 423 1659 462 Similia
1681 423 1825 464 dabunt

300 495 437 533 Heind.
467 496 508 532 et
531 491 653 530 Orell.
681 490 732 528 ad
756 490 839 528 Sat.
869 491 909 540 1,
939 491 980 539 2,
1005 490 1074 531 30.
1113 491 1197 529 Sat.
1225 493 1266 541 2,
1293 493 1336 542 7,
1365 490 1434 532 48.
1470 492 1632 543 Rupert.
1662 492 1712 530 ad
1736 491 1824 531 Jnv.

302 564 353 612 3,
385 562 479 602 176.
506 562 556 610 6,
584 560 664 600 122
695 579 743 586 ·-
774 558 870 600 131.
902 559 981 607 11,
1013 558 1095 598 170
1124 571 1210 609 sqq.
1241 559 1406 598 Casaub.
1431 560 1482 598 ad
1509 559 1618 599 Pers.
1647 560 1696 611 1,
1726 559 1824 602 133.

301 633 467 681 interpp.
493 629 544 666 ad
571 626 734 666 Martial.
767 628 818 676 1,
844 625 924 675 35,
952 625 993 666 5.
1023 625 1063 665 6.
1100 625 1251 664 Rnhnk.
1279 628 1328 665 ad
1351 628 1460 668 Suet.
1490 628 1603 666 Caes.
1633 625 1703 668 49.
1741 627 1825 666 nil-

302 699 409 738 debr.
445 697 498 735 ad
531 694 645 747 Apul.
679 693 774 734 Met.
801 696 854 745 7,
883 695 923 735 9.
954 706 993 745 Ρ.
1020 693 1116 734 553.
1153 693 1409 734 Almeloveen.
1442 695 1588 748 Opusc.
1622 710 1662 748 p.
1689 696 1746 737 39
1765 703 1825 748 ἐς.

302 769 466 819 interpp.
506 765 556 803 ad
589 763 749 802 Petron.
789 764 828 804 7.
865 776 905 814 p.
935 762 1004 804 33.
1041 763 1100 802 ed.
1135 762 1265 801 Burm.
1291 761 1416 802 -Alias
1452 764 1663 814 opficinae
1698 764 1825 804 P1aut.

302 835 380 874 Mil.
410 834 463 885 gl.
489 833 533 884 3,
562 832 603 882 3,
631 833 688 882 7.,
716 827 968 886 ἐργαστήρια.
998 830 1133 882 Wagn.
1158 832 1208 869 ad
1232 830 1400 882 Alciphr.
1428 830 1496 870 Fr.
1526 831 1568 882 5,
1596 832 1636 873 5.
1663 845 1703 884 p.
1729 832 1826 874 223.

302 925 359 932 --
387 909 510 940 uncta
532 900 689 952 popina
717 912 817 949 non,
852 902 895 936 ut
921 899 1216 951 interpretantur
1242 899 1381 938 Heind.
1410 900 1459 938 ad
1491 899 1574 939 Sat.
1600 901 1651 950 2,
1677 897 1726 952 4,
1754 901 1827 944 62.

303 979 343 1010 et
367 970 543 1020 Haberf„
571 968 703 1019 Both„
731 967 904 1006 Diintzer
931 968 981 1005 ad
1009 967 1047 1005 h.
1077 967 1123 1020 L,
1151 967 1363 1018 immunda,
1391 967 1549 1007 sordida
1574 967 1672 1019 (Sat.
1701 970 1754 1020 2,
1784 969 1827 1019 2,

304 1043 372 1081 67.
401 1040 449 1089 4,
479 1039 547 1079 78.
577 1037 705 1089 Epist.
735 1036 810 1085 16,
840 1035 907 1077 23.
935 1034 1058 1073 Lucil.
1086 1037 1134 1085 1,
1159 1035 1228 1078 20.
1253 1035 1360 1086 virg.
1387 1035 1511 1074 catal.
1539 1036 1580 1087 5,
1609 1036 1718 1089 27.)‚
1741 1037 1826 1086 sed,
1895 1036 1897 1041 ’

304 1111 393 1147 licet
420 1120 537 1159 saepe
565 1106 711 1157 nigra,
732 1104 898 1155 fumosa
909 1131 924 1149 ‚
953 1102 1220 1149 tenebricosa,
1247 1103 1414 1141 madida
1439 1104 1567 1155 (Mart.
1594 1105 1648 1155 7,
1676 1105 1757 1155 61,
1785 1104 1826 1146 8.

303 1177 446 1216 Auson.
473 1174 624 1213 Mosen.
657 1170 749 1214 124.
780 1172 862 1210 Cic.
891 1172 932 1209 in
957 1171 1033 1212 Pis.
1059 1172 1110 1221 8,
1136 1172 1199 1212 18.
1238 1171 1421 1210 Prudent.
1446 1173 1618 1212 Hamart.
1645 1173 1760 1226 762.)
1787 1177 1828 1212 et

305 1245 551 1292 taeterrima,
577 1242 705 1292 turpis?
728 1240 825 1292 (Cic.
851 1240 942 1278 ibid.
967 1241 1010 1290 6,
1035 1239 1101 1280 13.
1128 1238 1252 1278 Lucil.
1279 1242 1319 1291 1,
1345 1240 1430 1292 20.)
1453 1241 1604 1293 audiat,
1631 1241 1704 1280 hoc
1726 1241 1827 1292 loco,

305 1325 419 1363 quum
446 1311 591 1350 Poetae
613 1322 691 1348 non
714 1308 861 1346 licuerit
883 1320 993 1346 suum
1018 1308 1262 1359 interponere
1281 1309 1484 1359 judicium,
1510 1308 1744 1348 unctioribus
1766 1307 1829 1347 vel

304 1381 416 1419 lautis
445 1377 593 1417 cibariis
615 1376 748 1430 plena,
775 1379 819 1415 ut
843 1375 911 1426 15,
934 1372 1095 1426 44.17,
1127 1377 1194 1418 12.
1221 1376 1268 1416 A.
1293 1376 1339 1420 P.
1367 1374 1467 1421 422.
1504 1377 1572 1416 Sic
1594 1376 1734 1416 Cat-111.
1756 1377 1826 1422 29,

304 1451 342 1490 3.
373 1447 622 1498 patrimonia
647 1451 781 1483 uncta.
828 1443 943 1483 Mart.
982 1443 1031 1494 5,
1060 1442 1138 1494 45,
1168 1445 1209 1485 7.
1247 1453 1391 1496 eaptus
1415 1459 1458 1484 es
1483 1445 1661 1485 unctiore
1688 1457 1822 1483 ovata.

304 1518 438 1555 Sidon.
466 1514 631 1567 Apollin.
655 1513 729 1565 Ep
758 1513 810 1563 2,
840 1514 879 1553 1.
916 1525 1059 1550 coenae
1086 1513 1352 1555 unctissimae.
1387 1514 1495 1554 flers.
1523 1512 1574 1564 4,
1600 1514 1668 1555 17.
1703 1519 1828 1551 mota

302 1583 484 1635 patella5
513 1583 556 1632 3,
586 1583 681 1624 102.
721 1588 844 1619 uncta
863 1580 1139 1631 pulmentaria
1163 1580 1250 1619 coll.
1272 1583 1313 1631 2,
1336 1582 1405 1623 30.
1431 1583 1474 1632 6,
1501 1583 1568 1624 16.
1594 1582 1678 1620 Juv.
1697 1582 1739 1633 8,
1757 1580 1826 1623 13.

306 1659 428 1690 uncta
459 1649 683 1688 Corinthus.
723 1649 882 1687 Petron.
920 1650 989 1690 43.
1018 1663 1145 1687 manu
1171 1647 1362 1702 uncta*),
1379 1649 1508 1700 plena
1534 1663 1685 1689 mensa.
1715 1650 1827 1689 Suet.

304 1719 429 1758 Vitell.
457 1719 521 1759 13.
550 1718 735 1768 circaque
762 1718 924 1755 viarum
943 1718 1121 1769 popinas
1139 1717 1348 1770 fumantia
1375 1719 1555 1769 opsonia.
1599 1717 1694 1757 Inde
1719 1716 1830 1756 ahili

307 1787 495 1826 sententia
518 1787 675 1836 popina
697 1785 807 1823 dives
831 1786 946 1823 Mart.
966 1785 1007 1836 5,
1036 1784 1106 1836 45,
1138 1785 1218 1836 10.,
1243 1786 1380 1824 calida
1405 1787 1491 1826 Juv.
1515 1787 1583 1837 11,
1611 1787 1680 1828 81.
1717 1785 1828 1825 Hanc

305 1854 656 1906 interpretationem
683 1857 835 1892 tuentur
865 1853 1016 1904 Porph.
1056 1853 1357 1908 („opulenta“),
1400 1854 1536 1893 Schol.
1572 1854 1691 1906 auq.
1718 1853 1829 1906 („re-

308 1924 440 1962 dolens
474 1926 514 1960 et
538 1921 692 1972 optimis
722 1920 813 1959 cibis
849 1921 1035 1973 plena“),
1070 1921 1204 1964 Stuck.
1229 1921 1365 1974 Anfiq.
1394 1935 1505 1962 conv.
1532 1926 1582 1975 2,
1609 1924 1676 1965 11.
1705 1920 1828 1960 Schi-

307 1991 418 2032 rach.
449 1989 574 2040 (Clav.
592 1989 687 2027 Hor.
707 2001 747 2039 p.
768 1987 905 2039 3840),
939 1989 1188 2038 Schmidius,
1222 1989 1420 2040 Orellius,
1455 1990 1708 2029 mic-bertus
1733 1989 1779 2041 (l.
1798 1989 1826 2030 l.

308 2075 348 2113 p.
367 2058 470 2109 77.)‚
497 2058 571 2095 alii.
613 2056 657 2094 In
685 2055 836 2107 popinis
862 2056 1098 2107 temporibus
1126 2058 1275 2107 quidem
1303 2058 1531 2111 reipublicae
1554 2059 1631 2097 nisi
1656 2057 1828 2097 homines

308 2127 457 2166 infimae
485 2123 710 2165 conditionis
730 2123 871 2161 versari
898 2136 974 2162 non
997 2128 1086 2162 sunt
1108 2124 1223 2162 soliti.
1264 2124 1377 2162 Conf.
1405 2126 1659 2166 Stockmann.
1680 2126 1730 2165 de
1748 2124 1828 2163 Po-

310 2195 409 2247 pinis
446 2193 714 2232 Romanorum.
751 2189 848 2242 Lps.
878 2191 999 2232 1805.
1045 2191 1166 2229 Zellii
1201 2192 1597 2242 „Ferienschristen“
1624 2193 1656 2233 1.
1690 2207 1730 2246 p.
1755 2193 1826 2235 88.

313 2264 442 2314 Ilgen.
473 2259 670 2299 Animadv.
689 2259 733 2297 in
750 2258 856 2310 Virg.
876 2258 975 2310 Cop.
999 2273 1042 2310 p.
1061 2261 1101 2300 9.
1132 2259 1303 2309 Rupert.
1328 2260 1376 2297 ad
1393 2259 1478 2304 Juv.
1500 2261 1541 2308 8,
1565 2261 1646 2303 158
1659 2283 1717 2291 —-
1730 2263 1826 2305 172.

320 2327 567 2380 Osenbric'gg.
597 2329 644 2367 ad
673 2326 752 2365 Cic.
778 2340 837 2378 pr.
866 2326 947 2364 Mil.
981 2325 1051 2377 24,
1080 2327 1147 2368 65.
1187 2327 1365 2366 Ceterum
1380 2327 1563 2378 fornices
1589 2333 1631 2368 et
1654 2330 1828 2382 popinae

314 2411 428 2449 saepe
451 2397 660 2447 junguntur
687 2395 763 2433 vid.
791 2394 966 2433 Hildebr.
984 2396 1034 2433 ad
1050 2394 1164 2447 Apul.
1191 2394 1285 2434 Met.
1306 2396 1348 2445 8,
1368 2396 1407 2436 1.
1436 2409 1477 2447 Ρ.
1495 2397 1592 2440 637.
1623 2401 1664 2436 et
1682 2396 1826 2437 Dfintz.

314 2467 363 2503 ad
388 2466 426 2507 h.
454 2465 480 2504 l.
510 2464 596 2505 coll.
624 2463 788 2502 Casaub.
813 2463 869 2500 ad
893 2461 1088 2515 Theophr.
1120 2462 1233 2503 Char.
1263 2464 1302 2503 6.
1332 2476 1372 2514 Ρ.
1401 2464 1468 2505 87.
1499 2463 1546 2507 1²¹.
1574 2469 1615 2504 et
1632 2464 1688 2504 :ad
1715 2465 1825 2505 Suet.

314 2536 409 2573 Ner.
439 2534 509 2575 27.
539 2532 603 2571 IV.
631 2546 671 2584 p.
702 2530 796 2572 183.
822 2529 915 2569 wlf.
942 2530 1091 2569 Becker
1117 2530 1167 2569 ad
1196 2530 1295 2568 Gall.
1325 2530 1353 2569 Ι.
1383 2545 1422 2583 p.
1453 2531 1550 2575 233.
1585 2554 1642 2562 ——
1678 2531 1727 2573 V.
1753 2533 1825 2576 22.

318 2602 526 2639 Incutiunt
552 2599 663 2638 urbis
690 2598 926 2637 desideriam
953 2597 1002 2638 de
1027 2597 1240 2638 vehementi
1267 2599 1378 2638 animi
1405 2605 1512 2640 motu
1538 2603 1582 2640 ut
1603 2599 1759 2642 Lucret.
1785 2600 1824 2649 1,

317 2671 384 2710 20.
427 2667 621 2707 Omnibus
648 2668 842 2705 incutiens
869 2664 1062 2705 blandum
1081 2664 1156 2718 per
1174 2674 1338 2718 pectora
1364 2681 1551 2707 amorem.
1685 2657 1690 2661 ἱ

428 2811 471 2857 *)
486 2815 520 2848 J.
537 2815 689 2851 Merkel.-
706 2817 823 2862 „sem
836 2817 1038 2863 Popinen.“
1053 2817 1225 2852 Passum:
1245 2818 1416 2864 „Bordell
1427 2817 1821 2864 mmtfettigemxoeh-

320 2867 445 2911 baus,“
465 2876 587 2907 contra
606 2873 714 2907 Voss:
734 2873 971 2920 „schmoriges
990 2873 1256 2914 Wirffishausf‘
