1910 3138
295 202 380 245 460
410 203 690 243 COMMENT.
713 203 769 242 IN
787 203 909 244 HOR.
935 202 1036 242 LIB.
1063 204 1091 241 Ι.
1122 203 1286 243 EPIST.
1305 202 1712 243 DUODEVICESIM.
1742 206 1824 246 112

293 322 353 357 ter
380 317 577 365 bibentes,
620 320 700 354 tum
728 316 752 353 ii
783 319 888 366 sunt,
928 317 990 367 qui
1023 317 1149 355 vinum
1189 329 1415 367 generosum
1453 331 1536 356 cum
1567 323 1682 369 gustu
1720 317 1825 357 calli-

294 387 426 424 dorum
469 384 641 422 hauriunt
673 388 712 422 et
755 397 776 421 a
817 384 958 423 nostris
1003 384 1231 435 „Ziingler‚
1282 383 1635 424 Feinschmecker“
1683 398 1825 425 vocan-

294 458 365 492 tur.
426 452 568 489 Eadem
609 452 714 489 notio
747 450 818 502 14,
847 452 914 494 34.
957 465 1107 502 quoque
1144 455 1244 490 tecte
1281 452 1525 502 significatur.
1590 455 1663 494 Est
1690 456 1824 505 igitur:

295 520 480 571 „Talium
514 521 822 570 propinationes,
867 520 1035 570 quamvis
1059 519 1183 557 alieno
1214 520 1280 558 tibi
1306 525 1476 572 tempore
1503 522 1616 572 fiant,
1658 523 1735 561 noli
1765 536 1826 561 re-

296 602 446 635 cusare,
485 588 555 625 nisi
590 588 627 625 in
671 600 799 625 eorum
834 588 963 626 odium
994 587 1162 626 incidere
1197 588 1340 638 mavis,
1371 589 1552 626 etenim“
1578 594 1652 628 etc.
1711 589 1826 628 Addit

295 656 427 694 media
451 655 499 692 de
527 662 638 692 nocte
653 655 692 705 *)
721 658 799 691 tum
827 655 875 692 ad
908 659 1079 693 naturam
1108 668 1153 692 ac
1175 669 1301 694 mores
1330 660 1524 707 potorum,
1568 658 1632 708 qui
1657 657 1716 696 vel
1742 658 1826 710 ipsa

294 726 418 763 media
444 727 556 762 nocte
586 735 688 760 mero
717 734 760 759 se
785 721 964 773 invitant,
993 724 1201 761 accuratius
1230 723 1523 774 describendos,
1550 729 1628 763 tum
1655 725 1706 764 ad
1732 738 1828 777 pon-

294 795 366 831 dus
396 791 590 830 excusanti
614 796 824 827 nocturnos
854 797 1001 841 tepores
1026 790 1251 828 addendum.
1299 791 1446 843 Majora
1473 793 1571 830 enim
1593 793 1828 831 incommoda

295 920 365 955 site
388 918 596 954 Torrentius
613 918 765 952 bibulum
785 918 906 963 liquidi
922 919 1036 953 media
1057 920 1100 953 de
1119 924 1220 953 nocte
1238 918 1387 953 Falerni
1405 914 1460 963 14,
1481 915 1540 953 34.
1564 919 1743 965 opposuit.
1779 919 1828 954 At

294 979 332 1012 in
347 976 482 1010 duobus
498 987 559 1010 vv.
578 975 833 1021 conjungendis
847 976 980 1010 animus
995 975 1242 1021 explicantium
1256 975 1476 1010 distrahitur.
1505 976 1724 1011 Scholiastes
1739 975 1827 1011 enirn

296 1032 464 1079 Cruquii:
490 1033 731 1078 „potulenti,“
766 1033 860 1078 quod
879 1033 903 1066 i.
925 1045 957 1068 e.
978 1038 1052 1078 pot.
1072 1033 1137 1067 bib.
1159 1033 1339 1077 Bentlejus
1367 1033 1525 1078 ineptum
1546 1033 1651 1078 dicit,
1679 1033 1828 1079 perinde

297 1090 387 1126 enim
409 1101 488 1124 esse
510 1101 551 1123 ac
575 1089 606 1122 si
631 1095 770 1135 potores
794 1095 955 1135 potantes
982 1089 1126 1124 dixeris.
1178 1089 1284 1131 Quod
1305 1089 1437 1124 crimen
1465 1095 1506 1124 ut
1531 1090 1696 1134 tollat-ur,
1726 1091 1829 1125 Iones

296 1153 396 1194 „pot.
415 1147 480 1180 bib.
502 1146 626 1180 nimios
646 1151 683 1179 et
702 1146 900 1189 assiduos,“
922 1147 1096 1180 Gesnerus
1114 1152 1285 1192 „potores
1300 1147 1428 1180 acres“
1445 1146 1615 1193 intelligit
1628 1147 1740 1182 verbo
1756 1147 1829 1182 Fa-

294 1204 387 1240 lerni
412 1204 513 1249 plane
542 1204 719 1248 sejuncto,
742 1214 844 1249 quam
868 1202 1004 1248 quidem
1031 1202 1358 1249 interpretationem
1382 1203 1575 1239 Schmidius
1595 1204 1728 1251 optimo
1746 1203 1828 1249 Jure

295 1262 491 1307 improbat,
513 1265 550 1293 ut
568 1261 678 1294 verba
693 1260 968 1294 assentientibus
989 1271 1078 1294 nunc
1095 1259 1276 1295 Diintzero
1292 1265 1329 1294 et
1343 1259 1616 1307 Dillenburgero
1636 1261 1688 1296 sic
1707 1260 1827 1306 expla-

295 1325 376 1353 net:
406 1319 600 1361 „Potores‚
623 1317 683 1363 qui
699 1336 753 1342 -—
768 1337 822 1342 —
839 1317 1024 1350 Falernum
1040 1316 1192 1350 bibunt‘4
1216 1317 1272 1351 vel
1290 1322 1330 1350 ut
1348 1316 1429 1350 alii:
1458 1317 1636 1361 „Potores
1651 1317 1825 1359 sitientes,

295 1375 391 1411 avidi
404 1373 475 1408 vini
487 1374 670 1409 Falerni.“
688 1375 725 1408 C.
739 1375 883 1408 Passov:
898 1373 1074 1417 „Zecher,
1092 1373 1148 1407 die
1158 1373 1289 1418 giitlich
1302 1373 1376 1408 sich
1387 1373 1474 1407 thun
1483 1384 1553 1407 von
1565 1374 1629 1409 der
1637 1373 1744 1409 Mitte
1753 1373 1790 1419 (2
1799 1374 1826 1416 ἔ)

295 1433 361 1467 der
376 1432 497 1467 Nacht
511 1431 546 1465 in
563 1431 773 1466 Falerner.“
809 1431 882 1464 Sed
898 1431 1059 1475 gradatio
1073 1457 1083 1476 ,
1109 1441 1209 1475 quam
1234 1430 1371 1477 quidem
1390 1430 1452 1464 ille
1473 1442 1551 1464 esse
1569 1431 1646 1466 vult
1665 1443 1707 1465 ea
1727 1441 1826 1476 quam

295 1500 403 1536 supra
428 1489 606 1535 posuimus
634 1487 870 1533 explicatione
891 1488 1000 1532 magis
1028 1487 1226 1532 augebitur.
1269 1488 1324 1522 De
1353 1486 1501 1522 ridiculo
1527 1488 1640 1534 igitur
1664 1492 1827 1534 potorum

294 1546 468 1592 Epitheto
492 1545 640 1580 Orellius
659 1545 831 1579 sollicitus
847 1555 928 1579 esse
951 1557 1020 1579 non
1045 1545 1212 1579 debebat.
1255 1544 1349 1578 Mira
1374 1548 1488 1579 autem
1509 1545 1642 1580 Roseus*
1657 1544 1750 1579 ratio
1771 1549 1829 1580 est

295 1603 411 1638 Bibuli
431 1601 643 1648 scribentis,
673 1607 713 1636 ut
733 1601 909 1637 sententia
928 1601 995 1636 sit:
1026 1603 1206 1646 „Potores
1226 1600 1405 1647 insignes,
1433 1600 1494 1647 qui
1520 1601 1646 1637 bibunt
1663 1613 1708 1638 m.
1730 1601 1765 1636 d.
1791 1612 1826 1636 n.

295 1660 484 1694 Falernum
499 1659 626 1693 Bibulo
648 1659 790 1694 consule
810 1658 898 1693 cella
918 1659 1055 1693 vinaria
1074 1659 1276 1693 conditum“
1298 1659 1378 1694 coll.
1401 1658 1472 1693 Od.
1488 1658 1523 1703 3,
1538 1661 1596 1704 28,
1616 1660 1650 1695 8.
1669 1655 1706 1704 4,
1721 1659 1776 1704 11,
1792 1659 1825 1694 2.

408 1715 445 1760 *)
474 1716 672 1750 Formulam
699 1716 813 1751 media
835 1717 878 1750 de
906 1722 1007 1751 nocte
1033 1716 1180 1750 omnium
1210 1716 1360 1762 pessime
1392 1714 1532 1760 accepit
1557 1716 1755 1761 Bentlejm,
1789 1719 1829 1748 ut

296 1773 411 1806 media
432 1774 475 1807 de
494 1779 595 1807 nocte
613 1771 693 1807 fieri
714 1773 870 1817 diceret,
890 1785 960 1807 non
980 1773 1072 1818 quod
1095 1785 1136 1806 eo
1153 1783 1261 1817 usque
1276 1773 1549 1818 produceretur,
1569 1772 1631 1808 sed
1647 1773 1742 1819 quod
1754 1776 1827 1806 tum

298 1828 447 1874 primum
477 1828 664 1874 inciperet.
711 1829 742 1863 A
766 1829 931 1874 Bentlejo
955 1841 1023 1863 non
1051 1830 1102 1864 ita
1122 1829 1232 1864 distat
1260 1830 1412 1874 Gesner,
1442 1828 1570 1875 pocula
1588 1829 1733 1864 Falerni
1751 1834 1828 1875 post

296 1885 443 1919 mediam
466 1891 603 1919 noctem
623 1890 790 1930 porrecta
816 1892 925 1920 ratus.
967 1887 1007 1920 In
1036 1886 1142 1931 Angli
1170 1886 1264 1920 illius
1293 1886 1404 1920 verba
1422 1886 1625 1922 Frenzelius
1643 1887 1760 1932 iurat,
1788 1890 1829 1920 ut

296 1942 429 1977 addere
444 1953 510 1975 non
528 1942 688 1984 dubitet,
709 1942 910 1986 „Romanos
930 1942 973 1975 de
994 1943 1107 1977 media
1128 1948 1233 1977 nocte
1249 1953 1419 1987 nunquam
1434 1947 1578 1987 praeter
1591 1942 1826 1990 nequissimos

297 1999 491 2034 nebulones
520 1999 721 2033 celebrasse
748 1998 1047 2043 compotationes3
1080 1999 1135 2033 cui
1159 2010 1242 2033 vero
1270 1999 1504 2044 persuadeas,
1534 2000 1719 2035 Horatium
1749 2010 1827 2033 esse

297 2057 413 2090 Lollio
435 2059 631 2098 auctorem,
651 2054 820 2099 ejusmodi
840 2067 1031 2099 ganeonem
1052 2055 1122 2090 sibi
1141 2067 1275 2090 sumere
1294 2061 1479 2100 patronum
1504 2061 1610 2101 atque
1628 2057 1704 2102 eJus
1722 2054 1827 2090 mori-

296 2114 363 2148 bus
382 2125 421 2147 se
437 2112 698 2147 accommodare
709 2111 759 2144 ‘3⁴‘
780 2112 879 2146 Haec
893 2112 1005 2146 verba
1016 2112 1079 2145 Vir
1094 2112 1314 2147 doctissimus
1328 2113 1530 2158 scripsisset
1545 2111 1682 2157 nollem,
1698 2112 1743 2146 de
1755 2108 1826 2146 illis

298 2175 396 2205 errat
416 2181 491 2204 cum
512 2168 645 2204 erroris
664 2172 830 2212 auctore,
855 2172 980 2203 contra
1005 2180 1107 2213 quem
1132 2174 1229 2202 recte
1246 2168 1402 2214 disputat
1427 2169 1610 2214 Raudius,
1629 2180 1697 2203 non
1711 2167 1826 2202 imme-

297 2239 372 2263 mor
399 2227 499 2272 huJus
520 2226 609 2270 loci,
642 2226 677 2259 in
701 2225 856 2260 Tursell.
882 2226 931 2261 II.
959 2237 994 2270 p.
1014 2225 1103 2269 205,
1133 2226 1226 2260 conf.
1250 2225 1354 2260 etiam
1387 2226 1641 2261 Weissenborn.
1669 2226 1735 2259 Gr.
1762 2225 1825 2260 lat.

297 2282 315 2326 §
337 2283 424 2329 250,
448 2286 479 2319 1.
515 2284 569 2318 De
591 2281 704 2329 epulis
726 2282 783 2317 vel
803 2282 1120 2327 compotationibus
1141 2282 1216 2316 sive
1234 2282 1433 2326 nocturnis,
1456 2282 1532 2316 sive
1557 2282 1602 2316 ad
1626 2282 1739 2328 ipsam
1756 2293 1827 2316 me—

299 2341 392 2376 diam
415 2345 550 2376 noctem
567 2340 758 2386 protractis
778 2351 877 2374 nemo
893 2339 1044 2374 dubitat.
1082 2338 1260 2385 Exemplis
1273 2351 1380 2384 supra
1394 2337 1521 2385 positis
1541 2338 1656 2372 adde‘
1645 2350 1682 2373 in
1697 2343 1827 2373 utram-

299 2409 367 2444 que
382 2410 452 2432 rem
469 2399 615 2432 Lucret.
633 2399 664 2439 2,
688 2398 744 2433 26.
764 2397 841 2432 Cic.
857 2408 912 2442 pr.
926 2397 1034 2431 Rosc.
1052 2396 1126 2431 Am.
1143 2393 1201 2440 46,
1223 2392 1302 2430 134.
1325 2397 1374 2433 Π.
1396 2396 1499 2430 Verr.
1521 2398 1555 2440 1,
1573 2397 1628 2440 12,
1647 2385 1705 2431 33.
1724 2395 1826 2430 Suet.

297 2455 386 2492 Ner.
415 2456 472 2491 27.
504 2453 602 2500 Lips.
629 2454 719 2489 Exc.
739 2455 770 2488 1.
791 2454 833 2488 ad
862 2454 951 2488 Tac.
979 2453 1066 2488 Ann.
1086 2450 1148 2498 14,
1169 2455 1201 2488 2.
1235 2452 1305 2487 Alii
1326 2452 1450 2496 aliter,
1477 2456 1517 2486 ut
1543 2452 1743 2496 Fabricius,
1770 2451 1827 2486 cui

298 2523 370 2546 non
393 2511 507 2546 defuit
524 2511 738 2545 imitatorum
762 2511 943 2545 temeritas
968 2510 1277 2556 praecipientium,
1298 2514 1363 2555 „ut
1379 2514 1518 2554 potores
1534 2509 1641 2543 bibuli
1656 2509 1827 2545 temulen-

298 2569 371 2602 tiae
392 2568 525 2602 assueti
543 2567 787 2602 vehementiae
808 2579 913 2602 causa
933 2567 1153 2611 dicerentur,
1174 2567 1226 2601 ita
1246 2566 1360 2600 media
1374 2567 1416 2600 de
1431 2567 1506 2600 luce
1521 2565 1826 2611 reprehensionis3

299 2637 377 2658 nam
396 2625 487 2659 diem
507 2625 728 2670 perpotando
745 2635 949 2659 consumere
963 2629 1001 2658 et
1021 2624 1180 2659 excusari
1194 2635 1263 2658 non
1282 2635 1389 2669 posse
1409 2627 1447 2657 et
1466 2634 1606 2669 semper
1623 2626 1728 2668 turpe
1746 2631 1825 2655 esse

300 2682 497 2716 habitum.“
534 2683 689 2727 Propter
708 2681 854 2715 similem
869 2693 1019 2725 causam,
1039 2681 1064 2715 i.
1081 2694 1114 2716 e.
1131 2681 1386 2715 luxuriosorum
1400 2683 1438 2714 et
1450 2679 1727 2725 voluptariorum
1742 2688 1826 2711 con-

301 2740 519 2773 suetudinem
530 2764 539 2782 ,
561 2738 605 2772 de
621 2738 733 2773 medio
750 2738 807 2772 die
822 2750 950 2772 coenas
966 2737 1192 2784 auspicandi,
1215 2738 1392 2781 Bentlejus
1407 2747 1502 2772 suam
1517 2736 1585 2771 sibi
1599 2735 1685 2770 fecit
1703 2732 1826 2767 lectio-

301 2804 397 2836 nem,
420 2807 440 2828 a
464 2795 580 2829 Vossio
600 2795 636 2829 in
657 2795 889 2842 translatione
910 2807 1126 2841 expressam.
1164 2795 1236 2828 Sed
1251 2793 1407 2828 viderint
1425 2793 1468 2836 ii,
1488 2793 1546 2839 qui
1562 2796 1674 2826 actum
1692 2790 1826 2823 habent

302 2851 396 2893 quod
419 2852 587 2895 egerunt!
631 2853 708 2886 Nos
732 2852 810 2886 veri
830 2855 963 2886 tantum
982 2851 1134 2887 studiosi
1155 2864 1215 2886 eos
1245 2863 1314 2885 non
1330 2861 1506 2894 curamus,
1537 2847 1596 2894 qui
1613 2845 1823 2881 subtilitatis

301 2905 439 2940 nimium
459 2908 632 2942 sollicitae
654 2913 747 2942 sunt.
