<?xml version="1.0" encoding="UTF-8"?>
<!DOCTYPE html PUBLIC "-//W3C//DTD XHTML 1.0 Transitional//EN"
    "http://www.w3.org/TR/xhtml1/DTD/xhtml1-transitional.dtd">
<html xmlns="http://www.w3.org/1999/xhtml" xml:lang="en" lang="en">
 <head>
  <title>
</title>
<meta http-equiv="Content-Type" content="text/html;charset=utf-8" />
  <meta name='ocr-system' content='tesseract 3.04.00' />
  <meta name='ocr-capabilities' content='ocr_page ocr_carea ocr_par ocr_line ocrx_word'/>
</head>
<body>
  <div class='ocr_page' id='page_1' title='image "./epistolascomment02horauoft_0230.png"; bbox 0 0 1910 3138; ppageno 0'>
   <div class='ocr_carea' id='block_1_1' title="bbox 293 184 1810 238">
    <p class='ocr_par' dir='ltr' id='par_1_1' title="bbox 293 184 1810 238">
     <span class='ocr_line' id='line_1_1' title="bbox 293 184 1810 238; baseline 0.007 -11"><span class='ocrx_word' id='word_1_1' title='bbox 293 184 376 227; x_wconf 79' lang='lat'><strong>222</strong></span> <span class='ocrx_word' id='word_1_2' title='bbox 434 186 713 228; x_wconf 77' lang='lat' dir='ltr'><strong>COMMENT.</strong></span> <span class='ocrx_word' id='word_1_3' title='bbox 731 186 790 226; x_wconf 91' lang='lat' dir='ltr'><strong>IN</strong></span> <span class='ocrx_word' id='word_1_4' title='bbox 810 187 933 228; x_wconf 86' lang='lat' dir='ltr'><strong>HOR.</strong></span> <span class='ocrx_word' id='word_1_5' title='bbox 950 187 1050 232; x_wconf 88' lang='lat' dir='ltr'><strong>LlB.</strong></span> <span class='ocrx_word' id='word_1_6' title='bbox 1065 189 1094 229; x_wconf 90' lang='grc' dir='ltr'><strong>Ι.</strong></span> <span class='ocrx_word' id='word_1_7' title='bbox 1115 190 1287 230; x_wconf 79' lang='lat' dir='ltr'><strong>-EPIST.</strong></span> <span class='ocrx_word' id='word_1_8' title='bbox 1302 192 1498 238; x_wconf 83' lang='lat' dir='ltr'><strong>QUART.</strong></span> <span class='ocrx_word' id='word_1_9' title='bbox 1514 193 1697 233; x_wconf 80' lang='lat' dir='ltr'><strong>DEcm.</strong></span> <span class='ocrx_word' id='word_1_10' title='bbox 1756 196 1810 237; x_wconf 81' lang='lat'><strong>62</strong></span> 
     </span>
    </p>
   </div>
   <div class='ocr_carea' id='block_1_2' title="bbox 296 311 1816 502">
    <p class='ocr_par' dir='ltr' id='par_1_2' title="bbox 296 311 1816 502">
     <span class='ocr_line' id='line_1_2' title="bbox 297 311 1816 370; baseline 0.003 -17"><span class='ocrx_word' id='word_1_11' title='bbox 297 313 436 353; x_wconf 86' lang='lat' dir='ltr'><strong>cibaria</strong></span> <span class='ocrx_word' id='word_1_12' title='bbox 464 315 573 352; x_wconf 86' lang='lat' dir='ltr'><strong>unius</strong></span> <span class='ocrx_word' id='word_1_13' title='bbox 601 313 676 351; x_wconf 86' lang='lat' dir='ltr'><strong>diei</strong></span> <span class='ocrx_word' id='word_1_14' title='bbox 694 311 815 351; x_wconf 86' lang='lat' dir='ltr'><strong>servis</strong></span> <span class='ocrx_word' id='word_1_15' title='bbox 835 313 1034 367; x_wconf 82' lang='lat' dir='ltr'><strong>demensa,</strong></span> <span class='ocrx_word' id='word_1_16' title='bbox 1063 319 1105 354; x_wconf 89' lang='lat' dir='ltr'><strong>ut</strong></span> <span class='ocrx_word' id='word_1_17' title='bbox 1125 315 1235 357; x_wconf 79' lang='lat' dir='ltr'><strong>Mart.</strong></span> <span class='ocrx_word' id='word_1_18' title='bbox 1263 318 1331 368; x_wconf 90' lang='lat'><strong>11,</strong></span> <span class='ocrx_word' id='word_1_19' title='bbox 1353 318 1453 369; x_wconf 83' lang='lat'><strong>108,</strong></span> <span class='ocrx_word' id='word_1_20' title='bbox 1473 318 1516 359; x_wconf 85' lang='lat'><strong>3.</strong></span> <span class='ocrx_word' id='word_1_21' title='bbox 1554 319 1700 370; x_wconf 64' lang='lat' dir='ltr'><strong>Lupus</strong></span> <span class='ocrx_word' id='word_1_22' title='bbox 1717 330 1816 358; x_wconf 68' lang='lat' dir='ltr'><strong>usu-</strong></span> 
     </span>
     <span class='ocr_line' id='line_1_3' title="bbox 296 379 1814 439; baseline 0.005 -21"><span class='ocrx_word' id='word_1_23' title='bbox 296 395 387 420; x_wconf 84' lang='lat' dir='ltr'><strong>ram</strong></span> <span class='ocrx_word' id='word_1_24' title='bbox 406 383 600 433; x_wconf 79' lang='lat' dir='ltr'><strong>puerique</strong></span> <span class='ocrx_word' id='word_1_25' title='bbox 628 379 764 418; x_wconf 81' lang='lat' dir='ltr'><strong>diaria</strong></span> <span class='ocrx_word' id='word_1_26' title='bbox 787 388 972 431; x_wconf 76' lang='lat' dir='ltr'><strong>poscunt.</strong></span> <span class='ocrx_word' id='word_1_27' title='bbox 1007 383 1164 426; x_wconf 85' lang='lat' dir='ltr'><strong>Petron.</strong></span> <span class='ocrx_word' id='word_1_28' title='bbox 1196 383 1263 426; x_wconf 84' lang='lat'><strong>24.</strong></span> <span class='ocrx_word' id='word_1_29' title='bbox 1300 385 1409 438; x_wconf 82' lang='lat' dir='ltr'><strong>(ibiq.</strong></span> <span class='ocrx_word' id='word_1_30' title='bbox 1438 386 1557 438; x_wconf 76' lang='lat' dir='ltr'><strong>gloss.</strong></span> <span class='ocrx_word' id='word_1_31' title='bbox 1591 388 1656 439; x_wconf 81' lang='lat' dir='ltr'><strong>ap.</strong></span> <span class='ocrx_word' id='word_1_32' title='bbox 1684 385 1814 426; x_wconf 82' lang='lat' dir='ltr'><strong>Burm-</strong></span> 
     </span>
     <span class='ocr_line' id='line_1_4' title="bbox 296 447 1816 502; baseline 0.004 -15"><span class='ocrx_word' id='word_1_33' title='bbox 296 464 336 502; x_wconf 89' lang='lat' dir='ltr'><strong>p.</strong></span> <span class='ocrx_word' id='word_1_34' title='bbox 362 450 435 502; x_wconf 88' lang='lat'><strong>83)</strong></span> <span class='ocrx_word' id='word_1_35' title='bbox 465 456 558 501; x_wconf 80' lang='lat' dir='ltr'><strong>post</strong></span> <span class='ocrx_word' id='word_1_36' title='bbox 584 447 754 487; x_wconf 70' lang='lat' dir='ltr'><strong>asellum</strong></span> <span class='ocrx_word' id='word_1_37' title='bbox 790 448 926 487; x_wconf 68' lang='lat' dir='ltr'><strong>diaria</strong></span> <span class='ocrx_word' id='word_1_38' title='bbox 953 463 1035 488; x_wconf 82' lang='lat' dir='ltr'><strong>non</strong></span> <span class='ocrx_word' id='word_1_39' title='bbox 1067 465 1194 495; x_wconf 75' lang='lat' dir='ltr'><strong>sumo.</strong></span> <span class='ocrx_word' id='word_1_40' title='bbox 1241 453 1382 493; x_wconf 78' lang='lat' dir='ltr'><strong>Servos</strong></span> <span class='ocrx_word' id='word_1_41' title='bbox 1405 454 1467 494; x_wconf 81' lang='lat' dir='ltr'><strong>vel</strong></span> <span class='ocrx_word' id='word_1_42' title='bbox 1501 456 1541 493; x_wconf 91' lang='lat' dir='ltr'><strong>in</strong></span> <span class='ocrx_word' id='word_1_43' title='bbox 1572 467 1723 494; x_wconf 82' lang='lat' dir='ltr'><strong>menses</strong></span> <span class='ocrx_word' id='word_1_44' title='bbox 1755 455 1816 493; x_wconf 78' lang='lat' dir='ltr'><strong>vel</strong></span> 
     </span>
    </p>
   </div>
   <div class='ocr_carea' id='block_1_3' title="bbox 298 506 1898 576">
    <p class='ocr_par' dir='ltr' id='par_1_3' title="bbox 298 506 1898 576">
     <span class='ocr_line' id='line_1_5' title="bbox 298 506 1898 576; baseline 0.003 -20"><span class='ocrx_word' id='word_1_45' title='bbox 298 518 338 556; x_wconf 89' lang='lat' dir='ltr'><strong>in</strong></span> <span class='ocrx_word' id='word_1_46' title='bbox 378 518 460 555; x_wconf 87' lang='lat' dir='ltr'><strong>dies</strong></span> <span class='ocrx_word' id='word_1_47' title='bbox 494 519 598 555; x_wconf 86' lang='lat' dir='ltr'><strong>certa</strong></span> <span class='ocrx_word' id='word_1_48' title='bbox 634 516 774 555; x_wconf 84' lang='lat' dir='ltr'><strong>cibaria</strong></span> <span class='ocrx_word' id='word_1_49' title='bbox 807 517 869 555; x_wconf 86' lang='lat' dir='ltr'><strong>vel</strong></span> <span class='ocrx_word' id='word_1_50' title='bbox 909 530 1018 556; x_wconf 86' lang='lat' dir='ltr'><strong>suum</strong></span> <span class='ocrx_word' id='word_1_51' title='bbox 1054 518 1243 558; x_wconf 75' lang='lat' dir='ltr'><strong>diurnum</strong></span> <span class='ocrx_word' id='word_1_52' title='bbox 1271 519 1425 572; x_wconf 79' lang='lat' dir='ltr'><strong>(Senec.</strong></span> <span class='ocrx_word' id='word_1_53' title='bbox 1453 522 1578 575; x_wconf 82' lang='lat' dir='ltr'><strong>Epist.</strong></span> <span class='ocrx_word' id='word_1_54' title='bbox 1605 522 1680 576; x_wconf 88' lang='lat'><strong>80)</strong></span> <span class='ocrx_word' id='word_1_55' title='bbox 1707 534 1820 561; x_wconf 83' lang='lat' dir='ltr'><strong>acce·-</strong></span> <span class='ocrx_word' id='word_1_56' title='bbox 1895 506 1898 507; x_wconf 25' lang='lat'><em>⁷</em></span> 
     </span>
    </p>
   </div>
   <div class='ocr_carea' id='block_1_4' title="bbox 298 584 1903 2005">
    <p class='ocr_par' dir='ltr' id='par_1_4' title="bbox 298 584 1903 2005">
     <span class='ocr_line' id='line_1_6' title="bbox 298 584 1818 643; baseline 0.004 -20"><span class='ocrx_word' id='word_1_57' title='bbox 298 586 401 636; x_wconf 88' lang='lat' dir='ltr'><strong>pisse</strong></span> <span class='ocrx_word' id='word_1_58' title='bbox 423 588 595 632; x_wconf 87' lang='lat' dir='ltr'><strong>constat;</strong></span> <span class='ocrx_word' id='word_1_59' title='bbox 624 585 710 624; x_wconf 86' lang='lat' dir='ltr'><strong>hinc</strong></span> <span class='ocrx_word' id='word_1_60' title='bbox 737 584 893 635; x_wconf 89' lang='lat' dir='ltr'><strong>Phocyl.</strong></span> <span class='ocrx_word' id='word_1_61' title='bbox 917 586 1011 626; x_wconf 87' lang='grc'><strong>211.</strong></span> <span class='ocrx_word' id='word_1_62' title='bbox 1039 589 1186 643; x_wconf 76' lang='grc' dir='ltr'><strong><em>Δοῦλῳ</em></strong></span> <span class='ocrx_word' id='word_1_63' title='bbox 1205 586 1328 628; x_wconf 67' lang='lat' dir='ltr'><strong>vaurd</strong></span> <span class='ocrx_word' id='word_1_64' title='bbox 1349 587 1498 641; x_wconf 79' lang='grc' dir='ltr'>νέμοις.</span> <span class='ocrx_word' id='word_1_65' title='bbox 1527 590 1612 629; x_wconf 79' lang='lat' dir='ltr'><strong>Juv.</strong></span> <span class='ocrx_word' id='word_1_66' title='bbox 1637 588 1704 641; x_wconf 87' lang='grc'><strong>14,</strong></span> <span class='ocrx_word' id='word_1_67' title='bbox 1725 592 1818 634; x_wconf 87' lang='lat'><strong>126.</strong></span> 
     </span>
     <span class='ocr_line' id='line_1_7' title="bbox 303 652 1818 708; baseline 0.003 -16"><span class='ocrx_word' id='word_1_68' title='bbox 303 654 515 692; x_wconf 74' lang='lat' dir='ltr'><strong>Servorum</strong></span> <span class='ocrx_word' id='word_1_69' title='bbox 539 660 693 693; x_wconf 73' lang='lat' dir='ltr'><strong>ventres</strong></span> <span class='ocrx_word' id='word_1_70' title='bbox 720 652 849 690; x_wconf 85' lang='lat' dir='ltr'><strong>modio</strong></span> <span class='ocrx_word' id='word_1_71' title='bbox 879 654 1052 705; x_wconf 73' lang='lat' dir='ltr'><strong>castigat</strong></span> <span class='ocrx_word' id='word_1_72' title='bbox 1079 655 1229 706; x_wconf 78' lang='lat' dir='ltr'><strong>iniquo.</strong></span> <span class='ocrx_word' id='word_1_73' title='bbox 1269 654 1378 708; x_wconf 70' lang='lat' dir='ltr'><strong>LipS.</strong></span> <span class='ocrx_word' id='word_1_74' title='bbox 1401 656 1521 696; x_wconf 61' lang='lat' dir='ltr'><strong>Elect-</strong></span> <span class='ocrx_word' id='word_1_75' title='bbox 1543 659 1583 708; x_wconf 90' lang='grc'><strong>1,</strong></span> <span class='ocrx_word' id='word_1_76' title='bbox 1609 659 1648 699; x_wconf 92' lang='grc'><strong>8.</strong></span> <span class='ocrx_word' id='word_1_77' title='bbox 1678 660 1719 708; x_wconf 86' lang='grc'><strong>2,</strong></span> <span class='ocrx_word' id='word_1_78' title='bbox 1751 658 1818 699; x_wconf 83' lang='grc'><strong>15.</strong></span> 
     </span>
     <span class='ocr_line' id='line_1_8' title="bbox 299 720 1819 776; baseline 0.003 -17"><span class='ocrx_word' id='word_1_79' title='bbox 299 721 431 760; x_wconf 89' lang='lat' dir='ltr'><strong>Stuck.</strong></span> <span class='ocrx_word' id='word_1_80' title='bbox 462 721 593 773; x_wconf 82' lang='lat' dir='ltr'><strong>Antiq.</strong></span> <span class='ocrx_word' id='word_1_81' title='bbox 628 721 786 760; x_wconf 85' lang='lat' dir='ltr'><strong>Conviv.</strong></span> <span class='ocrx_word' id='word_1_82' title='bbox 820 721 867 770; x_wconf 85' lang='lat'><strong>2,</strong></span> <span class='ocrx_word' id='word_1_83' title='bbox 896 722 936 761; x_wconf 84' lang='lat'><strong>8·</strong></span> <span class='ocrx_word' id='word_1_84' title='bbox 963 733 1002 772; x_wconf 77' lang='lat' dir='ltr'><strong>p-</strong></span> <span class='ocrx_word' id='word_1_85' title='bbox 1035 720 1128 763; x_wconf 85' lang='lat'>252-</span> <span class='ocrx_word' id='word_1_86' title='bbox 1162 722 1208 772; x_wconf 90' lang='lat'><strong>1,</strong></span> <span class='ocrx_word' id='word_1_87' title='bbox 1234 724 1302 765; x_wconf 86' lang='lat'><strong>22.</strong></span> <span class='ocrx_word' id='word_1_88' title='bbox 1330 735 1370 776; x_wconf 82' lang='lat' dir='ltr'><strong>p.</strong></span> <span class='ocrx_word' id='word_1_89' title='bbox 1399 726 1468 767; x_wconf 82' lang='grc'><strong>98.</strong></span> <span class='ocrx_word' id='word_1_90' title='bbox 1493 726 1630 767; x_wconf 81' lang='lat' dir='ltr'><strong>Heind.</strong></span> <span class='ocrx_word' id='word_1_91' title='bbox 1655 727 1704 764; x_wconf 84' lang='lat' dir='ltr'><strong>ad</strong></span> <span class='ocrx_word' id='word_1_92' title='bbox 1738 727 1819 764; x_wconf 83' lang='lat' dir='ltr'><strong>Sat.</strong></span> 
     </span>
     <span class='ocr_line' id='line_1_9' title="bbox 302 787 1822 844; baseline 0.003 -16"><span class='ocrx_word' id='word_1_93' title='bbox 302 792 343 840; x_wconf 83' lang='lat'><strong>1,</strong></span> <span class='ocrx_word' id='word_1_94' title='bbox 366 790 406 840; x_wconf 86' lang='grc'><strong>5,</strong></span> <span class='ocrx_word' id='word_1_95' title='bbox 436 790 503 831; x_wconf 90' lang='grc'><strong>68.</strong></span> <span class='ocrx_word' id='word_1_96' title='bbox 530 789 691 831; x_wconf 86' lang='lat' dir='ltr'><strong>Becker.</strong></span> <span class='ocrx_word' id='word_1_97' title='bbox 722 787 822 827; x_wconf 85' lang='lat' dir='ltr'><strong>Gall.</strong></span> <span class='ocrx_word' id='word_1_98' title='bbox 841 788 872 831; x_wconf 94' lang='lat' dir='ltr'><strong>I.</strong></span> <span class='ocrx_word' id='word_1_99' title='bbox 899 802 938 840; x_wconf 89' lang='lat' dir='ltr'><strong>p.</strong></span> <span class='ocrx_word' id='word_1_100' title='bbox 968 789 1072 836; x_wconf 89' lang='grc'>110;</span> <span class='ocrx_word' id='word_1_101' title='bbox 1101 788 1260 828; x_wconf 83' lang='lat' dir='ltr'><strong>urbana</strong></span> <span class='ocrx_word' id='word_1_102' title='bbox 1286 791 1479 844; x_wconf 84' lang='lat' dir='ltr'><strong>dicuntur,</strong></span> <span class='ocrx_word' id='word_1_103' title='bbox 1506 794 1594 844; x_wconf 89' lang='lat' dir='ltr'><strong>quia</strong></span> <span class='ocrx_word' id='word_1_104' title='bbox 1613 794 1733 832; x_wconf 82' lang='lat' dir='ltr'><strong>servis</strong></span> <span class='ocrx_word' id='word_1_105' title='bbox 1758 807 1822 832; x_wconf 82' lang='lat' dir='ltr'><strong>ur-</strong></span> 
     </span>
     <span class='ocr_line' id='line_1_10' title="bbox 300 858 1818 914; baseline 0.003 -18"><span class='ocrx_word' id='word_1_106' title='bbox 300 858 409 896; x_wconf 87' lang='lat' dir='ltr'>banis</span> <span class='ocrx_word' id='word_1_107' title='bbox 428 859 620 897; x_wconf 64' lang='lat' dir='ltr'><strong>‘tenuiora</strong></span> <span class='ocrx_word' id='word_1_108' title='bbox 657 869 769 909; x_wconf 88' lang='lat' dir='ltr'><strong>quam</strong></span> <span class='ocrx_word' id='word_1_109' title='bbox 805 858 955 896; x_wconf 80' lang='lat' dir='ltr'><strong>rusticis</strong></span> <span class='ocrx_word' id='word_1_110' title='bbox 987 858 1222 910; x_wconf 86' lang='lat' dir='ltr'><strong>contingunt.</strong></span> <span class='ocrx_word' id='word_1_111' title='bbox 1259 859 1372 898; x_wconf 87' lang='lat' dir='ltr'><strong>Conf.</strong></span> <span class='ocrx_word' id='word_1_112' title='bbox 1406 860 1582 900; x_wconf 86' lang='lat' dir='ltr'><strong>Oudend.</strong></span> <span class='ocrx_word' id='word_1_113' title='bbox 1619 862 1669 901; x_wconf 77' lang='lat' dir='ltr'><strong>ad</strong></span> <span class='ocrx_word' id='word_1_114' title='bbox 1705 861 1818 914; x_wconf 78' lang='lat' dir='ltr'><strong>Apul.</strong></span> 
     </span>
     <span class='ocr_line' id='line_1_11' title="bbox 299 924 1822 978; baseline 0.003 -14"><span class='ocrx_word' id='word_1_115' title='bbox 299 924 455 964; x_wconf 84' lang='lat' dir='ltr'><strong>Metam.</strong></span> <span class='ocrx_word' id='word_1_116' title='bbox 483 926 549 964; x_wconf 90' lang='lat' dir='ltr'><strong>IX.</strong></span> <span class='ocrx_word' id='word_1_117' title='bbox 586 940 625 978; x_wconf 89' lang='lat' dir='ltr'><strong>p.</strong></span> <span class='ocrx_word' id='word_1_118' title='bbox 655 925 750 968; x_wconf 87' lang='lat'><strong>625.</strong></span> <span class='ocrx_word' id='word_1_119' title='bbox 779 926 840 964; x_wconf 84' lang='lat' dir='ltr'><strong>ed.</strong></span> <span class='ocrx_word' id='word_1_120' title='bbox 867 925 994 976; x_wconf 86' lang='lat' dir='ltr'><strong>Lugd.</strong></span> <span class='ocrx_word' id='word_1_121' title='bbox 1035 925 1129 965; x_wconf 88' lang='lat' dir='ltr'><strong>Inde</strong></span> <span class='ocrx_word' id='word_1_122' title='bbox 1157 939 1193 968; x_wconf 83' lang='lat' dir='ltr'><strong>v,</strong></span> <span class='ocrx_word' id='word_1_123' title='bbox 1218 925 1286 968; x_wconf 85' lang='lat'><strong>41.</strong></span> <span class='ocrx_word' id='word_1_124' title='bbox 1315 927 1468 966; x_wconf 70' lang='lat' dir='ltr'><strong>invidet</strong></span> <span class='ocrx_word' id='word_1_125' title='bbox 1491 943 1608 967; x_wconf 68' lang='lat' dir='ltr'><strong>usum</strong></span> <span class='ocrx_word' id='word_1_126' title='bbox 1633 933 1728 978; x_wconf 87' lang='lat' dir='ltr'><strong>etc.;</strong></span> <span class='ocrx_word' id='word_1_127' title='bbox 1755 943 1822 968; x_wconf 82' lang='lat' dir='ltr'><strong>ro·-</strong></span> 
     </span>
     <span class='ocr_line' id='line_1_12' title="bbox 302 994 1822 1049; baseline 0.003 -17"><span class='ocrx_word' id='word_1_128' title='bbox 302 994 392 1032; x_wconf 76' lang='lat' dir='ltr'><strong>dere</strong></span> <span class='ocrx_word' id='word_1_129' title='bbox 413 995 528 1045; x_wconf 84' lang='lat' dir='ltr'><strong>igitur</strong></span> <span class='ocrx_word' id='word_1_130' title='bbox 552 998 613 1033; x_wconf 89' lang='lat' dir='ltr'><strong>est</strong></span> <span class='ocrx_word' id='word_1_131' title='bbox 646 995 809 1032; x_wconf 87' lang='lat' dir='ltr'><strong>tenuiter</strong></span> <span class='ocrx_word' id='word_1_132' title='bbox 824 995 860 1047; x_wconf 87' lang='lat'><strong>*)</strong></span> <span class='ocrx_word' id='word_1_133' title='bbox 895 995 1023 1033; x_wconf 88' lang='lat' dir='ltr'><strong>diariis</strong></span> <span class='ocrx_word' id='word_1_134' title='bbox 1051 996 1246 1046; x_wconf 82' lang='lat' dir='ltr'><strong>victitare,</strong></span> <span class='ocrx_word' id='word_1_135' title='bbox 1282 999 1326 1034; x_wconf 90' lang='lat' dir='ltr'><strong>ut</strong></span> <span class='ocrx_word' id='word_1_136' title='bbox 1355 1009 1400 1035; x_wconf 89' lang='lat' dir='ltr'><strong>ex</strong></span> <span class='ocrx_word' id='word_1_137' title='bbox 1437 997 1616 1036; x_wconf 81' lang='lat' dir='ltr'><strong>demenso</strong></span> <span class='ocrx_word' id='word_1_138' title='bbox 1643 997 1822 1049; x_wconf 82' lang='lat' dir='ltr'><strong>(Terent.</strong></span> 
     </span>
     <span class='ocr_line' id='line_1_13' title="bbox 302 1061 1827 1118; baseline 0.003 -17"><span class='ocrx_word' id='word_1_139' title='bbox 302 1061 455 1101; x_wconf 83' lang='lat' dir='ltr'><strong>Phorm.</strong></span> <span class='ocrx_word' id='word_1_140' title='bbox 481 1063 524 1113; x_wconf 89' lang='grc'><strong>1,</strong></span> <span class='ocrx_word' id='word_1_141' title='bbox 549 1063 589 1112; x_wconf 93' lang='grc'><strong>1,</strong></span> <span class='ocrx_word' id='word_1_142' title='bbox 618 1062 691 1112; x_wconf 89' lang='grc'>9.).</span> <span class='ocrx_word' id='word_1_143' title='bbox 729 1061 885 1100; x_wconf 91' lang='lat' dir='ltr'><strong>Lucian.</strong></span> <span class='ocrx_word' id='word_1_144' title='bbox 917 1063 1039 1114; x_wconf 86' lang='lat' dir='ltr'><strong>Epist.</strong></span> <span class='ocrx_word' id='word_1_145' title='bbox 1067 1064 1219 1102; x_wconf 88' lang='lat' dir='ltr'><strong>Saturn.</strong></span> <span class='ocrx_word' id='word_1_146' title='bbox 1251 1066 1318 1105; x_wconf 87' lang='lat'><strong>28.</strong></span> <span class='ocrx_word' id='word_1_147' title='bbox 1349 1063 1432 1116; x_wconf 80' lang='lat' dir='ltr'><strong>(IX.</strong></span> <span class='ocrx_word' id='word_1_148' title='bbox 1461 1078 1500 1116; x_wconf 91' lang='lat' dir='ltr'><strong>p.</strong></span> <span class='ocrx_word' id='word_1_149' title='bbox 1524 1064 1617 1118; x_wconf 86' lang='lat'><strong>32.)</strong></span> <span class='ocrx_word' id='word_1_150' title='bbox 1646 1063 1755 1118; x_wconf 75' lang='grc' dir='ltr'><strong>ὖμᾶς</strong></span> <span class='ocrx_word' id='word_1_151' title='bbox 1781 1063 1827 1106; x_wconf 80' lang='grc' dir='ltr'><strong>δὲ</strong></span> 
     </span>
     <span class='ocr_line' id='line_1_14' title="bbox 302 1125 1826 1190; baseline 0.001 -20"><span class='ocrx_word' id='word_1_152' title='bbox 302 1125 513 1185; x_wconf 75' lang='grc' dir='ltr'><em>κάρδαμον</em></span> <span class='ocrx_word' id='word_1_153' title='bbox 537 1125 567 1181; x_wconf 80' lang='grc' dir='ltr'><em>ἢ</em></span> <span class='ocrx_word' id='word_1_154' title='bbox 595 1126 733 1181; x_wconf 77' lang='grc' dir='ltr'><em>θύμον</em></span> <span class='ocrx_word' id='word_1_155' title='bbox 757 1126 787 1182; x_wconf 71' lang='grc' dir='ltr'><em>ἢ</em></span> <span class='ocrx_word' id='word_1_156' title='bbox 815 1128 1025 1184; x_wconf 83' lang='grc' dir='ltr'><strong><em>κρόμμυον</em></strong></span> <span class='ocrx_word' id='word_1_157' title='bbox 1053 1129 1342 1186; x_wconf 79' lang='grc' dir='ltr'><strong><em>ἐπιτροόγοντας</em></strong></span> <span class='ocrx_word' id='word_1_158' title='bbox 1368 1131 1412 1173; x_wconf 77' lang='grc' dir='ltr'><strong>ἓν</strong></span> <span class='ocrx_word' id='word_1_159' title='bbox 1439 1135 1490 1189; x_wconf 77' lang='grc' dir='ltr'><strong>τῇ</strong></span> <span class='ocrx_word' id='word_1_160' title='bbox 1518 1131 1648 1190; x_wconf 73' lang='grc' dir='ltr'>ἑορτῇ.</span> <span class='ocrx_word' id='word_1_161' title='bbox 1687 1133 1826 1172; x_wconf 76' lang='lat' dir='ltr'><strong>Parum</strong></span> 
     </span>
     <span class='ocr_line' id='line_1_15' title="bbox 305 1198 1827 1252; baseline 0.003 -15"><span class='ocrx_word' id='word_1_162' title='bbox 305 1198 588 1237; x_wconf 84' lang='lat' dir='ltr'><strong>accommodate</strong></span> <span class='ocrx_word' id='word_1_163' title='bbox 615 1198 854 1236; x_wconf 76' lang='lat' dir='ltr'><strong>Hoeheder:</strong></span> <span class='ocrx_word' id='word_1_164' title='bbox 884 1199 1151 1250; x_wconf 80' lang='lat' dir='ltr'><strong>„durissimum</strong></span> <span class='ocrx_word' id='word_1_165' title='bbox 1185 1212 1327 1251; x_wconf 88' lang='lat' dir='ltr'><strong>panem</strong></span> <span class='ocrx_word' id='word_1_166' title='bbox 1354 1199 1527 1239; x_wconf 85' lang='lat' dir='ltr'><strong>dentibus</strong></span> <span class='ocrx_word' id='word_1_167' title='bbox 1553 1201 1760 1252; x_wconf 81' lang='lat' dir='ltr'><strong>frangere“</strong></span> <span class='ocrx_word' id='word_1_168' title='bbox 1787 1207 1827 1242; x_wconf 83' lang='lat' dir='ltr'><strong>et</strong></span> 
     </span>
     <span class='ocr_line' id='line_1_16' title="bbox 314 1265 1828 1320; baseline 0.003 -16"><span class='ocrx_word' id='word_1_169' title='bbox 314 1265 511 1304; x_wconf 77' lang='lat' dir='ltr'><strong>Orellius:</strong></span> <span class='ocrx_word' id='word_1_170' title='bbox 539 1266 678 1315; x_wconf 88' lang='lat' dir='ltr'><strong>„avide</strong></span> <span class='ocrx_word' id='word_1_171' title='bbox 700 1267 972 1308; x_wconf 83' lang='lat' dir='ltr'><strong>manducare.“</strong></span> <span class='ocrx_word' id='word_1_172' title='bbox 1002 1289 1050 1294; x_wconf 97' lang='lat'><strong>—</strong></span> <span class='ocrx_word' id='word_1_173' title='bbox 1084 1266 1128 1307; x_wconf 83' lang='lat' dir='ltr'><strong>V.</strong></span> <span class='ocrx_word' id='word_1_174' title='bbox 1151 1266 1219 1308; x_wconf 86' lang='lat'><strong>41.</strong></span> <span class='ocrx_word' id='word_1_175' title='bbox 1257 1274 1347 1305; x_wconf 75' lang='lat' dir='ltr'><strong>voto</strong></span> <span class='ocrx_word' id='word_1_176' title='bbox 1373 1269 1479 1316; x_wconf 77' lang='lat' dir='ltr'><strong>ruis,</strong></span> <span class='ocrx_word' id='word_1_177' title='bbox 1511 1281 1587 1319; x_wconf 76' lang='lat' dir='ltr'><strong>qua</strong></span> <span class='ocrx_word' id='word_1_178' title='bbox 1611 1270 1762 1320; x_wconf 90' lang='lat' dir='ltr'><strong>quidem</strong></span> <span class='ocrx_word' id='word_1_179' title='bbox 1785 1283 1828 1309; x_wconf 84' lang='lat' dir='ltr'><strong>re</strong></span> 
     </span>
     <span class='ocr_line' id='line_1_17' title="bbox 307 1333 1828 1387; baseline 0.003 -15"><span class='ocrx_word' id='word_1_180' title='bbox 307 1333 571 1372; x_wconf 87' lang='lat' dir='ltr'><strong>calidissimum</strong></span> <span class='ocrx_word' id='word_1_181' title='bbox 600 1333 800 1373; x_wconf 90' lang='lat' dir='ltr'><strong>consilium</strong></span> <span class='ocrx_word' id='word_1_182' title='bbox 827 1335 1082 1386; x_wconf 84' lang='lat' dir='ltr'><strong>significatur,</strong></span> <span class='ocrx_word' id='word_1_183' title='bbox 1119 1339 1162 1373; x_wconf 91' lang='lat' dir='ltr'><strong>ut</strong></span> <span class='ocrx_word' id='word_1_184' title='bbox 1190 1348 1306 1387; x_wconf 88' lang='lat' dir='ltr'><strong>supra</strong></span> <span class='ocrx_word' id='word_1_185' title='bbox 1335 1348 1370 1373; x_wconf 86' lang='lat' dir='ltr'><strong>v.</strong></span> <span class='ocrx_word' id='word_1_186' title='bbox 1395 1337 1461 1377; x_wconf 83' lang='lat'><strong>22.</strong></span> <span class='ocrx_word' id='word_1_187' title='bbox 1490 1335 1698 1375; x_wconf 78' lang='lat' dir='ltr'><strong>Ineutiunt</strong></span> <span class='ocrx_word' id='word_1_188' title='bbox 1723 1338 1828 1377; x_wconf 72' lang='lat' dir='ltr'><strong>desi-</strong></span> 
     </span>
     <span class='ocr_line' id='line_1_18' title="bbox 306 1400 1829 1456; baseline 0.003 -16"><span class='ocrx_word' id='word_1_189' title='bbox 306 1401 473 1443; x_wconf 79' lang='lat' dir='ltr'><strong>derium.</strong></span> <span class='ocrx_word' id='word_1_190' title='bbox 520 1400 679 1442; x_wconf 87' lang='lat' dir='ltr'><strong>Terent.</strong></span> <span class='ocrx_word' id='word_1_191' title='bbox 709 1402 846 1443; x_wconf 81' lang='lat' dir='ltr'><strong>Heaut.</strong></span> <span class='ocrx_word' id='word_1_192' title='bbox 876 1405 921 1451; x_wconf 84' lang='lat'><strong>2,</strong></span> <span class='ocrx_word' id='word_1_193' title='bbox 949 1403 1000 1454; x_wconf 85' lang='lat'><strong>3,</strong></span> <span class='ocrx_word' id='word_1_194' title='bbox 1029 1403 1124 1445; x_wconf 87' lang='grc'>128.</span> <span class='ocrx_word' id='word_1_195' title='bbox 1174 1403 1276 1442; x_wconf 83' lang='lat' dir='ltr'><strong>Vide</strong></span> <span class='ocrx_word' id='word_1_196' title='bbox 1308 1404 1364 1441; x_wconf 71' lang='lat' dir='ltr'><strong>sie</strong></span> <span class='ocrx_word' id='word_1_197' title='bbox 1390 1415 1442 1441; x_wconf 77' lang='lat' dir='ltr'><strong>ne</strong></span> <span class='ocrx_word' id='word_1_198' title='bbox 1469 1404 1570 1456; x_wconf 82' lang='lat' dir='ltr'><strong>quid</strong></span> <span class='ocrx_word' id='word_1_199' title='bbox 1599 1405 1829 1456; x_wconf 68' lang='lat' dir='ltr'><strong>imprudens</strong></span> 
     </span>
     <span class='ocr_line' id='line_1_19' title="bbox 306 1469 1830 1526; baseline 0.003 -17"><span class='ocrx_word' id='word_1_200' title='bbox 306 1486 414 1511; x_wconf 78' lang='lat' dir='ltr'><strong>ruas.</strong></span> <span class='ocrx_word' id='word_1_201' title='bbox 450 1471 544 1511; x_wconf 90' lang='lat' dir='ltr'><strong>Tac.</strong></span> <span class='ocrx_word' id='word_1_202' title='bbox 573 1469 670 1509; x_wconf 83' lang='lat' dir='ltr'><strong>Ann.</strong></span> <span class='ocrx_word' id='word_1_203' title='bbox 700 1471 749 1521; x_wconf 83' lang='lat'><strong>1,</strong></span> <span class='ocrx_word' id='word_1_204' title='bbox 778 1472 806 1512; x_wconf 89' lang='lat'>7</span> <span class='ocrx_word' id='word_1_205' title='bbox 812 1499 822 1509; x_wconf 91' lang='lat'><strong>.</strong></span> <span class='ocrx_word' id='word_1_206' title='bbox 860 1484 973 1510; x_wconf 82' lang='lat' dir='ltr'><strong>ruere</strong></span> <span class='ocrx_word' id='word_1_207' title='bbox 1000 1473 1045 1510; x_wconf 80' lang='lat' dir='ltr'><strong>in</strong></span> <span class='ocrx_word' id='word_1_208' title='bbox 1072 1473 1274 1511; x_wconf 72' lang='lat' dir='ltr'><strong>servitium</strong></span> <span class='ocrx_word' id='word_1_209' title='bbox 1303 1471 1491 1510; x_wconf 62' lang='lat' dir='ltr'><strong>conculca.</strong></span> <span class='ocrx_word' id='word_1_210' title='bbox 1529 1473 1642 1515; x_wconf 83' lang='lat' dir='ltr'><strong>ovid.</strong></span> <span class='ocrx_word' id='word_1_211' title='bbox 1669 1473 1762 1513; x_wconf 77' lang='lat' dir='ltr'><strong>Met.</strong></span> <span class='ocrx_word' id='word_1_212' title='bbox 1787 1475 1830 1526; x_wconf 79' lang='lat'><strong>6,</strong></span> 
     </span>
     <span class='ocr_line' id='line_1_20' title="bbox 309 1538 1831 1592; baseline 0.001 -11"><span class='ocrx_word' id='word_1_213' title='bbox 309 1541 381 1583; x_wconf 84' lang='lat'><strong>50.</strong></span> <span class='ocrx_word' id='word_1_214' title='bbox 407 1540 563 1579; x_wconf 88' lang='lat' dir='ltr'><strong>Ernest.</strong></span> <span class='ocrx_word' id='word_1_215' title='bbox 589 1538 694 1578; x_wconf 85' lang='lat' dir='ltr'><strong>Clav.</strong></span> <span class='ocrx_word' id='word_1_216' title='bbox 722 1539 805 1578; x_wconf 87' lang='lat' dir='ltr'><strong>Cic.</strong></span> <span class='ocrx_word' id='word_1_217' title='bbox 836 1552 870 1579; x_wconf 77' lang='lat' dir='ltr'><strong>s.</strong></span> <span class='ocrx_word' id='word_1_218' title='bbox 901 1554 940 1579; x_wconf 88' lang='lat' dir='ltr'><strong>v.</strong></span> <span class='ocrx_word' id='word_1_219' title='bbox 983 1538 1044 1579; x_wconf 91' lang='lat' dir='ltr'><strong>De</strong></span> <span class='ocrx_word' id='word_1_220' title='bbox 1080 1543 1280 1592; x_wconf 84' lang='lat' dir='ltr'><strong>poetarum</strong></span> <span class='ocrx_word' id='word_1_221' title='bbox 1306 1553 1378 1579; x_wconf 81' lang='lat' dir='ltr'><strong>usu</strong></span> <span class='ocrx_word' id='word_1_222' title='bbox 1405 1552 1445 1580; x_wconf 77' lang='lat' dir='ltr'><strong>v·</strong></span> <span class='ocrx_word' id='word_1_223' title='bbox 1471 1548 1608 1580; x_wconf 67' lang='lat' dir='ltr'><strong>vonam</strong></span> <span class='ocrx_word' id='word_1_224' title='bbox 1634 1542 1684 1581; x_wconf 83' lang='lat' dir='ltr'><strong>cf.</strong></span> <span class='ocrx_word' id='word_1_225' title='bbox 1710 1541 1831 1582; x_wconf 83' lang='lat' dir='ltr'><strong>Orell.</strong></span> 
     </span>
     <span class='ocr_line' id='line_1_21' title="bbox 310 1608 1833 1663; baseline -0.001 -12"><span class='ocrx_word' id='word_1_226' title='bbox 310 1616 350 1651; x_wconf 87' lang='lat' dir='ltr'><strong>et</strong></span> <span class='ocrx_word' id='word_1_227' title='bbox 373 1610 538 1650; x_wconf 87' lang='lat' dir='ltr'><strong>Dillenb.</strong></span> <span class='ocrx_word' id='word_1_228' title='bbox 565 1610 616 1648; x_wconf 87' lang='lat' dir='ltr'><strong>ad</strong></span> <span class='ocrx_word' id='word_1_229' title='bbox 643 1608 730 1646; x_wconf 85' lang='lat' dir='ltr'><strong>Sat.</strong></span> <span class='ocrx_word' id='word_1_230' title='bbox 752 1608 793 1657; x_wconf 88' lang='grc'>2,</span> <span class='ocrx_word' id='word_1_231' title='bbox 813 1609 854 1659; x_wconf 89' lang='grc'>6,</span> <span class='ocrx_word' id='word_1_232' title='bbox 877 1608 916 1650; x_wconf 90' lang='grc'>1.</span> <span class='ocrx_word' id='word_1_233' title='bbox 933 1631 992 1639; x_wconf 90' lang='grc'>-</span> <span class='ocrx_word' id='word_1_234' title='bbox 1011 1609 1173 1648; x_wconf 73' lang='lat' dir='ltr'><strong>Invidet</strong></span> <span class='ocrx_word' id='word_1_235' title='bbox 1197 1621 1326 1647; x_wconf 71' lang='lat' dir='ltr'><strong>usum.</strong></span> <span class='ocrx_word' id='word_1_236' title='bbox 1368 1608 1496 1648; x_wconf 85' lang='lat' dir='ltr'><strong>Schol.</strong></span> <span class='ocrx_word' id='word_1_237' title='bbox 1525 1610 1659 1662; x_wconf 85' lang='lat' dir='ltr'><strong>Crnq.:</strong></span> <span class='ocrx_word' id='word_1_238' title='bbox 1689 1623 1833 1663; x_wconf 74' lang='lat' dir='ltr'><strong>„quum</strong></span> 
     </span>
     <span class='ocr_line' id='line_1_22' title="bbox 309 1671 1903 1732; baseline -0.001 -12"><span class='ocrx_word' id='word_1_239' title='bbox 309 1682 414 1720; x_wconf 88' lang='lat' dir='ltr'><strong>videt</strong></span> <span class='ocrx_word' id='word_1_240' title='bbox 439 1684 479 1719; x_wconf 89' lang='lat' dir='ltr'><strong>te</strong></span> <span class='ocrx_word' id='word_1_241' title='bbox 507 1679 620 1730; x_wconf 83' lang='lat' dir='ltr'><strong>lignis</strong></span> <span class='ocrx_word' id='word_1_242' title='bbox 646 1681 686 1715; x_wconf 87' lang='lat' dir='ltr'><strong>et</strong></span> <span class='ocrx_word' id='word_1_243' title='bbox 713 1676 876 1716; x_wconf 86' lang='lat' dir='ltr'><strong>oleribus</strong></span> <span class='ocrx_word' id='word_1_244' title='bbox 905 1678 1100 1717; x_wconf 87' lang='lat' dir='ltr'><strong>abundare</strong></span> <span class='ocrx_word' id='word_1_245' title='bbox 1129 1681 1168 1716; x_wconf 91' lang='lat' dir='ltr'><strong>et</strong></span> <span class='ocrx_word' id='word_1_246' title='bbox 1194 1676 1322 1716; x_wconf 86' lang='lat' dir='ltr'><strong>lacte“</strong></span> <span class='ocrx_word' id='word_1_247' title='bbox 1350 1677 1465 1728; x_wconf 86' lang='lat' dir='ltr'><strong>(adde</strong></span> <span class='ocrx_word' id='word_1_248' title='bbox 1483 1683 1521 1714; x_wconf 75' lang='lat' dir='ltr'><strong>et</strong></span> <span class='ocrx_word' id='word_1_249' title='bbox 1536 1677 1698 1732; x_wconf 57' lang='lat' dir='ltr'><strong>omna).</strong></span> <span class='ocrx_word' id='word_1_250' title='bbox 1731 1680 1834 1720; x_wconf 76' lang='lat' dir='ltr'><strong>Nam</strong></span> <span class='ocrx_word' id='word_1_251' title='bbox 1894 1671 1903 1675; x_wconf 31' lang='lat'>⁸</span> 
     </span>
     <span class='ocr_line' id='line_1_23' title="bbox 312 1745 1882 1801; baseline 0 -14"><span class='ocrx_word' id='word_1_252' title='bbox 312 1750 360 1788; x_wconf 88' lang='lat' dir='ltr'><strong>de</strong></span> <span class='ocrx_word' id='word_1_253' title='bbox 388 1762 485 1801; x_wconf 91' lang='lat' dir='ltr'><strong>equo</strong></span> <span class='ocrx_word' id='word_1_254' title='bbox 515 1747 576 1786; x_wconf 89' lang='lat' dir='ltr'><strong>hic</strong></span> <span class='ocrx_word' id='word_1_255' title='bbox 603 1746 691 1797; x_wconf 83' lang='lat' dir='ltr'><strong>agi,</strong></span> <span class='ocrx_word' id='word_1_256' title='bbox 728 1759 803 1797; x_wconf 92' lang='lat' dir='ltr'><strong>quo</strong></span> <span class='ocrx_word' id='word_1_257' title='bbox 831 1745 979 1785; x_wconf 85' lang='lat' dir='ltr'><strong>villicus</strong></span> <span class='ocrx_word' id='word_1_258' title='bbox 1007 1749 1140 1784; x_wconf 78' lang='lat' dir='ltr'><strong>vectus</strong></span> <span class='ocrx_word' id='word_1_259' title='bbox 1168 1746 1239 1794; x_wconf 85' lang='lat' dir='ltr'><strong>sit,</strong></span> <span class='ocrx_word' id='word_1_260' title='bbox 1274 1757 1476 1797; x_wconf 85' lang='lat' dir='ltr'><strong>perperam</strong></span> <span class='ocrx_word' id='word_1_261' title='bbox 1500 1747 1676 1799; x_wconf 79' lang='lat' dir='ltr'><strong>opinatur</strong></span> <span class='ocrx_word' id='word_1_262' title='bbox 1701 1748 1835 1786; x_wconf 71' lang='lat' dir='ltr'><strong>Daco-</strong></span> <span class='ocrx_word' id='word_1_263' title='bbox 1876 1777 1882 1787; x_wconf 76' lang='grc'><strong><em>,</em></strong></span> 
     </span>
     <span class='ocr_line' id='line_1_24' title="bbox 312 1813 1836 1867; baseline -0.001 -12"><span class='ocrx_word' id='word_1_264' title='bbox 312 1819 410 1855; x_wconf 74' lang='lat' dir='ltr'><strong>rius.</strong></span> <span class='ocrx_word' id='word_1_265' title='bbox 451 1816 551 1855; x_wconf 88' lang='lat' dir='ltr'><strong>Mire</strong></span> <span class='ocrx_word' id='word_1_266' title='bbox 586 1814 809 1865; x_wconf 74' lang='lat' dir='ltr'><strong>Cruquius:</strong></span> <span class='ocrx_word' id='word_1_267' title='bbox 833 1814 940 1864; x_wconf 83' lang='lat' dir='ltr'><strong>„hoc</strong></span> <span class='ocrx_word' id='word_1_268' title='bbox 962 1814 1030 1852; x_wconf 90' lang='lat' dir='ltr'><strong>tibi</strong></span> <span class='ocrx_word' id='word_1_269' title='bbox 1053 1814 1189 1853; x_wconf 86' lang='lat' dir='ltr'><strong>suadet</strong></span> <span class='ocrx_word' id='word_1_270' title='bbox 1211 1813 1292 1852; x_wconf 76' lang='lat' dir='ltr'><strong>calo</strong></span> <span class='ocrx_word' id='word_1_271' title='bbox 1311 1813 1542 1866; x_wconf 81' lang='lat' dir='ltr'><strong>versipellis,</strong></span> <span class='ocrx_word' id='word_1_272' title='bbox 1567 1815 1765 1867; x_wconf 80' lang='lat' dir='ltr'><strong>nimirum,</strong></span> <span class='ocrx_word' id='word_1_273' title='bbox 1791 1818 1836 1854; x_wconf 77' lang='lat' dir='ltr'><strong>ut</strong></span> 
     </span>
     <span class='ocr_line' id='line_1_25' title="bbox 312 1880 1834 1932; baseline -0.003 -7"><span class='ocrx_word' id='word_1_274' title='bbox 312 1887 349 1925; x_wconf 89' lang='lat' dir='ltr'><strong>in</strong></span> <span class='ocrx_word' id='word_1_275' title='bbox 377 1884 471 1923; x_wconf 87' lang='lat' dir='ltr'><strong>urbe</strong></span> <span class='ocrx_word' id='word_1_276' title='bbox 496 1884 621 1921; x_wconf 88' lang='lat' dir='ltr'><strong>vivere</strong></span> <span class='ocrx_word' id='word_1_277' title='bbox 649 1880 757 1919; x_wconf 88' lang='lat' dir='ltr'><strong>malis</strong></span> <span class='ocrx_word' id='word_1_278' title='bbox 786 1893 900 1931; x_wconf 81' lang='lat' dir='ltr'><strong>quam</strong></span> <span class='ocrx_word' id='word_1_279' title='bbox 926 1882 1015 1921; x_wconf 86' lang='lat' dir='ltr'><strong>ruri.</strong></span> <span class='ocrx_word' id='word_1_280' title='bbox 1044 1882 1146 1932; x_wconf 91' lang='lat' dir='ltr'><strong>quod</strong></span> <span class='ocrx_word' id='word_1_281' title='bbox 1175 1882 1208 1919; x_wconf 86' lang='lat' dir='ltr'><strong>is</strong></span> <span class='ocrx_word' id='word_1_282' title='bbox 1235 1882 1400 1921; x_wconf 76' lang='lat' dir='ltr'><strong>invideat</strong></span> <span class='ocrx_word' id='word_1_283' title='bbox 1426 1886 1515 1922; x_wconf 80' lang='lat' dir='ltr'><strong>tuae</strong></span> <span class='ocrx_word' id='word_1_284' title='bbox 1542 1883 1744 1923; x_wconf 79' lang='lat' dir='ltr'><strong>felicitati“</strong></span> <span class='ocrx_word' id='word_1_285' title='bbox 1761 1888 1834 1923; x_wconf 78' lang='lat' dir='ltr'><strong>etc.</strong></span> 
     </span>
     <span class='ocr_line' id='line_1_26' title="bbox 313 1948 1834 2005; baseline 0.002 -14"><span class='ocrx_word' id='word_1_286' title='bbox 313 1953 374 1993; x_wconf 84' lang='lat' dir='ltr'><strong>Ad</strong></span> <span class='ocrx_word' id='word_1_287' title='bbox 409 1948 638 1990; x_wconf 80' lang='lat' dir='ltr'><strong>Hoclzederi</strong></span> <span class='ocrx_word' id='word_1_288' title='bbox 669 1950 1011 2000; x_wconf 86' lang='lat' dir='ltr'><strong>percontationem:</strong></span> <span class='ocrx_word' id='word_1_289' title='bbox 1056 1950 1210 2000; x_wconf 85' lang='lat' dir='ltr'><strong>„Hatte</strong></span> <span class='ocrx_word' id='word_1_290' title='bbox 1251 1950 1321 1989; x_wconf 84' lang='lat' dir='ltr'><strong>der</strong></span> <span class='ocrx_word' id='word_1_291' title='bbox 1351 1949 1496 1988; x_wconf 78' lang='lat' dir='ltr'><strong>villicus</strong></span> <span class='ocrx_word' id='word_1_292' title='bbox 1527 1951 1834 2005; x_wconf 75' lang='lat' dir='ltr'><strong>Naturalbeziige</strong></span> 
     </span>
    </p>
   </div>
   <div class='ocr_carea' id='block_1_5' title="bbox 314 2017 1900 2071">
    <p class='ocr_par' dir='ltr' id='par_1_5' title="bbox 314 2017 1900 2071">
     <span class='ocr_line' id='line_1_27' title="bbox 314 2017 1900 2071; baseline -0.001 -9"><span class='ocrx_word' id='word_1_293' title='bbox 314 2035 365 2062; x_wconf 84' lang='lat' dir='ltr'><strong>an</strong></span> <span class='ocrx_word' id='word_1_294' title='bbox 392 2020 514 2071; x_wconf 82' lang='lat' dir='ltr'><strong>Holz,</strong></span> <span class='ocrx_word' id='word_1_295' title='bbox 551 2018 687 2057; x_wconf 87' lang='lat' dir='ltr'><strong>Butter</strong></span> <span class='ocrx_word' id='word_1_296' title='bbox 715 2017 792 2054; x_wconf 88' lang='lat' dir='ltr'><strong>und</strong></span> <span class='ocrx_word' id='word_1_297' title='bbox 823 2017 1042 2059; x_wconf 74' lang='lat' dir='ltr'><strong>Gemiisen3</strong></span> <span class='ocrx_word' id='word_1_298' title='bbox 1079 2017 1159 2055; x_wconf 83' lang='lat' dir='ltr'><strong>Aus</strong></span> <span class='ocrx_word' id='word_1_299' title='bbox 1193 2018 1318 2057; x_wconf 81' lang='lat' dir='ltr'><strong>dieser</strong></span> <span class='ocrx_word' id='word_1_300' title='bbox 1350 2019 1471 2057; x_wconf 87' lang='lat' dir='ltr'><strong>Stelle</strong></span> <span class='ocrx_word' id='word_1_301' title='bbox 1498 2018 1610 2058; x_wconf 83' lang='lat' dir='ltr'><strong>sollte</strong></span> <span class='ocrx_word' id='word_1_302' title='bbox 1637 2033 1726 2061; x_wconf 73' lang='lat' dir='ltr'><strong>man</strong></span> <span class='ocrx_word' id='word_1_303' title='bbox 1753 2022 1836 2061; x_wconf 65' lang='lat' dir='ltr'><strong>dies</strong></span> <span class='ocrx_word' id='word_1_304' title='bbox 1894 2036 1900 2043; x_wconf 84' lang='lat'><strong>·</strong></span> 
     </span>
    </p>
   </div>
   <div class='ocr_carea' id='block_1_6' title="bbox 316 2085 1837 2209">
    <p class='ocr_par' dir='ltr' id='par_1_6' title="bbox 316 2085 1837 2209">
     <span class='ocr_line' id='line_1_28' title="bbox 316 2085 1837 2136; baseline 0.001 -9"><span class='ocrx_word' id='word_1_305' title='bbox 316 2086 553 2128; x_wconf 77' lang='lat' dir='ltr'><strong>schliessen“</strong></span> <span class='ocrx_word' id='word_1_306' title='bbox 571 2108 628 2115; x_wconf 91' lang='lat'>—</span> <span class='ocrx_word' id='word_1_307' title='bbox 647 2085 821 2136; x_wconf 86' lang='lat' dir='ltr'><strong>equidem</strong></span> <span class='ocrx_word' id='word_1_308' title='bbox 848 2085 1133 2136; x_wconf 83' lang='lat' dir='ltr'><strong>responderim,</strong></span> <span class='ocrx_word' id='word_1_309' title='bbox 1160 2098 1239 2123; x_wconf 92' lang='lat' dir='ltr'><strong>non</strong></span> <span class='ocrx_word' id='word_1_310' title='bbox 1261 2089 1339 2124; x_wconf 89' lang='lat' dir='ltr'><strong>tam</strong></span> <span class='ocrx_word' id='word_1_311' title='bbox 1362 2086 1402 2124; x_wconf 92' lang='lat' dir='ltr'><strong>id</strong></span> <span class='ocrx_word' id='word_1_312' title='bbox 1426 2098 1471 2126; x_wconf 86' lang='lat' dir='ltr'><strong>ex</strong></span> <span class='ocrx_word' id='word_1_313' title='bbox 1495 2087 1568 2126; x_wconf 79' lang='lat' dir='ltr'><strong>illis</strong></span> <span class='ocrx_word' id='word_1_314' title='bbox 1587 2089 1712 2127; x_wconf 80' lang='lat' dir='ltr'><strong>verbis</strong></span> <span class='ocrx_word' id='word_1_315' title='bbox 1736 2087 1837 2128; x_wconf 79' lang='lat' dir='ltr'><strong>effici</strong></span> 
     </span>
     <span class='ocr_line' id='line_1_29' title="bbox 317 2151 1837 2209; baseline -0.001 -13"><span class='ocrx_word' id='word_1_316' title='bbox 317 2170 429 2209; x_wconf 86' lang='lat' dir='ltr'><strong>quam</strong></span> <span class='ocrx_word' id='word_1_317' title='bbox 460 2155 661 2206; x_wconf 77' lang='lat' dir='ltr'><strong>largiorem</strong></span> <span class='ocrx_word' id='word_1_318' title='bbox 697 2157 737 2191; x_wconf 92' lang='lat' dir='ltr'><strong>et</strong></span> <span class='ocrx_word' id='word_1_319' title='bbox 772 2153 976 2191; x_wconf 84' lang='lat' dir='ltr'><strong>faciliorem</strong></span> <span class='ocrx_word' id='word_1_320' title='bbox 1010 2152 1098 2203; x_wconf 85' lang='lat' dir='ltr'><strong>(nisi</strong></span> <span class='ocrx_word' id='word_1_321' title='bbox 1131 2156 1191 2191; x_wconf 90' lang='lat' dir='ltr'><strong>est</strong></span> <span class='ocrx_word' id='word_1_322' title='bbox 1226 2151 1398 2205; x_wconf 90' lang='lat' dir='ltr'><strong>liberum)</strong></span> <span class='ocrx_word' id='word_1_323' title='bbox 1435 2154 1561 2192; x_wconf 86' lang='lat' dir='ltr'><strong>talium</strong></span> <span class='ocrx_word' id='word_1_324' title='bbox 1588 2167 1712 2195; x_wconf 85' lang='lat' dir='ltr'><strong>rerum</strong></span> <span class='ocrx_word' id='word_1_325' title='bbox 1739 2169 1837 2208; x_wconf 86' lang='lat' dir='ltr'><strong>quae</strong></span> 
     </span>
    </p>
   </div>
   <div class='ocr_carea' id='block_1_7' title="bbox 317 2220 1841 2482">
    <p class='ocr_par' dir='ltr' id='par_1_7' title="bbox 317 2220 1841 2482">
     <span class='ocr_line' id='line_1_30' title="bbox 317 2220 1838 2276; baseline -0.002 -12"><span class='ocrx_word' id='word_1_326' title='bbox 317 2226 440 2265; x_wconf 88' lang='lat' dir='ltr'><strong>villico</strong></span> <span class='ocrx_word' id='word_1_327' title='bbox 471 2224 694 2274; x_wconf 86' lang='lat' dir='ltr'><strong>contingant</strong></span> <span class='ocrx_word' id='word_1_328' title='bbox 719 2234 840 2260; x_wconf 88' lang='lat' dir='ltr'><strong>usum.</strong></span> <span class='ocrx_word' id='word_1_329' title='bbox 885 2220 1002 2264; x_wconf 87' lang='lat' dir='ltr'><strong>Quod</strong></span> <span class='ocrx_word' id='word_1_330' title='bbox 1036 2233 1150 2271; x_wconf 91' lang='lat' dir='ltr'><strong>quum</strong></span> <span class='ocrx_word' id='word_1_331' title='bbox 1177 2220 1273 2259; x_wconf 88' lang='lat' dir='ltr'><strong>bene</strong></span> <span class='ocrx_word' id='word_1_332' title='bbox 1303 2222 1541 2272; x_wconf 89' lang='lat' dir='ltr'><strong>perspexerit</strong></span> <span class='ocrx_word' id='word_1_333' title='bbox 1571 2223 1686 2270; x_wconf 77' lang='lat' dir='ltr'><strong>calo,</strong></span> <span class='ocrx_word' id='word_1_334' title='bbox 1711 2236 1838 2276; x_wconf 78' lang='lat' dir='ltr'><strong>argu-</strong></span> 
     </span>
     <span class='ocr_line' id='line_1_31' title="bbox 320 2286 1839 2343; baseline -0.001 -11"><span class='ocrx_word' id='word_1_335' title='bbox 320 2302 384 2332; x_wconf 72' lang='lat' dir='ltr'><strong>tus</strong></span> <span class='ocrx_word' id='word_1_336' title='bbox 411 2294 547 2332; x_wconf 85' lang='lat' dir='ltr'><strong>dicitur</strong></span> <span class='ocrx_word' id='word_1_337' title='bbox 574 2305 649 2330; x_wconf 91' lang='lat' dir='ltr'><strong>non</strong></span> <span class='ocrx_word' id='word_1_338' title='bbox 662 2319 675 2343; x_wconf 91' lang='lat'>‚</span> <span class='ocrx_word' id='word_1_339' title='bbox 704 2291 760 2328; x_wconf 85' lang='lat' dir='ltr'><strong>uti</strong></span> <span class='ocrx_word' id='word_1_340' title='bbox 793 2287 966 2327; x_wconf 68' lang='lat' dir='ltr'><strong>orelam</strong></span> <span class='ocrx_word' id='word_1_341' title='bbox 993 2286 1179 2338; x_wconf 83' lang='lat' dir='ltr'><strong>explicat,</strong></span> <span class='ocrx_word' id='word_1_342' title='bbox 1207 2289 1310 2338; x_wconf 89' lang='lat' dir='ltr'><strong>quod</strong></span> <span class='ocrx_word' id='word_1_343' title='bbox 1338 2289 1497 2339; x_wconf 80' lang='lat' dir='ltr'><strong>„herum</strong></span> <span class='ocrx_word' id='word_1_344' title='bbox 1520 2290 1708 2330; x_wconf 86' lang='lat' dir='ltr'><strong>interdum</strong></span> <span class='ocrx_word' id='word_1_345' title='bbox 1726 2293 1839 2331; x_wconf 88' lang='lat' dir='ltr'><strong>dece-</strong></span> 
     </span>
     <span class='ocr_line' id='line_1_32' title="bbox 317 2354 1841 2415; baseline -0.001 -14"><span class='ocrx_word' id='word_1_346' title='bbox 317 2363 418 2415; x_wconf 76' lang='lat' dir='ltr'><strong>perit</strong></span> <span class='ocrx_word' id='word_1_347' title='bbox 448 2365 487 2400; x_wconf 89' lang='lat' dir='ltr'><strong>et</strong></span> <span class='ocrx_word' id='word_1_348' title='bbox 512 2358 795 2399; x_wconf 82' lang='lat' dir='ltr'><strong>defraudarit.“</strong></span> <span class='ocrx_word' id='word_1_349' title='bbox 835 2356 1014 2395; x_wconf 88' lang='lat' dir='ltr'><strong>Ceterum</strong></span> <span class='ocrx_word' id='word_1_350' title='bbox 1042 2354 1130 2392; x_wconf 81' lang='lat' dir='ltr'><strong>calo</strong></span> <span class='ocrx_word' id='word_1_351' title='bbox 1157 2367 1194 2394; x_wconf 76' lang='lat' dir='ltr'><strong>v-</strong></span> <span class='ocrx_word' id='word_1_352' title='bbox 1214 2355 1284 2399; x_wconf 86' lang='lat'><strong>42.</strong></span> <span class='ocrx_word' id='word_1_353' title='bbox 1310 2369 1442 2396; x_wconf 86' lang='lat' dir='ltr'><strong>servus</strong></span> <span class='ocrx_word' id='word_1_354' title='bbox 1470 2355 1551 2397; x_wconf 83' lang='lat' dir='ltr'><strong>vilis</strong></span> <span class='ocrx_word' id='word_1_355' title='bbox 1575 2372 1597 2398; x_wconf 90' lang='lat' dir='ltr'><strong>e</strong></span> <span class='ocrx_word' id='word_1_356' title='bbox 1619 2358 1758 2414; x_wconf 76' lang='lat' dir='ltr'><strong>familia</strong></span> <span class='ocrx_word' id='word_1_357' title='bbox 1776 2373 1841 2400; x_wconf 86' lang='lat' dir='ltr'><strong>ur-</strong></span> 
     </span>
     <span class='ocr_line' id='line_1_33' title="bbox 319 2422 1841 2482; baseline -0.002 -14"><span class='ocrx_word' id='word_1_358' title='bbox 319 2431 418 2468; x_wconf 86' lang='lat' dir='ltr'><strong>bana</strong></span> <span class='ocrx_word' id='word_1_359' title='bbox 445 2429 594 2467; x_wconf 84' lang='lat' dir='ltr'><strong>videtur</strong></span> <span class='ocrx_word' id='word_1_360' title='bbox 623 2427 761 2482; x_wconf 84' lang='lat' dir='ltr'><strong>fuisse,</strong></span> <span class='ocrx_word' id='word_1_361' title='bbox 790 2428 834 2464; x_wconf 91' lang='lat' dir='ltr'><strong>ut</strong></span> <span class='ocrx_word' id='word_1_362' title='bbox 859 2422 1117 2462; x_wconf 70' lang='lat' dir='ltr'><strong>mediastinus</strong></span> <span class='ocrx_word' id='word_1_363' title='bbox 1145 2436 1182 2462; x_wconf 86' lang='lat' dir='ltr'><strong>v.</strong></span> <span class='ocrx_word' id='word_1_364' title='bbox 1213 2423 1308 2476; x_wconf 64' lang='lat'><strong>14„</strong></span> <span class='ocrx_word' id='word_1_365' title='bbox 1342 2429 1574 2478; x_wconf 84' lang='lat' dir='ltr'><strong>quapropter</strong></span> <span class='ocrx_word' id='word_1_366' title='bbox 1601 2441 1679 2468; x_wconf 86' lang='lat' dir='ltr'><strong>non</strong></span> <span class='ocrx_word' id='word_1_367' title='bbox 1707 2441 1841 2468; x_wconf 80' lang='lat' dir='ltr'><strong>assen-</strong></span> 
     </span>
    </p>
   </div>
   <div class='ocr_carea' id='block_1_8' title="bbox 324 2512 597 2519">
    <p class='ocr_par' dir='ltr' id='par_1_8' title="bbox 324 2512 597 2519">
     <span class='ocr_line' id='line_1_34' title="bbox 324 2512 597 2519; baseline 0 619"><span class='ocrx_word' id='word_1_368' title='bbox 324 2512 597 2519; x_wconf 95' lang='lat' dir='ltr'><strong> </strong></span> 
     </span>
    </p>
   </div>
   <div class='ocr_carea' id='block_1_9' title="bbox 321 2548 1842 2828">
    <p class='ocr_par' dir='ltr' id='par_1_9' title="bbox 321 2548 1842 2714">
     <span class='ocr_line' id='line_1_35' title="bbox 321 2548 1842 2602; baseline -0.001 -11"><span class='ocrx_word' id='word_1_369' title='bbox 321 2555 528 2602; x_wconf 84' lang='lat' dir='ltr'><strong>intelligunt</strong></span> <span class='ocrx_word' id='word_1_370' title='bbox 545 2555 679 2590; x_wconf 88' lang='lat' dir='ltr'><strong>lucrum</strong></span> <span class='ocrx_word' id='word_1_371' title='bbox 697 2551 800 2588; x_wconf 78' lang='lat' dir='ltr'><strong>unius</strong></span> <span class='ocrx_word' id='word_1_372' title='bbox 819 2550 891 2587; x_wconf 83' lang='lat' dir='ltr'><strong>diei</strong></span> <span class='ocrx_word' id='word_1_373' title='bbox 910 2549 1047 2598; x_wconf 79' lang='lat' dir='ltr'><strong>(pretia</strong></span> <span class='ocrx_word' id='word_1_374' title='bbox 1065 2549 1183 2586; x_wconf 83' lang='lat' dir='ltr'><strong>diurni</strong></span> <span class='ocrx_word' id='word_1_375' title='bbox 1201 2548 1372 2601; x_wconf 81' lang='lat' dir='ltr'><strong>laboris),</strong></span> <span class='ocrx_word' id='word_1_376' title='bbox 1399 2553 1495 2599; x_wconf 86' lang='lat' dir='ltr'><strong>quod</strong></span> <span class='ocrx_word' id='word_1_377' title='bbox 1513 2555 1608 2590; x_wconf 71' lang='lat' dir='ltr'><strong>servi</strong></span> <span class='ocrx_word' id='word_1_378' title='bbox 1625 2555 1758 2591; x_wconf 74' lang='lat' dir='ltr'><strong>Rome</strong></span> <span class='ocrx_word' id='word_1_379' title='bbox 1777 2554 1842 2590; x_wconf 79' lang='lat' dir='ltr'><strong>do-</strong></span> 
     </span>
     <span class='ocr_line' id='line_1_36' title="bbox 323 2607 1841 2658; baseline -0.001 -11"><span class='ocrx_word' id='word_1_380' title='bbox 323 2612 426 2647; x_wconf 85' lang='lat' dir='ltr'><strong>minis</strong></span> <span class='ocrx_word' id='word_1_381' title='bbox 444 2612 598 2647; x_wconf 77' lang='lat' dir='ltr'><strong>reddere</strong></span> <span class='ocrx_word' id='word_1_382' title='bbox 615 2610 730 2646; x_wconf 80' lang='lat' dir='ltr'><strong>coacti</strong></span> <span class='ocrx_word' id='word_1_383' title='bbox 748 2610 894 2645; x_wconf 84' lang='lat' dir='ltr'><strong>fuerint.</strong></span> <span class='ocrx_word' id='word_1_384' title='bbox 919 2609 974 2644; x_wconf 88' lang='lat' dir='ltr'><strong>De</strong></span> <span class='ocrx_word' id='word_1_385' title='bbox 988 2607 1115 2654; x_wconf 82' lang='lat' dir='ltr'><strong>plurali</strong></span> <span class='ocrx_word' id='word_1_386' title='bbox 1129 2618 1271 2643; x_wconf 88' lang='lat' dir='ltr'><strong>numero</strong></span> <span class='ocrx_word' id='word_1_387' title='bbox 1287 2621 1323 2644; x_wconf 80' lang='lat' dir='ltr'><strong>v.</strong></span> <span class='ocrx_word' id='word_1_388' title='bbox 1338 2610 1455 2646; x_wconf 76' lang='lat' dir='ltr'><strong>diaria</strong></span> <span class='ocrx_word' id='word_1_389' title='bbox 1469 2611 1630 2658; x_wconf 75' lang='lat' dir='ltr'><strong>disputat.</strong></span> <span class='ocrx_word' id='word_1_390' title='bbox 1644 2613 1684 2648; x_wconf 81' lang='lat' dir='ltr'><strong>G.</strong></span> <span class='ocrx_word' id='word_1_391' title='bbox 1699 2610 1841 2647; x_wconf 59' lang='lat' dir='ltr'><strong>Scine-&#39;-</strong></span> 
     </span>
     <span class='ocr_line' id='line_1_37' title="bbox 325 2663 1418 2714; baseline -0.004 -11"><span class='ocrx_word' id='word_1_392' title='bbox 325 2670 387 2703; x_wconf 84' lang='lat' dir='ltr'><strong>der</strong></span> <span class='ocrx_word' id='word_1_393' title='bbox 405 2669 442 2703; x_wconf 84' lang='lat' dir='ltr'><strong>in</strong></span> <span class='ocrx_word' id='word_1_394' title='bbox 459 2668 692 2714; x_wconf 83' lang='lat' dir='ltr'><strong>‚‚Formenl.“</strong></span> <span class='ocrx_word' id='word_1_395' title='bbox 711 2679 748 2714; x_wconf 89' lang='lat' dir='ltr'><strong>p.</strong></span> <span class='ocrx_word' id='word_1_396' title='bbox 767 2663 850 2703; x_wconf 84' lang='lat'><strong>410.</strong></span> <span class='ocrx_word' id='word_1_397' title='bbox 870 2665 951 2701; x_wconf 84' lang='lat' dir='ltr'><strong>coll.</strong></span> <span class='ocrx_word' id='word_1_398' title='bbox 973 2665 1078 2701; x_wconf 82' lang='lat' dir='ltr'><strong>Voss.</strong></span> <span class='ocrx_word' id='word_1_399' title='bbox 1095 2664 1208 2700; x_wconf 80' lang='lat' dir='ltr'><strong>Arist.</strong></span> <span class='ocrx_word' id='word_1_400' title='bbox 1230 2667 1259 2700; x_wconf 94' lang='lat'><strong>1.</strong></span> <span class='ocrx_word' id='word_1_401' title='bbox 1279 2678 1317 2712; x_wconf 91' lang='lat' dir='ltr'><strong>p.</strong></span> <span class='ocrx_word' id='word_1_402' title='bbox 1336 2665 1418 2703; x_wconf 85' lang='lat'><strong>506.</strong></span> 
     </span>
    </p>

    <p class='ocr_par' dir='ltr' id='par_1_10' title="bbox 326 2721 1840 2828">
     <span class='ocr_line' id='line_1_38' title="bbox 436 2721 1840 2772; baseline -0.004 -12"><span class='ocrx_word' id='word_1_403' title='bbox 436 2724 473 2770; x_wconf 77' lang='lat'><strong>²⁸¹)</strong></span> <span class='ocrx_word' id='word_1_404' title='bbox 494 2727 676 2772; x_wconf 72' lang='lat' dir='ltr'><strong>improbat</strong></span> <span class='ocrx_word' id='word_1_405' title='bbox 697 2723 846 2759; x_wconf 76' lang='lat' dir='ltr'><strong>Orelliue</strong></span> <span class='ocrx_word' id='word_1_406' title='bbox 865 2722 955 2758; x_wconf 84' lang='lat' dir='ltr'><strong>hanc</strong></span> <span class='ocrx_word' id='word_1_407' title='bbox 978 2721 1022 2756; x_wconf 86' lang='lat' dir='ltr'><strong>de</strong></span> <span class='ocrx_word' id='word_1_408' title='bbox 1041 2722 1156 2766; x_wconf 85' lang='lat' dir='ltr'><strong>tenui,</strong></span> <span class='ocrx_word' id='word_1_409' title='bbox 1178 2733 1286 2769; x_wconf 80' lang='lat' dir='ltr'><strong>parco</strong></span> <span class='ocrx_word' id='word_1_410' title='bbox 1312 2734 1496 2760; x_wconf 77' lang='lat' dir='ltr'><strong>servorum</strong></span> <span class='ocrx_word' id='word_1_411' title='bbox 1514 2726 1724 2760; x_wconf 81' lang='lat' dir='ltr'><strong>urbanorum</strong></span> <span class='ocrx_word' id='word_1_412' title='bbox 1741 2721 1840 2756; x_wconf 80' lang='lat' dir='ltr'><strong>victu</strong></span> 
     </span>
     <span class='ocr_line' id='line_1_39' title="bbox 326 2778 1840 2828; baseline -0.001 -15"><span class='ocrx_word' id='word_1_413' title='bbox 326 2779 655 2825; x_wconf 82' lang='lat' dir='ltr'><strong>interpretationem</strong></span> <span class='ocrx_word' id='word_1_414' title='bbox 667 2809 677 2827; x_wconf 90' lang='lat'>‚</span> <span class='ocrx_word' id='word_1_415' title='bbox 712 2793 734 2816; x_wconf 84' lang='lat' dir='ltr'><strong>a</strong></span> <span class='ocrx_word' id='word_1_416' title='bbox 761 2780 931 2815; x_wconf 80' lang='lat' dir='ltr'><strong>Lambino</strong></span> <span class='ocrx_word' id='word_1_417' title='bbox 942 2807 952 2825; x_wconf 86' lang='lat'>‚</span> <span class='ocrx_word' id='word_1_418' title='bbox 991 2778 1190 2823; x_wconf 61' lang='lat' dir='ltr'><strong>Damam,</strong></span> <span class='ocrx_word' id='word_1_419' title='bbox 1224 2780 1259 2814; x_wconf 88' lang='lat' dir='ltr'><strong><em>F</em></strong></span> <span class='ocrx_word' id='word_1_420' title='bbox 1257 2781 1433 2817; x_wconf 75' lang='lat' dir='ltr'><strong>arcellinio</strong></span> <span class='ocrx_word' id='word_1_421' title='bbox 1444 2807 1455 2828; x_wconf 83' lang='lat'>‚</span> <span class='ocrx_word' id='word_1_422' title='bbox 1487 2782 1536 2817; x_wconf 79' lang='lat' dir='ltr'><strong>al.</strong></span> <span class='ocrx_word' id='word_1_423' title='bbox 1567 2779 1840 2825; x_wconf 70' lang='lat' dir='ltr'><strong>comprobatam,</strong></span> 
     </span>
    </p>
   </div>
   <div class='ocr_carea' id='block_1_10' title="bbox 328 2834 1839 2940">
    <p class='ocr_par' dir='ltr' id='par_1_11' title="bbox 328 2834 1839 2940">
     <span class='ocr_line' id='line_1_40' title="bbox 329 2834 1839 2886; baseline -0.001 -17"><span class='ocrx_word' id='word_1_424' title='bbox 329 2837 456 2881; x_wconf 82' lang='lat' dir='ltr'><strong>„quasi</strong></span> <span class='ocrx_word' id='word_1_425' title='bbox 475 2839 603 2883; x_wconf 85' lang='lat' dir='ltr'><strong>vero‚“</strong></span> <span class='ocrx_word' id='word_1_426' title='bbox 629 2842 670 2872; x_wconf 80' lang='lat' dir='ltr'><strong>ut</strong></span> <span class='ocrx_word' id='word_1_427' title='bbox 688 2837 758 2883; x_wconf 86' lang='lat' dir='ltr'><strong>ait,</strong></span> <span class='ocrx_word' id='word_1_428' title='bbox 778 2835 1026 2886; x_wconf 26' lang='lat' dir='ltr'><strong>„talis-villico</strong></span> <span class='ocrx_word' id='word_1_429' title='bbox 1045 2835 1267 2883; x_wconf 71' lang='lat' dir='ltr'><strong>appetendus</strong></span> <span class='ocrx_word' id='word_1_430' title='bbox 1284 2837 1432 2874; x_wconf 81' lang='lat' dir='ltr'><strong>fuerit.“</strong></span> <span class='ocrx_word' id='word_1_431' title='bbox 1460 2837 1511 2874; x_wconf 75' lang='lat' dir='ltr'><strong>At</strong></span> <span class='ocrx_word' id='word_1_432' title='bbox 1521 2838 1635 2873; x_wconf 73' lang='lat' dir='ltr'><strong>Poeta</strong></span> <span class='ocrx_word' id='word_1_433' title='bbox 1648 2835 1716 2870; x_wconf 80' lang='lat' dir='ltr'><strong>hoc</strong></span> <span class='ocrx_word' id='word_1_434' title='bbox 1726 2834 1839 2869; x_wconf 77' lang='lat' dir='ltr'><strong>verbo</strong></span> 
     </span>
     <span class='ocr_line' id='line_1_41' title="bbox 328 2892 1336 2940; baseline 0.003 -14"><span class='ocrx_word' id='word_1_435' title='bbox 328 2903 398 2926; x_wconf 88' lang='lat' dir='ltr'><strong>non</strong></span> <span class='ocrx_word' id='word_1_436' title='bbox 417 2904 437 2926; x_wconf 87' lang='lat' dir='ltr'><strong>e</strong></span> <span class='ocrx_word' id='word_1_437' title='bbox 456 2892 586 2938; x_wconf 83' lang='lat' dir='ltr'><strong>villici,</strong></span> <span class='ocrx_word' id='word_1_438' title='bbox 606 2894 670 2929; x_wconf 87' lang='lat' dir='ltr'><strong>sed</strong></span> <span class='ocrx_word' id='word_1_439' title='bbox 688 2906 733 2929; x_wconf 83' lang='lat' dir='ltr'><strong>ex</strong></span> <span class='ocrx_word' id='word_1_440' title='bbox 753 2904 816 2929; x_wconf 80' lang='lat' dir='ltr'><strong>sua</strong></span> <span class='ocrx_word' id='word_1_441' title='bbox 830 2892 942 2940; x_wconf 77' lang='lat' dir='ltr'><strong>ipsius</strong></span> <span class='ocrx_word' id='word_1_442' title='bbox 965 2897 1081 2928; x_wconf 81' lang='lat' dir='ltr'><strong>mente</strong></span> <span class='ocrx_word' id='word_1_443' title='bbox 1100 2893 1193 2929; x_wconf 77' lang='lat' dir='ltr'><strong>salse</strong></span> <span class='ocrx_word' id='word_1_444' title='bbox 1211 2894 1336 2929; x_wconf 86' lang='lat' dir='ltr'><strong>utitur.</strong></span> 
     </span>
    </p>
   </div>
  </div>
 </body>
</html>
