1910 3138
281 171 363 215 190

849 167 1228 209 HORATII
1403 171 1405 173 ’
1747 172 1804 216 80

350 298 656 355 Insolabiliter,
690 296 837 340 tamen
869 295 981 341 istuc
1013 309 1136 341 mens
1167 297 1417 357 animusque

351 381 459 426 Fert
494 380 536 421 et
569 377 687 420 amat
719 375 869 434 spatiis
905 375 1115 420 obstantia
1148 390 1350 438 rumpere
1383 369 1590 424 claustri·
1647 414 1651 416 —

347 458 471 504 Rure
507 470 594 516 ego
627 456 868 514 viventem,
904 457 951 499 tu
988 455 1091 501 dicis
1126 442 1170 501 in
1203 458 1311 502 urbe
1341 458 1537 518 beatum3
1747 461 1802 503 10

351 535 437 583 Cui
471 535 615 596 placet
649 535 855 594 alterius,
883 548 964 578 sua
995 537 1190 580 nimirum
1227 539 1294 581 est
1321 537 1420 583 odio
1454 551 1568 583 sors.

349 614 520 663 Stultus
556 620 736 676 uterque
770 617 912 662 locum
945 617 1200 661 immeritum
1234 619 1436 663 causatur
1469 619 1610 678 inique
1619 634 1634 678 3

349 694 401 741 In
435 696 561 755 culpa
596 699 663 741 est
696 697 890 756 animus,
926 696 995 755 qui
1027 709 1077 739 se
1109 709 1195 741 non
1230 696 1384 757 effugit
1415 711 1618 758 unquam·

346 776 418 821 '1¹11
454 775 732 821 mediasfinus
767 777 900 821 tacita
932 788 1062 836 prece
1095 790 1199 819 rura
1231 777 1426 838 petebas,

348 855 475 900 Nunc
509 855 659 901 urbem
694 859 737 901 et
765 855 890 901 ludos
926 857 970 899 et
1003 855 1161 899 balnea
1194 856 1360 900 villicus
1397 858 1548 919 optas3
1600 865 1604 867 ’
1750 859 1804 904 15

350 935 428 981 Me
464 937 666 981 constare
699 938 801 982 mihi
834 937 918 980 scis
953 938 996 980 et
1031 934 1253 980 discedere
1286 937 1467 997 tristem⁷

354 1015 718 1075 Quandocumque
752 1015 928 1060 trahunt
961 1017 1098 1060 invisa
1130 1017 1309 1076 negotia
1340 1016 1544 1062 Romam.

274 1178 438 1222 Guyetus
454 1174 557 1209 sicin
576 1186 678 1209 unum
697 1174 833 1220 jungit:
854 1176 1020 1209 Fratrem

274 1232 479 1278 maerentis,
507 1238 626 1267 tamen
646 1232 734 1267 istae
751 1244 848 1267 mens
869 1232 1020 1266 animus-

273 1301 358 1335 que,
375 1289 532 1324 offensus
547 1288 669 1323 verbis
679 1315 688 1333 ‚
705 1300 796 1335 quae
811 1288 928 1323 omisit
943 1288 1020 1335 qui-

273 1348 410 1393 busque
422 1358 522 1381 nemo
531 1346 637 1381 hodie
648 1346 843 1381 offenditur
852 1345 912 1392 qui
920 1346 1019 1380 lima-

273 1403 349 1438 tulo
364 1402 501 1449 judicio
523 1407 590 1439 est.
612 1422 668 1429 -—-·
690 1404 735 1437 V.
756 1404 789 1438 8.
810 1403 1020 1437 Insociabili-

272 1466 339 1496 ter.
355 1461 456 1496 Mon.
473 1461 500 1495 f.
520 1478 568 1486 -
587 1466 707 1496 tamen
720 1460 813 1494 illuc.
830 1460 901 1494 Ms.
916 1460 967 1494 Ik.
983 1456 1019 1493 4.

273 1516 308 1556 5.
325 1537 382 1544 -—·
394 1529 569 1562 mensque.
587 1517 707 1552 Guelf.
719 1513 754 1551 4.
769 1517 858 1551 Bad.
877 1518 909 1553 1.
924 1528 1021 1551 mens

272 1585 327 1609 me
343 1575 546 1619 animusque
561 1575 658 1609 Fert.
687 1574 757 1609 Ms.
784 1573 905 1608 Barth.
926 1573 1021 1610 Adv.

274 1629 330 1676 15,
350 1631 399 1676 3.,
419 1636 544 1666 contra
557 1631 715 1678 disputat
734 1630 889 1667 Schmid.
906 1642 1021 1666 mens-

272 1699 338 1732 que
357 1688 570 1734 animusque.
591 1689 695 1734 Conj.
716 1679 866 1733 Cuning.
884 1687 1019 1733 (Anim-

273 1744 358 1779 adv.
378 1757 409 1779 c.
429 1747 486 1780 11.
506 1758 543 1791 p.
563 1744 660 1789 152).

328 1801 375 1835 V.
397 1802 433 1836 9.
454 1802 538 1836 Fert
561 1807 595 1836 et
618 1806 707 1836 avet.
737 1802 792 1835 De
815 1801 1021 1845 conjectura

273 1857 355 1892 edd.
375 1857 492 1892 Bentl.
517 1858 661 1892 Wakef.
686 1839 897 1892 Prassdicov.
921 1857 1020 1891 Hanc

272 1914 429 1960 Bentleji
455 1915 694 1959 conjecturam
719 1925 788 1949 non
816 1913 1020 1959 improbant

272 1972 354 2008 Jani
382 1983 422 2018 p·
444 1973 525 2008 206.
555 1971 705 2006 Haberf.
733 1975 771 2005 et
797 1971 1021 2016 Charpente-

272 2029 369 2071 rius3
389 2032 513 2063 contra
534 2029 719 2075 disputant
733 2028 822 2062 Dae.
839 2027 960 2062 Wetz.
982 2030 1019 2060 et

275 2085 436 2128 Schmid3
467 2085 512 2120 de
533 2085 750 2120 commutatis
772 2084 894 2119 verbis
919 2094 1021 2117 avere

274 2148 312 2178 et
327 2154 448 2178 amare
458 2142 505 2178 cf.
520 2142 633 2178 Drak.
650 2143 695 2176 ad
711 2141 776 2176 Sil.
792 2141 873 2176 Ital.
886 2141 921 2184 9,
935 2140 1018 2176 371.

273 2200 357 2235 Non
372 2199 551 2234 immemor
574 2199 749 2244 esthujus
768 2196 836 2232 loci
850 2198 1019 2231 Burman-

273 2268 339 2292 nus
350 2256 394 2291 ad
406 2256 514 2292 ovid.
529 2256 620 2292 Met.
631 2258 664 2302 2,
681 2255 762 2291 503.
778 2255 863 2291 Fert
877 2258 911 2289 et
925 2258 1017 2288 ovat.

274 2315 380 2359 Conj.
411 2314 566 2359 Cuning.
601 2333 653 2339 —-
689 2313 904 2357 abrumpere.
947 2310 1017 2344 Ms.

276 2371 399 2406 Guelf.
416 2373 450 2407 2.
470 2389 519 2397 --
537 2370 583 2406 V.
594 2371 652 2406 10.
666 2375 707 2406 tu
721 2367 827 2405 ducis.
843 2367 914 2402 Ed.
929 2367 1018 2401 Des-

274 2439 406 2474 preux,
421 2428 573 2462 fortasse
590 2439 711 2462 errore
728 2425 949 2472 typothetae.
963 2442 1019 2449 -—

275 2486 319 2520 V.
343 2486 398 2520 11.
417 2484 581 2520 nimirum
601 2485 690 2521 odio.
709 2483 779 2519 ΜΒ.
795 2481 896 2528 Lips.
914 2483 948 2516 1¹.
962 2499 1019 2506 ·-—

274 2541 351 2576 odio
374 2554 442 2577 res.
466 2541 558 2576 Mss.
584 2542 673 2588 aliqt
697 2539 821 2576 Lamb.
846 2541 883 2574 et
905 2539 1016 2583 ctuq.

273 2599 308 2631 7.
324 2595 359 2632 4.
374 2598 408 2632 3.
426 2600 459 2643 1,
474 2609 534 2632 un.
550 2599 661 2634 Pulm.
675 2601 708 2633 1.
724 2600 881 2632 notatum
897 2607 941 2630 ex
955 2606 1018 2629 ms-

274 2653 310 2686 in
335 2666 397 2688 ora
423 2655 480 2689 ed.
505 2654 585 2690 Ald.
613 2656 693 2691 519.
716 2654 752 2688 in
777 2654 869 2688 Bibl.
892 2651 1018 2698 Angel.

273 2713 368 2744 teste
383 2711 469 2756 Fen,
485 2723 505 2746 e
520 2712 653 2748 nostris
665 2711 785 2747 Guelf.
797 2712 834 2746 3.
851 2709 969 2745 Berol.
983 2710 1016 2743 1.

277 2766 317 2809 (a
333 2767 365 2800 1.
383 2768 448 2811 m.)
474 2768 586 2805 Goth.
604 2775 640 2804 et
654 2770 752 2804 Mon.
768 2770 805 2803 b.
824 2769 938 2802 Recte
957 2777 1018 2801 au-

275 2825 344 2855 tem
362 2834 400 2856 se
414 2822 522 2858 habet
535 2839 619 2871 sors,
636 2828 733 2872 cnjus
749 2825 1017 2872 explicationem

275 2880 358 2923 pete
387 2890 407 2912 a
431 2880 599 2917 Lambino
620 2884 663 2918 ad
684 2885 760 2918 Sat.
782 2884 798 2917 1
812 2882 884 2927 ,'1,
906 2883 940 2916 1.
964 2901 1011 2908 -

1065 1174 1109 1207 V.
1123 1175 1177 1211 12.
1194 1174 1403 1211 inmeritum.
1419 1178 1476 1210 Ita
1488 1188 1571 1212 mss.
1589 1176 1702 1212 Orell.
1713 1177 1804 1212 edu.

1063 1231 1163 1276 Lips.
1181 1232 1214 1268 2.
1230 1231 1264 1266 3.
1281 1232 1462 1268 immerito.
1477 1233 1577 1268 Mon.
1594 1245 1626 1268 e.
1645 1253 1703 1260 ———
1720 1245 1805 1269 cour

1062 1289 1186 1322 satur?
1218 1288 1370 1332 Utrique.
1390 1290 1460 1324 Ed.
1476 1290 1689 1326 Praedicov.

1120 1344 1166 1379 V.
1188 1345 1243 1380 13.
1270 1346 1394 1392 effugit
1413 1357 1572 1392 usquam.
1600 1347 1672 1383 Ed.
1695 1347 1806 1382 Prae*

1066 1401 1155 1445 dic„
1177 1403 1269 1447 conj.
1288 1402 1483 1449 noering.;
1501 1415 1709 1451 perperam,
1726 1415 1807 1439 mm

1065 1458 1177 1492 Poeta
1195 1470 1300 1494 sensu
1315 1459 1442 1495 latiore
1460 1460 1505 1496 ad
1525 1465 1664 1508 tenpus
1681 1462 1806 1506 refert,

1065 1515 1161 1561 quod
1181 1515 1250 1550 loci
1270 1527 1408 1563 quoque
1427 1528 1508 1553 esso
1523 1522 1666 1564 potest-‚3
1686 1517 1807 1553 sinili-

1063 1578 1122 1607 ter
1135 1573 1272 1608 erravit
1282 1575 1467 1621 Bentlejus
1481 1575 1526 1610 nd
1540 1576 1618 1611 Sat.
1635 1577 1670 1621 2,
1685 1576 1719 1620 1,
1733 1575 1807 1620 31„

1064 1628 1126 1664 ubi
1137 1635 1236 1665 recte
1245 1636 1401 1676 unquam
1410 1632 1633 1668 reduxerunt·
1643 1631 1759 1668 Orell.
1767 1634 1809 1667 et

1064 1686 1307 1723 Wiistemann.
1328 1707 1377 1714 —
1406 1691 1452 1725 V.
1474 1686 1531 1725 14.
1556 1689 1621 1725 Τιι
1636 1689 1810 1724 medi-ffi-

1063 1755 1131 1779 πω
1143 1745 1180 1779 in
1194 1746 1280 1780 urbe
1293 1745 1413 1781 tacita.
1433 1746 1502 1782 Ms.
1519 1746 1620 1795 Mon.
1635 1756 1671 1792 g.
1688 1746 1808 1781 exim-

1064 1801 1168 1836 misto
1185 1802 1408 1847 glossemate,
1428 1806 1583 1838 ceterum
1596 1800 1711 1838 noirtfi
1722 1801 1807 1838 libri

1063 1869 1146 1892 mss.
1163 1859 1404 1903 medicaturus,
1420 1871 1490 1895 non
1504 1859 1752 1905 mediaremus,
1767 1864 1809 1895 ut

1063 1914 1148 1949 libri
1163 1917 1260 1962 vulg.
1277 1927 1335 1962 ap.
1349 1916 1471 1954 Lamb.
1488 1921 1527 1952 et
1539 1916 1620 1953 edd.
1632 1917 1715 1952 Ald.
1725 1916 1806 1952 501.

1066 1972 1123 2006 19.
1138 1972 1236 2007 Junt.
1252 1970 1334 2008 514.
1353 1975 1409 2009 19.
1426 1985 1503 2010 cun
1523 1973 1630 2009 Flor.
1647 1970 1732 2010 482.
1743 1973 1806 2019 aL,

1064 2028 1169 2073 plane
1195 2030 1348 2064 barbara
1368 2035 1425 2066 est
1443 2031 1623 2076 scriptura
1643 2032 1806 2076 mady-ue.

1062 2085 1101 2118 in
1122 2085 1210 2120 ven.
1235 2084 1316 2121 483.
1338 2088 1396 2136 86.
1413 2107 1470 2115 ·—-
1489 2099 1584 2123 rure.
1609 2087 1680 2122 MS.
1697 2087 1806 2121 Goth.

1063 2141 1162 2175 Mon.
1176 2143 1211 2177 d.
1226 2144 1252 2178 f.
1264 2162 1318 2169 —-
1326 2146 1483 2188 putem.
1494 2143 1566 2178 Mn.
1577 2142 1740 2188 Rnuolst.
1749 2163 1805 2169 —

1063 2198 1106 2233 V.
1130 2197 1186 2234 15.
1207 2200 1326 2234 urbem
1340 2201 1451 2235 ludos.
1473 2199 1564 2235 Mss.
1580 2199 1653 2234 duo
1668 2211 1725 2245 ap.
1738 2201 1806 2235 Fe.

1062 2273 1120 2281 --
1132 2254 1261 2292 vilicus.
1279 2257 1335 2290 lta
1348 2267 1430 2293 mss.
1453 2254 1565 2291 orell.
1589 2255 1662 2291 ΒΕ.
1687 2256 1808 2292 Guelf-

1063 2311 1099 2346 3.
1117 2311 1222 2346 Dess.
1239 2316 1271 2347 1.
1297 2311 1396 2358 Lips.
1413 2315 1446 2349 1.
1462 2315 1500 2348 et
1513 2312 1594 2348 edd.
1616 2312 1706 2348 Ven-
1721 2311 1806 2350 47⁷.

1062 2368 1121 2404 79.
1150 2369 1304 2404 Dinenb.
1329 2389 1378 2396 -
1415 2371 1461 2405 v,
1482 2371 1539 2406 16.
1569 2369 1633 2413 Μ.
1652 2371 1807 2406 atatam
1856 2361 1863 2370 '

1063 2426 1165 2460 modo
1185 2426 1267 2471 scis,
1287 2438 1380 2461 corr.
1398 2439 1420 2462 a
1435 2429 1467 2462 1.
1482 2437 1527 2462 m.
1545 2425 1610 2462 Me
1627 2433 1738 2463 const.
1755 2439 1804 2464 m.

1061 2481 1127 2517 scis
1143 2483 1180 2516 in
1198 2494 1260 2519 ms.
1282 2483 1379 2519 Mon.
1397 2485 1431 2521 d.
1454 2483 1518 2520 Me
1533 2482 1617 2519 milti
1631 2489 1805 2519 emtore.

1063 2538 1131 2574 Ed.
1142 2539 1294 2587 Cuning.
1311 2552 1356 2575 ex
1370 2553 1454 2577 aure
1468 2551 1533 2575 sua
1545 2543 1584 2575 et
1596 2543 1722 2575 eonon
1734 2551 1807 2575 me-

1063 2601 1173 2639 trum,
1204 2602 1245 2632 ut
1267 2598 1436 2633 observat
1458 2599 1547 2635 Fen.
1565 2618 1614 2625 -
1635 2596 1719 2631 affl
1741 2596 1803 2635 vit.

1064 2654 1184 2688 Guelf.
1200 2657 1233 2691 2.
1256 2674 1304 2681 —
1323 2656 1460 2690 ac-dt'sc.
1485 2651 1581 2689 Ede.
1605 2652 1696 2689 ean.
1718 2653 1804 2687 San.

1063 2711 1220 2746 Mervill.
1242 2713 1369 2747 Franc.
1392 2712 1500 2750 Bask.
1521 2710 1590 2746 767
1611 2710 1694 2752 (non
1716 2710 1804 2753 762)

1061 2769 1213 2814 Dorigh.
1223 2788 1279 2796 -—
1290 2769 1492 2805 discernere.
1506 2764 1599 2801 Edd.
1614 2765 1712 2800 Flor.
1721 2763 1804 2803 482.

1061 2828 1152 2861 Ven.
1167 2823 1248 2863 486.
1258 2827 1277 2861 2
1293 2827 1304 2861 !
1506 2842 1509 2843 ⁷

1116 2884 1161 2917 V·
1178 2884 1235 2919 17.
1255 2882 1479 2928 Quandoque.
1495 2876 1565 2915 Me.
1584 2877 1680 2912 Mon.
1698 2890 1730 2913 e.
1748 2897 1802 2904 -
