1910 3138
283 205 366 248 240
423 206 701 245 COMMENT.
721 205 779 244 IN
799 189 1692 254 HOR.L1'B.1.EPIST.QU1NT.DECIM.
1749 212 1808 253 30

402 333 509 371 Haec
528 329 726 383 Epistolae
753 342 913 368 summa.
942 331 1049 377 Quae
1078 333 1232 383 quidem
1258 336 1366 373 tanto
1393 334 1505 372 animi
1533 334 1692 373 ridentis
1721 348 1812 374 can-

289 403 382 440 dore
409 400 607 452 proposita
636 402 719 448 est,
756 401 800 436 ut
829 398 966 436 nullam
1002 400 1084 438 fere
1120 402 1264 439 sentias
1304 401 1454 453 oblique
1487 406 1707 453 tangentem
1734 403 1813 442 iro-

288 472 398 508 niam.
450 469 693 518 Quapropter
716 466 816 504 haud
842 466 920 504 sci-o
949 479 999 505 an
1022 469 1050 506 ii
1074 469 1114 506 in
1133 481 1291 519 magnas
1318 483 1360 508 se
1381 470 1513 521 plagas
1537 470 1717 519 induant,
1747 469 1812 520 qui

287 542 328 576 ut
356 537 631 574 Ber-§mannas
659 534 818 573 Poetam
844 533 995 585 oblique
1023 535 1062 574 in
1088 535 1257 574 homines
1281 537 1367 576 luxu
1385 539 1557 590 perditos
1587 543 1627 576 et
1653 537 1812 590 opulen-

286 606 423 644 tiorum
454 615 607 642 mensas
640 606 830 642 sectantes
854 602 980 640 invehi
1009 605 1073 639 aut
1104 602 1159 641 uti
1186 603 1417 656 Rappoltas
1449 619 1535 645 eum
1571 607 1611 644 in
1645 618 1812 658 persona

286 685 354 710 sua
382 672 482 709 idem
510 672 611 722 quod
640 671 679 708 in
702 670 867 721 Tigellio
897 670 1085 721 quondam
1112 671 1396 722 reprehenderit
1426 674 1576 724 vitium,
1604 674 1810 724 inaequali-

284 745 402 779 tatem
431 743 470 778 et
498 741 598 777 vitae
626 738 941 787 inconstantiam,
981 741 1044 776 aut
1071 742 1114 776 ut
1141 739 1202 777 alii
1235 741 1442 791 generatim
1474 741 1684 793 aequalium
1703 741 1811 779 volu-

283 809 450 861 ptatibus
478 809 691 846 deditorum
715 820 841 845 mores
868 809 907 844 et
929 806 1115 844 sentiendi
1133 809 1317 848 rationem
1329 811 1582 861 perstringere
1597 810 1809 862 opinantur.

283 878 379 915 Sunt
403 890 575 928 quoque,
606 877 671 926 qui
695 876 814 925 magis
840 888 920 912 rem
936 875 1069 925 'ipsam
1091 879 1264 927 tangant.
1317 877 1402 928 Sic,
1431 881 1473 931 ut
1493 880 1547 917 sit
1566 878 1808 929 Lambinus,

282 946 464 986 Horatius
503 944 549 982 ab
582 944 747 981 Antonio
785 942 896 981 Musa
925 944 1082 981 edoctus
1121 948 1200 995 est,
1241 944 1356 994 Bajas
1392 947 1543 985 minime
1575 947 1809 986 necessarias

283 1027 369 1052 esse
396 1026 466 1051 nec
493 1012 541 1051 ad
570 1011 824 1050 valetudinem
858 1009 988 1060 utiles,
1033 1024 1149 1061 quare
1188 1012 1345 1052 Poetam
1373 1013 1520 1053 Veliam
1548 1019 1587 1054 et
1613 1015 1811 1054 Salernum

282 1081 473 1133 proficisci
499 1080 626 1130 ibique
662 1079 826 1117 hiemare
857 1078 958 1128 apud
992 1091 1035 1116 se
1073 1081 1327 1120 constituisse.
1384 1083 1482 1122 Rem
1518 1083 1637 1121 artius
1674 1083 1811 1135 premit

290 1149 492 1200 cruquius
521 1153 560 1187 et
595 1150 781 1184 Acronem
812 1147 860 1184 ad
888 1159 924 1183 v.
957 1147 995 1187 2.
1026 1150 1064 1183 et
1095 1160 1199 1184 suum
1228 1149 1410 1200 imprimis
1439 1150 1690 1190 Scholiastam
1727 1155 1808 1191 mm

282 1216 366 1266 hic,
405 1220 485 1255 tum
514 1215 563 1253 ad
599 1216 682 1253 Sat.
720 1215 767 1266 1,
797 1214 846 1264 5,
871 1214 939 1254 30.
970 1218 1122 1252 secutus
1132 1240 1146 1263 ‚
1187 1229 1301 1266 quum
1333 1219 1534 1258 Horatium
1568 1231 1614 1256 ex
1651 1218 1813 1263 acrioris

280 1284 438 1337 pituitae
469 1284 620 1321 defluxu
650 1285 688 1321 in
723 1283 855 1321 oculos
886 1282 1129 1320 vehementer
1156 1284 1333 1322 affectum
1360 1290 1419 1336 et,
1457 1289 1501 1324 ut
1528 1284 1686 1324 lavacris
1717 1286 1810 1324 cali-

280 1353 340 1390 dis
365 1351 417 1388 illi
445 1349 544 1389 malo
574 1351 812 1401 mederetur,
839 1351 952 1401 Bajas
975 1351 1162 1402 proficisci
1193 1352 1341 1390 solitum
1363 1354 1465 1391 dicit.
1511 1351 1564 1392 At
1589 1367 1704 1405 quum
1728 1352 1809 1392 An-

280 1420 406 1459 tonius
433 1419 541 1457 Musa
568 1420 617 1456 ad
645 1420 897 1458 defluxionem
919 1419 1196 1458 retundendam
1216 1419 1440 1458 abluitiones
1461 1420 1616 1471 frigidas
1638 1420 1807 1460 utiliores

281 1502 369 1528 esse
399 1487 632 1527 declarasset
663 1489 773 1538 eique
806 1487 1012 1537 suasisset,
1053 1487 1228 1526 Clusinos
1256 1487 1383 1526 sontes
1409 1479 1475 1526 aut
1510 1488 1656 1528 Gabios
1684 1490 1805 1540 adire,

280 1570 376 1609 quos
408 1561 587 1607 expertus
627 1556 803 1594 fortassis
841 1555 1023 1594 Horatius
1062 1555 1233 1595 dolorem
1263 1569 1340 1594 non
1370 1555 1544 1607 mitigare
1578 1560 1644 1610 aut
1677 1558 1805 1609 etiam,

280 1627 382 1676 quod
412 1625 607 1663 maritimis
643 1623 763 1673 magis
796 1623 948 1678 gavisus
983 1627 1109 1674 esset,
1148 1623 1252 1662 illum
1286 1623 1442 1662 Vaalae
1470 1623 1562 1676 (sic)
1591 1626 1807 1678 scripsisse,

278 1699 321 1732 ut
348 1695 429 1745 ejus
460 1693 577 1731 literis
605 1692 784 1743 imprimis
817 1692 914 1730 aeris
930 1691 1050 1731 Velini
1078 1695 1116 1730 et
1135 1691 1321 1730 Salernini
1347 1694 1568 1744 temperiem
1597 1706 1809 1744 cognosse-

279 1767 349 1800 ret.
412 1762 586 1812 Crchuio
601 1759 641 1811 *)
669 1760 751 1797 fere
779 1761 1035 1798 assentiuntur
1059 1760 1301 1811 Desprezius
1312 1788 1327 1806 ,
1360 1761 1574 1812 Dacerizcs,
1617 1760 1807 1805 Waelans-

278 1830 371 1867 dius
399 1830 535 1879 aliique
561 1827 796 1878 complures,
826 1831 879 1866 ita
908 1832 950 1866 ut
969 1827 1129 1866 Poetam
1154 1832 1244 1880 post
1270 1827 1479 1868 lavationes
1502 1829 1619 1870 Clusii
1645 1830 1704 1869 vel
1725 1830 1807 1869 Gai·

277 1899 349 1936 biis
378 1897 632 1949 praescriptas
673 1896 721 1932 ad
749 1895 1018 1933 absolvendam
1058 1897 1288 1935 curationem
1315 1896 1376 1934 vel
1403 1896 1549 1945 Veliam
1584 1899 1644 1937 vel
1677 1898 1806 1938 saleru-

276 1978 366 2004 num
395 1966 451 2002 ire
478 1964 622 2013 jussum
652 1975 739 2000 esse
768 1966 833 2000 aut
855 1964 970 2000 tacite
1000 1969 1167 2012 sumant,
1193 1968 1260 2002 aut
1288 1965 1382 2015 ipsis
1405 1966 1534 2004 verbis
1561 1967 1701 2006 dicant.
1752 1965 1807 2006 At

277 2038 478 2084 utrumque
514 2043 586 2082 pro
618 2032 812 2080 comperto
849 2042 924 2067 non
963 2030 1108 2080 habeo,
1152 2033 1175 2069 i.
1213 2045 1247 2070 e.
1288 2032 1440 2072 Horatii
1475 2034 1736 2086 lippitudinem
1759 2028 1806 2074 'et

277 2115 387 2140 usum
417 2098 635 2149 frigidarum
664 2097 900 2135 Clusinarum
928 2097 987 2135 vel
1015 2098 1258 2136 Gabinarum.
1325 2099 1492 2140 Primum
1517 2103 1696 2142 Horatius
1731 2102 1804 2141 hac

278 2171 433 2222 quidem
465 2171 590 2206 aetate
619 2165 719 2203 bona
745 2165 958 2203 valetudine
986 2164 1130 2215 (Epist.
1153 2167 1191 2215 1,
1217 2168 1258 2214 7,
1282 2165 1322 2205 4.
1353 2168 1436 2206 coll.
1459 2170 1500 2219 8,
1529 2170 1587 2222 3.)
1611 2183 1691 2208 non
1717 2174 1802 2208 ute.

277 2238 409 2287 batur,
441 2238 675 2288 quapropter
710 2233 828 2270 solam
854 2232 1114 2283 lippitudinem
1139 2232 1292 2282 intelligi
1321 2247 1399 2272 non
1426 2239 1521 2286 0Pus
1551 2240 1630 2283 θείς
1665 2236 1802 2276 deinde

283 2308 319 2345 in
347 2306 530 2345 alterutro
557 2303 717 2340 istorum
742 2300 966 2352 oppidorum
986 2301 1183 2339 Horatium
1203 2301 1396 2340 etiamtum
1418 2303 1543 2340 media
1558 2303 1803 2344 hieme-com-

236 2424 243 2433 x
280 2378 463 2413 moratum
492 2385 578 2411 esse
605 2382 716 2408 nemo
733 2366 817 2421 **),
846 2370 909 2420 qui
936 2369 999 2407 illa
1025 2369 1165 2422 oppida
1191 2382 1227 2406 v.
1256 2369 1296 2408 9.
1327 2369 1486 2421 exempli
1512 2374 1658 2411 tantum
1687 2385 1800 2414 causa
1855 2367 1860 2377 ’

390 2519 432 2566 *)
453 2522 508 2556 De
527 2522 705 2556 sententia
726 2520 792 2556 Ge.
813 2520 968 2555 Fabricii
985 2519 1158 2555 Horatius
1177 2519 1284 2565 dicit,
1307 2532 1346 2555 se
1368 2533 1438 2556 non
1455 2527 1528 2557 tam
1546 2523 1670 2558 audire
1688 2522 1799 2559 medi-L

281 2590 375 2623 cum,
404 2589 505 2625 quam
523 2577 656 2613 imitari
676 2576 874 2621 Maenium,
902 2578 947 2612 de
966 2577 1124 2612 chabotii
1146 2582 1263 2612 mente
1285 2577 1454 2623 Epistola
1479 2580 1526 2615 ad
1552 2580 1802 2626 gratulandum

280 2636 432 2670 Antonio
454 2635 579 2670 Musae
598 2635 735 2680 scripta
753 2637 822 2670 est.

372 2688 435 2736 **)
465 2693 508 2726 In
537 2692 658 2726 eadem
686 2690 865 2726 sententia
892 2693 974 2725 sunt
1008 2689 1195 2734 Teuffelius
1221 2690 1260 2725 in
1285 2691 1490 2735 „Horaz.“
1521 2689 1626 2728 1843.
1651 2703 1690 2738 p.
1718 2691 1791 2735 13„

286 2746 571 2784 Walckenaerius
589 2748 637 2784 II.
658 2760 694 2795 p.
717 2749 773 2783 16.
802 2747 985 2792 „Celui-ci
1004 2747 1104 2793 (Ant.
1125 2746 1248 2791 Musa)
1277 2760 1476 2796 commenca
1495 2747 1641 2783 d'abord
1659 2758 1726 2793 par
1741 2747 1791 2782 lui

282 2802 372 2836 faire
401 2805 571 2848 prendre,
596 2816 640 2839 au
658 2805 777 2840 milieu
796 2804 840 2838 de
859 2804 1008 2849 l’hiver‚
1039 2803 1103 2838 des
1121 2803 1277 2839 douches
1299 2806 1402 2840 d'eau
1424 2804 1540 2840 froide
1558 2814 1627 2838 aux
1645 2814 1789 2838 sources

282 2859 465 2893 minei-ales
486 2861 531 2895 de
551 2862 705 2897 Clusium
725 2857 906 2910 (efflusi),
937 2873 980 2896 en
999 2860 1165 2904 Etrurie‚
1197 2866 1235 2896 et
1253 2861 1296 2896 de
1318 2862 1422 2896 Gabii
1437 2861 1482 2896 de
1506 2860 1542 2895 la
1565 2859 1714 2903 Sabine,
1743 2860 1788 2894 οὺ

285 2919 341 2949 est
359 2916 470 2951 Torri
488 2917 653 2952 moderne
674 2917 858 2968 [Pierluigi
876 2918 1015 2953 Galetti
1033 2918 1202 2963 Romano,
1229 2918 1340 2953 Gabia
1361 2918 1479 2952 antica
1495 2916 1580 2951 αἰτία
1601 2916 1638 2952 aa·
1653 2916 1789 2951 Sabina

1894 2725 1910 2767 isr.
1888 2520 1910 2716 :namn—222⁴*
