2034 3224
947 233 1336 277 HORATII

438 362 614 408 Fidenis
648 364 794 419 vicus3
827 363 971 406 tamen
1000 361 1089 408 illio
1122 364 1273 409 vivere
1305 365 1465 411 vellem

439 442 690 500 oblitusque
718 452 912 485 meorum
946 442 1259 489 obliviscendus
1294 448 1339 490 et
1372 446 1457 490 iuis

436 522 685 581 Neptunum
717 521 871 580 procul
901 533 930 565 e
961 523 1082 567 terra
1114 526 1314 583 spectare
1347 524 1582 570 furentem.

1859 527 1915 569 10

437 600 531 648 Sed
559 614 714 660 neque,
750 601 821 659 qui
847 595 1005 661 capua
1031 601 1220 648 Romam
1247 606 1370 664 petit,
1405 605 1539 650 imbre
1570 606 1748 664 lutoque

437 681 653 740 Aspersus
687 680 808 724 volet
839 681 883 723 in
918 651 1116 743 caupffina
1143 683 1319 741 vivere3
1351 698 1459 744 neo,
1496 688 1565 744 qui

437 761 599 820 Frigus
635 760 841 819 collegit,
875 759 1025 806 furnos
1061 763 1105 805 et
1137 762 1296 807 balnea
1321 762 1475 808 laudat

434 839 493 885 Ut
524 839 790 885 fortunatam
823 839 952 899 plene
984 843 1253 900 praestantia
1286 842 1439 887 vitam.

363 1024 588 1068 distinguunt
599 1025 638 1057 et.
651 1022 730 1057 sine
741 1021 1028 1066 interrogatione
1039 1022 1118 1068 qui-

363 1082 442 1117 dem
465 1080 550 1115 edd.
569 1079 691 1116 Bentl.
707 1079 800 1115 Cun.
816 1080 930 1113 Gesn.
945 1079 1026 1113 Val.
1047 1079 1115 1115 Fe.

361 1139 410 1174 al.
421 1137 608 1183 complut„
623 1148 701 1172 eum
712 1135 1016 1182 interrogatione:
1034 1136 1117 1179 quid

360 1196 429 1232 εἰη
442 1195 527 1230 edd.
543 1195 654 1240 Cruq.
668 1194 757 1228 Dae.
771 1194 882 1229 Talb.
893 1193 979 1227 San.
991 1192 1114 1227 Maitt.

362 1253 485 1288 Merv.
495 1253 579 1286 Jon.
591 1251 698 1287 Bask.
708 1250 803 1286 Phil.
817 1252 949 1286 anc.
961 1249 1114 1294 Dorigh.

360 1310 483 1344 Wetz.
493 1308 606 1344 Daru.
617 1309 718 1342 Pott.
728 1308 865 1354 Charp.
879 1306 999 1342 Amar.
1012 1307 1116 1341 item-

362 1377 433 1412 que
461 1365 731 1409 Morgenstern.
761 1377 820 1411 ap.
850 1363 1037 1399 Eichstad.
1069 1363 1114 1398 ad

360 1434 398 1457 v.
430 1422 588 1456 Ommer.
622 1433 658 1466 p.
673 1423 778 1465 222„
809 1432 911 1468 quem
939 1420 1115 1456 refutavit

360 1478 561 1513 Schmidius
576 1482 614 1513 et
626 1478 663 1512 in
678 1479 809 1523 Progr.
830 1478 941 1513 schol.
956 1478 1113 1513 Halber-

359 1536 457 1570 stad.
473 1536 577 1571 1826.
598 1540 636 1569 et
650 1536 697 1570 ad
712 1536 748 1569 h.
764 1535 788 1570 l.
818 1547 925 1580 quam
937 1535 994 1572 sit.
1019 1535 1111 1569 Mss.

361 1596 402 1626 ut
423 1593 499 1627 vid.
529 1593 655 1627 hamb.
683 1592 814 1638 pleriq.
839 1604 899 1637 ap.
930 1591 1031 1634 val.;
1067 1603 1112 1626 an

359 1651 498 1684 Bersm.
515 1660 573 1684 un.
591 1653 629 1683 et
641 1649 802 1684 corbei?
817 1649 913 1684 Edd.
930 1649 1011 1683 Ald.
1028 1647 1110 1684 501.

359 1707 418 1741 19.
444 1707 544 1742 Junt.
563 1706 646 1741 503.
663 1704 721 1740 14.
739 1708 796 1742 19.
825 1707 908 1740 Asc.
926 1704 1007 1740 519.
1031 1706 1114 1750 (sed

358 1763 397 1799 in
411 1767 572 1799 annotat.
587 1763 687 1807 quid)
703 1764 788 1798 Bas.
805 1763 888 1798 531.
913 1763 1016 1797 Glar.
1030 1763 1111 1797 Mu-

358 1825 429 1855 tet.
446 1820 571 1854 Lamb.
591 1820 722 1855 Irenic.
738 1819 823 1864 xyl.
845 1820 957 1854 Fabr.
971 1824 1010 1854 et
1025 1821 1110 1855 Bas.

359 1875 442 1916 580.
471 1876 567 1911 Pisc.
590 1876 727 1911 Biedm.
754 1878 803 1912 H.
821 1876 951 1921 steph.
973 1877 1111 1921 (Diatr.

360 1945 435 1970 see.
450 1945 489 1979 p.
504 1930 609 1976 149.)
626 1934 742 1968 Pulm.
757 1933 849 1968 Min.
866 1933 979 1968 Chab.
999 1934 1109 1969 Torr.

357 1991 494 2026 Rerum.
522 1989 639 2025 Bond.
670 1990 814 2025 Maroll.
843 1990 937 2024 Fab.
967 1990 1110 2025 Rodell.

358 2049 480 2083 Burm.
503 2047 637 2092 Despr.
663 2047 752 2086 Dae,
776 2047 908 2085 Zurek.
929 2047 1053 2093 Camp.
1075 2052 1113 2082 et

359 2116 420 2152 qu.
440 2103 537 2140 land.
561 2104 651 2138 Fea.
684 2105 732 2138 At
753 2116 860 2148 quam
880 2103 925 2138 sit
943 2105 1112 2138 desertior

358 2161 551 2196 verborum
558 2164 738 2196 structura
747 2172 861 2206 paene
872 2159 1031 2195 inaudita
1041 2166 1111 2206 est,

357 2219 397 2255 id
422 2218 519 2265 quod
535 2220 638 2252 recte
658 2217 772 2253 sensit
788 2216 976 2252 Dacerius.
1019 2218 1111 2252 Ver-

357 2287 434 2311 sum
462 2279 502 2310 et
525 2279 604 2310 tres
628 2287 731 2322 seqq.
754 2285 822 2321 pro
848 2274 968 2308 nothis
1001 2275 1111 2309 habet.

357 2333 524 2378 (iugem.

413 2389 459 2423 V.
474 2389 613 2424 8—11.
627 2387 734 2422 vicus.
748 2386 839 2422 Mas.
856 2389 895 2420 et
910 2385 993 2421 edd.
1010 2385 1107 2429 vulg.

356 2445 451 2479 vicis.
485 2445 575 2480 Mss.
608 2445 721 2482 Pulm.
762 2443 954 2489 (quatenus
987 2442 1105 2486 tacet)

357 2501 495 2535 Bersm.
520 2505 611 2537 tres.
640 2502 710 2538 Fe.
726 2502 769 2545 1,
801 2505 832 2534 t.
858 2501 898 2543 2,
932 2499 959 2534 f.
983 2499 1042 2534 Jk.
1069 2499 1105 2534 6.

358 2556 481 2591 Guelf.
500 2559 533 2595 1.
550 2560 583 2593 2.
597 2555 633 2593 4.
650 2559 692 2603 (a
702 2560 735 2593 1.
745 2557 811 2601 m.)
824 2555 946 2592 Berol.
957 2556 990 2591 2.
1004 2555 1105 2590 Mon.

360 2623 394 2646 e·
414 2612 440 2651 ὶ.
460 2613 485 2651 l.
506 2625 550 2647 m.
579 2615 674 2650 vict.
689 2614 856 2650 Rudolst.
891 2612 989 2648 Edd.
1015 2611 1105 2646 Ven.

358 2665 444 2703 477.
469 2669 528 2704 79.
549 2670 606 2707 83.
633 2672 723 2715 (non
748 2671 826 2715 81.)
844 2671 903 2706 86.
929 2669 987 2705 92.
1007 2668 1107 2703 Flor.

357 2721 441 2759 482.
470 2725 583 2760 Loch.
597 2723 679 2762 498.
707 2728 810 2773 Lips.
831 2725 914 2762 492.
939 2726 998 2761 98.
1026 2724 1107 2761 502.

355 2781 458 2816 Junt.
474 2777 556 2819 514.
573 2783 629 2818 19.
646 2785 734 2826 (non
742 2782 918 2820 Ald.501.
930 2781 1007 2826 19.)
1022 2782 1106 2817 Aze-

358 2835 442 2872 519.
482 2837 565 2872 Bas.
596 2837 677 2872 531.
727 2840 829 2875 Glar.
860 2839 992 2874 Irenic.
1019 2839 1105 2883 Xyl.

359 2893 472 2930 Febr.
495 2893 607 2928 Pulm.
630 2895 726 2929 Pisc.
747 2896 859 2930 Bond.
882 2902 919 2931 et
943 2908 1002 2942 qu.
1032 2897 1107 2930 lau-

359 2951 424 2985 dat
432 2950 522 2986 Fen.
539 2970 590 2977 —
603 2949 698 2985 illuc.
714 2951 885 2987 Ms.Bad.
899 2955 932 2988 1.
951 2965 998 2977 ·—-
1018 2954 1107 2988 mal-

1160 1024 1241 1058 lem.
1265 1023 1334 1058 Ms.
1349 1024 1464 1060 Pulm.
1480 1026 1537 1060 10.
1559 1025 1697 1061 Bersm.
1712 1035 1772 1060 1111.
1784 1023 1911 1070 cumb.

1160 1081 1206 1115 B.
1227 1080 1292 1116 Fe.
1311 1083 1351 1125 1,
1373 1093 1405 1116 a.
1421 1082 1460 1126 (a
1479 1084 1513 1119 2.
1529 1080 1595 1131 m.)
1612 1074 1724 1119 1134.
1743 1079 1779 1116 5.
1801 1081 1912 1117 eete-

1159 1148 1237 1172 rum
1251 1137 1297 1172 de
1312 1137 1450 1183 syllaba
1463 1139 1578 1185 prima
1600 1140 1639 1175 iu
1652 1152 1689 1176 v.
1709 1138 1855 1174 fidem
1872 1142 1913 1174 et

1158 1193 1218 1228 hie
1237 1198 1276 1228 et
1288 1195 1397 1240 Prop,
1413 1192 1458 1240 4,
1475 1197 1494 1231 1
1507 1222 1518 1240 ‚
1532 1196 1592 1232 36.
1611 1197 1694 1233 Juv.
1710 1197 1752 1239 6,
1768 1194 1827 1230 57.
1842 1195 1911 1230 Sil.

1158 1250 1243 1285 Ital.
1275 1251 1339 1296 15,
1378 1253 1437 1287 90.
1466 1253 1644 1298 producta
1674 1253 1750 1288 vid.
1785 1251 1909 1288 Schol.

1160 1308 1272 1354 Cruq.
1307 1313 1346 1343 et
1377 1308 1528 1354 Forbig.
1559 1311 1606 1345 ad
1632 1310 1736 1355 Virg.
1763 1307 1856 1344 Aen.
1873 1309 1910 1353 6,

1158 1365 1242 1404 773.
1255 1391 1266 1408 ‚
1285 1365 1331 1400 de
1354 1366 1557 1410 promiscua
1574 1367 1689 1402 forma
1710 1365 1852 1401 Eidem:
1870 1369 1910 1400 et

1157 1433 1228 1456 nae
1245 1422 1394 1456 Ernest.
1415 1423 1460 1457 ad
1487 1424 1578 1458 Tae.
1597 1423 1690 1459 Anu.
1705 1419 1747 1466 4,
1777 1423 1837 1459 62-
1852 1439 1910 1448 -··

1159 1478 1203 1513 V.
1228 1478 1263 1512 9.
1302 1490 1460 1514 meorum
1479 1484 1513 1513 et
1532 1481 1600 1516 obl.
1631 1481 1675 1515 ab
1702 1479 1784 1515 illic.
1836 1477 1908 1514 Mn.

1158 1534 1280 1569 Guelf.
1297 1537 1331 1571 2.
1347 1555 1405 1562 —
1418 1541 1453 1570 et
1463 1536 1559 1581 ipsis.
1575 1537 1664 1572 Mes.
1685 1537 1822 1571 Bersm.
1837 1534 1907 1571 duo

1157 1597 1196 1626 et
1215 1592 1322 1627 Dess.
1339 1595 1373 1627 1.
1408 1611 1458 1618 —
1489 1593 1534 1628 V.
1551 1595 1609 1632 10.
1626 1605 1670 1628 a·
1684 1599 1796 1629 term.
1814 1591 1906 1627 Mes.

1157 1649 1272 1685 Pulm.
1293 1651 1328 1685 2.
1358 1649 1586 1694 Fe.1‚a.d.
1605 1648 1907 1694 m.t.2„e,f.3,

1158 1718 1189 1741 e.
1204 1707 1246 1750 6,
1262 1706 1298 1745 b.
1313 1708 1354 1751 7,
1369 1718 1402 1741 a.
1417 1706 1511 1751 b.9,
1532 1719 1564 1741 e.
1580 1704 1691 1743 Jk.4.
1717 1705 1830 1742 Orell.
1846 1706 1906 1740 bc.

1157 1764 1262 1797 Dess.
1281 1765 1314 1798 1.
1347 1763 1460 1798 Dorv.
1484 1765 1518 1799 1.
1535 1766 1568 1800 2.
1599 1763 1712 1799 Goth.
1738 1764 1844 1799 Gott.
1871 1764 1906 1798 1.

1156 1820 1256 1855 Mon.
1271 1820 1300 1854 f.
1316 1832 1352 1866 g.
1368 1825 1407 1854 et
1420 1818 1515 1854 Viet.
1532 1832 1554 1854 a
1566 1826 1679 1856 terra.
1701 1819 1772 1855 Ms.
1792 1819 1908 1855 Pulm.

1156 1874 1192 1912 4.
1222 1878 1290 1913 Fe.
1305 1879 1348 1922 6,
1373 1889 1405 1912 a.
1421 1887 1454 1911 e.
1479 1876 1601 1911 Guels.
1617 1878 1651 1914 2.
1675 1873 1712 1912 4.
1746 1877 1854 1911 Gott.
1870 1877 1905 1912 2.

1156 1934 1255 1969 Mon.
1272 1946 1305 1968 e.
1338 1934 1395 1968 De
1414 1934 1529 1968 forma
1550 1946 1570 1968 e
1584 1936 1622 1968 et
1637 1945 1681 1968 ex
1701 1933 1844 1979 (Guelf.
1867 1932 1905 1968 3.

1157 1991 1224 2034 est)
1249 1991 1296 2025 cf.
1323 1982 1447 2026 Hand.
1470 1990 1578 2025 Turs.
1603 1990 1652 2025 Π.
1688 2001 1727 2036 p.
1746 1989 1818 2026 613
1847 2001 1903 2036 sq.

1159 2067 1208 2073 —
1233 2059 1389 2093 operare.
1413 2047 1486 2082 Ms.
1510 2046 1622 2082 Goth.
1650 2067 1710 2073 —
1725 2051 1906 2092 sacrentu-

1155 2104 1259 2149 Lips.
1275 2106 1308 2140 2.
1327 2124 1384 2130 -—
1398 2104 1442 2138 V.
1455 2105 1513 2138 11.
1530 2105 1703 2150 Capuam.
1717 2103 1789 2138 Me.
1804 2102 1903 2138 Mon.

1156 2172 1188 2195 e.
1205 2180 1263 2187 -
1274 2166 1383 2207 petet.
1401 2161 1472 2195 Ed.
1488 2159 1633 2196 Minois.
1651 2179 1706 2185 —
1716 2159 1826 2195 inbre.
1841 2159 1905 2194 sic

1156 2229 1219 2252 ms,
1242 2218 1348 2252 Dess.
1376 2219 1410 2254 2.
1441 2218 1527 2252 urbe
1540 2218 1694 2261 lutoque.
1725 2215 1846 2250 Guelf.
1869 2217 1902 2252 2.

1155 2275 1308 2318 locoque.
1323 2274 1446 2309 Guelf.
1459 2273 1495 2308 3.
1514 2274 1569 2308 De
1583 2273 1695 2306 forma
1707 2271 1816 2306 imbre
1826 2272 1903 2306 Ho-

1154 2331 1247 2365 ratio
1267 2330 1400 2365 usitata
1425 2330 1520 2365 conf.
1536 2330 1643 2363 Voss.
1662 2327 1777 2363 Arist.
1792 2328 1843 2364 Π.
1862 2339 1901 2374 p.

1154 2388 1236 2423 615.
1265 2387 1392 2422 Eckst.
1415 2386 1498 2421 coll.
1514 2386 1556 2422 C.
1574 2383 1743 2420 schneid.
1760 2385 1902 2421 Elmtrl.

1149 2456 1186 2489 p.
1203 2444 1284 2480 232.

1207 2556 1251 2590 V.
1266 2556 1322 2591 12.
1342 2555 1483 2600 Aspen.
1501 2553 1563 2587 Sic
1577 2565 1659 2588 mss.
1675 2553 1783 2589 Dese.
1797 2553 1899 2598 Lipn.

1150 2623 1242 2648 omn.
1258 2611 1370 2645 Goth.
1386 2611 1492 2646 Gott.
1510 2612 1544 2646 2.
1567 2629 1623 2637 —
1646 2611 1692 2649 V.
1708 2609 1767 2646 13.
1789 2609 1900 2644 Gouo-

1147 2668 1204 2715 git
1211 2668 1350 2714 frigus.
1370 2667 1458 2702 Mes.
1475 2667 1544 2702 duo
1559 2667 1696 2702 Bersm.
1711 2685 1770 2692 —-
1782 2665 1827 2699 V.
1841 2660 1898 2700 14.

1147 2725 1201 2771 pl.
1231 2724 1438 2770 spectantia.
1471 2724 1543 2759 Ms.
1574 2723 1695 2758 Guelf.
1721 2718 1758 2756 4.
1789 2722 1900 2766 plane

1149 2787 1283 2827 praest.
1310 2781 1382 2816 Ms.
1402 2780 1569 2816 Rudolst.
1597 2779 1694 2814 Edd.
1709 2777 1800 2811 Ven.
1814 2773 1898 2813 486.

1150 2838 1207 2874 92.
1242 2837 1343 2883 Lips.
1365 2834 1448 2873 492.
1469 2837 1578 2881 (98¹3)
1601 2833 1682 2870 502.
1716 2834 1800 2868 Asc.
1815 2832 1896 2869 519.

1150 2895 1240 2930 Min.
1256 2895 1302 2928 al.
1332 2895 1386 2928 De
1410 2893 1615 2928 confusione
1636 2891 1711 2925 hor.
1737 2901 1798 2926 vV.
1823 2884 1897 2926 v‘id.

1153 2953 1173 2988 2
1186 2978 1196 2998 ,
1211 2948 1248 2986 4.
1266 2958 1303 2986 ει
1319 2951 1431 2986 Giese
1445 2950 1490 2985 ad
1505 2948 1583 2983 Cic.
1604 2948 1649 2982 de
1665 2947 1787 2982 Divin.
1804 2947 1846 2993 2,
1862 2948 1895 2983 1.
