1910 3138
309 223 394 265 '434
439 222 718 264 COMMENT.
736 222 793 261 IN
812 221 935 262 HOR.
963 221 1063 261 LlB.
1083 222 1111 260 1.
1146 221 1314 262 EPIST.
1334 220 1741 262 DUoDEchSffl.
1787 222 1843 262 86

311 338 448 376 comite
476 338 639 383 viatore,
678 335 804 386 ampla
831 347 992 385 namque
1020 339 1112 385 toga
1141 335 1214 373 iter
1248 335 1403 374 facienti
1429 334 1587 374 molesta
1616 338 1697 382 est,
1733 336 1776 372 ut
1803 337 1844 372 et

311 419 404 456 opes
433 404 514 442 viro
543 404 643 442 bono
673 403 851 441 virtutem
879 403 1092 452 mentisque
1113 403 1312 441 sanitatem
1331 403 1531 442 sectanti.“
1574 403 1719 441 Contra
1747 403 1846 441 Tor-

309 474 459 510 rentius
484 472 629 521 „amici
657 471 825 522 potentis
850 470 1159 509 assentatorem“
1188 470 1328 519 sentit,
1363 471 1478 520 „cui‚
1501 471 1535 510 si
1562 471 1708 522 sapiat,
1746 471 1845 509 idem

310 541 372 590 qui
406 543 544 590 togae,
583 540 697 578 etiam
726 539 911 577 libertatis
941 552 1008 576 seu
1046 539 1217 577 licentiae
1245 538 1380 575 modus
1408 538 1730 589 praescribatur.“
1784 537 1847 576 De

308 607 449 657 ampla
483 608 673 646 hominum
703 607 762 645 vel
798 607 952 646 divitum
991 605 1052 644 vel
1086 605 1369 644 delicatulorum
1403 606 1463 644 vel
1499 607 1725 656 elegantium
1753 613 1848 657 toga

309 676 386 713 vid.
413 675 568 716 Mitsch.
601 679 639 714 et
666 675 780 713 Both.
810 676 857 713 ad
888 675 1014 725 Epod.
1046 672 1095 722 4,
1124 675 1164 715 8.
1194 673 1320 712 Schm.
1350 674 1399 712 ad
1427 674 1463 712 h.
1495 672 1521 713 l.
1550 679 1589 714 et
1617 675 1766 714 Becker
1794 676 1845 712 ad

310 745 409 782 Gall.
435 744 481 785 ΙΙ.
517 758 555 795 p.
585 744 639 784 81
667 757 753 794 sqq.
800 742 887 782 coll.
926 741 1163 793 Dillenburg.
1223 743 1382 787 Quaest.
1410 741 1548 781 Horat.
1574 743 1708 795 partic.
1739 744 1779 784 1.
1806 746 1845 780 et

312 811 357 849 ll.
387 825 425 863 p.
451 813 545 853 111.

421 879 467 918 V.
496 879 551 920 31
580 899 638 908 -—-
662 880 732 921 36.
783 866 1030 929 Eutrapelus
1056 900 1114 907 —-
1142 877 1360 916 caballum.
1419 879 1564 929 „Haec
1597 878 1683 930 ipsa
1717 890 1849 917 narra-

310 948 474 986 tiuncula
502 948 636 996 docet,
665 947 835 985 homines
862 948 1077 996 tenuiores,
1107 947 1170 997 qui
1190 946 1291 985 intra
1317 959 1421 985 suam
1451 947 1640 985 fortunam
1668 958 1754 984 esse
1776 958 1849 984 no·

310 1014 379 1053 lint
406 1015 570 1065 indeque
599 1015 755 1053 divitum
785 1018 992 1064 sequantur
1020 1014 1217 1062 stultitias,
1246 1028 1288 1053 se
1316 1015 1370 1052 ire
1399 1013 1630 1065 perditum.“
1678 1013 1847 1066 Aliter-¹⁸¹)

311 1083 374 1132 qui
403 1082 526 1121 locum
555 1083 764 1135 explicant,
792 1083 1019 1120 narrationis
1047 1086 1111 1120 aut
1139 1087 1287 1134 partem
1315 1085 1496 1133 carpunt,
1524 1086 1591 1120 aut
1619 1082 1692 1121 alio
1722 1083 1851 1121 detor-

311 1155 450 1200 quent,
486 1153 556 1190 sed
584 1151 662 1192 vid.
690 1163 780 1190 ann.
809 1151 859 1188 ad
888 1152 929 1200 6,
964 1150 1032 1192 58.
1074 1150 1184 1188 Arta
1214 1154 1341 1188 autem
1369 1152 1463 1201 toga
1492 1151 1735 1189 vestimentis
1756 1164 1850 1202 pre-

311 1219 419 1256 tiosis
453 1220 562 1269 quasi
589 1218 820 1271 praelusisse
850 1219 1019 1270 putanda
1048 1223 1120 1260 est,
1178 1217 1465 1268 Eutrapelum,
1507 1231 1618 1269 quem
1652 1219 1853 1271 Cruquius

310 1300 380 1337 pro
408 1300 574 1338 persona
598 1289 686 1327 ficta
713 1287 846 1333 habet,
875 1299 1006 1324 omnes
1032 1287 1112 1326 fere
1139 1287 1366 1338 interpretes
1390 1285 1592 1324 Lambino
1622 1291 1777 1326 auctore
1805 1286 1850 1326 P.

312 1353 574 1405 Volumnium,
615 1356 777 1407 equitem
810 1356 1024 1394 Romanum
1063 1354 1163 1405 (Cic.
1193 1355 1265 1406 Ep.
1295 1355 1345 1392 ad
1374 1353 1461 1392 Div.
1489 1356 1530 1405 7,
1559 1354 1628 1397 32.
1651 1355 1721 1396 33.
1761 1355 1852 1394 Phi-

313 1422 404 1473 lipp.
434 1422 502 1469 13,
535 1425 573 1464 2.
612 1424 755 1476 Nepot.
781 1423 895 1462 Attio.
922 1425 961 1464 9.
993 1424 1060 1464 10.
1091 1424 1176 1474 12.)
1215 1423 1334 1461 fuisse
1359 1422 1511 1471 dicunt,
1540 1423 1653 1474 -quod
1678 1423 1852 1475 plurimis

313 1490 362 1528 de
387 1490 510 1528 causis
538 1493 750 1541 negandum
776 1492 952 1532 arbitror.
998 1491 1119 1530 Poeta
1143 1491 1243 1530 enim
1264 1491 1392 1542 potius
1411 1490 1610 1528 notissimo
1638 1491 1854 1543 Eua-apoli

314 1558 466 1596 nomine
503 1571 549 1596 eo
578 1561 715 1609 modo,
756 1573 830 1611 quo
867 1559 1023 1597 Bolani
1057 1558 1158 1609 (Sat.
1188 1562 1227 1608 1,
1259 1557 1301 1607 9,
1333 1559 1426 1610 ll),
1473 1558 1652 1596 Scaevae
1678 1559 1780 1611 (Sat.
1809 1562 1850 1608 2,

318 1627 356 1674 1,
386 1626 481 1675 53),
517 1627 630 1664 Mun·
665 1627 803 1679 (Epist.
831 1628 873 1678 1,
901 1631 941 1678 6,
971 1627 1043 1679 22)
1070 1628 1110 1665 in
1139 1639 1246 1665 suam
1279 1639 1360 1664 rem
1388 1626 1512 1665 facete
1545 1640 1637 1666 usus
1669 1631 1741 1666 est.
1791 1627 1852 1667 De

315 1693 386 1730 hac
420 1693 569 1732 Horatii
585 1695 648 1746 **)
689 1697 980 1745 consuetudine,
1018 1695 1169 1734 nomina
1204 1695 1358 1746 propria
1393 1694 1454 1733 vel
1492 1698 1592 1734 tecte
1626 1695 1688 1734 vel
1722 1699 1854 1748 aperte

431 1838 471 1886 *)
491 1843 680 1877 Lambinus
698 1843 808 1877 stulto
828 1842 933 1877 diviti
952 1849 990 1876 et
1015 1843 1175 1889 improbo
1196 1843 1388 1878 orationem
1415 1842 1503 1888 fingi
1531 1843 1696 1889 opinatur
1712 1842 1855 1890 sapien-

317 1903 388 1932 tem
407 1901 443 1934 et
457 1910 576 1933 veram
588 1925 598 1943 ‚
619 1905 659 1933 ut
672 1903 773 1934 tanto
791 1898 950 1944 apertius
962 1899 1194 1943 demonstret,
1213 1899 1359 1935 divitias
1375 1900 1504 1934 homini
1517 1900 1726 1945 praesertim
1741 1911 1852 1946 provo

318 1962 357 1990 et
374 1955 557 2000 insipienti
577 1967 706 1990 nocere
724 1955 842 2001 potius
863 1966 964 2000 quam
989 1955 1180 2000 prodesse,
1201 1956 1369 2002 imprimis
1388 1957 1494 2001 illud,
1515 1968 1584 1992 non
1603 1958 1727 1993 eadem
1743 1956 1854 1992 licere

317 2012 483 2047 inferiori
502 2011 612 2046 amico
625 2037 634 2055 ,
654 2022 743 2057 quae
764 2011 954 2057 superiori.
970 2012 1057 2044 Inde
1077 2011 1173 2044 effici
1189 2013 1264 2046 vult
1282 2013 1457 2058 Dubium,
1479 2013 1666 2050 stultitiam
1682 2013 1854 2048 divitibus

319 2069 567 2115 ignoscendam
587 2080 666 2103 esse
686 2074 724 2102 et
742 2080 829 2114 opes
850 2068 1006 2102 homines
1026 2067 1155 2101 stultos
1173 2069 1352 2104 stultiores
1372 2070 1536 2106 reddere.
1584 2070 1757 2115 Umquam
1775 2081 1855 2104 sen-

318 2127 467 2162 tentiam
485 2126 595 2160 sentit
614 2136 815 2171 expressam
836 2124 982 2159 similem
1001 2123 1056 2168 ei,
1078 2134 1179 2169 quam
1205 2124 1333 2160 habeat
1354 2126 1567 2162 Aristoteles
1595 2127 1719 2172 (Rhet.
1741 2129 1776 2171 2,
1796 2126 1853 2162 23.

319 2196 357 2230 p.
375 2185 454 2220 126.
475 2183 532 2218 ed.
554 2186 702 2218 stereot.
724 2182 806 2217 coll.
821 2180 957 2216 Luisin.
977 2181 1126 2225 Parerg.
1144 2182 1179 2224 2,
1195 2182 1229 2216 6.
1249 2193 1307 2226 ap.
1326 2183 1469 2218 Gruter.
1489 2183 1553 2218 ΙΙΙ.
1573 2194 1611 2228 p.
1629 2180 1730 2227 460),
1752 2183 1854 2218 deum

319 2241 501 2286 ingentem
521 2239 638 2274 multis
659 2239 782 2284 largiri
802 2236 1029 2281 felicitatem,
1050 2249 1119 2271 non
1140 2237 1232 2282 quod
1252 2238 1298 2272 iis
1317 2239 1407 2273 bene
1428 2239 1515 2274 velit
1528 2265 1538 2283 ,
1563 2241 1627 2275 sed
1646 2239 1737 2275 utin
1761 2240 1855 2275 cala-

320 2299 462 2333 mitates
493 2297 678 2342 graviores
697 2295 867 2331 incidant.
915 2294 963 2329 D.
988 2294 1147 2329 Heinsius
1167 2294 1230 2338 (de
1251 2295 1330 2329 Sat.
1351 2295 1451 2330 Rom.
1473 2308 1508 2341 p.
1530 2294 1616 2343 258)
1645 2295 1681 2331 id
1702 2297 1856 2342 politices

319 2356 546 2390 simulacrum
565 2353 743 2400 appellat,
774 2353 868 2399 quod
887 2351 979 2386 aliud
1001 2351 1103 2397 quasi
1131 2350 1267 2396 agendo
1287 2351 1509 2386 acutissimus
1529 2353 1642 2388 Poeta
1658 2352 1719 2387 'hic
1742 2358 1855 2388 notet.

321 2413 375 2447 Ab
399 2417 553 2457 utroque
578 2423 647 2445 non
677 2410 847 2445 abhorret
877 2409 1073 2455 Rappoltus
1100 2408 1151 2453 (p.
1178 2407 1276 2451 805).
1322 2407 1594 2454 philosophatur
1623 2410 1856 2446 Sanadom:

323 2469 402 2512 „Ce
421 2467 510 2502 trait
531 2472 587 2503 est
604 2467 797 2502 admirable
816 2473 854 2502 et
867 2465 1079 2501 caracterise
1098 2463 1189 2501 celui
1207 2464 1294 2499 dont
1310 2464 1337 2498 il
1356 2470 1450 2510 part.
1488 2466 1556 2500 Les
1574 2466 1694 2502 Graus
1711 2469 1855 2513 preten—

323 2526 427 2567 dent,
458 2536 525 2570 que
542 2525 636 2559 leurs
667 2524 842 2559 richesses
862 2524 938 2559 leur
957 2526 1173 2569 permettent
1191 2521 1360 2567 quelques
1383 2521 1498 2557 solies.
1530 2523 1747 2569 Eutrapelus
1768 2521 1856 2558 aloit

322 2583 400 2627 plus
420 2581 493 2616 loin
506 2608 516 2625 ‚
535 2581 562 2615 il
577 2582 720 2626 jugeoit
739 2592 808 2627 que
827 2581 861 2615 la
879 2579 963 2615 folie
983 2584 1039 2614 est
1056 2578 1281 2625 inseparable
1300 2578 1362 2613 des
1384 2578 1582 2621 richesses;
1603 2584 1640 2614 et
1661 2591 1752 2626 pout
1766 2578 1856 2615 saite

323 2643 469 2673 tourner
483 2639 518 2672 la
536 2641 612 2673 tete
631 2639 651 2672 ὲ
671 2649 717 2672 un
736 2638 888 2681 homme,
908 2636 933 2670 il
948 2648 991 2670 ne
1005 2635 1223 2671 connoissoit.
1242 2636 1342 2681 point.
1359 2635 1402 2670 de
1420 2636 1501 2681 plus
1520 2646 1581 2671 sur
1594 2636 1708 2671 moion
1727 2647 1796 2682 que
1809 2634 1853 2669 de

324 2694 413 2729 faire
433 2695 627 2729 seulement
643 2694 732 2728 luite
751 2696 772 2728 a
791 2705 848 2729 ses
867 2705 960 2739 yeux
976 2705 1022 2727 un
1041 2693 1152 2728 foible
1171 2691 1283 2727 raiion
1305 2693 1349 2727 de
1369 2693 1404 2728 la
1422 2694 1604 2728 ἰοιτιιῐιο.ιι
1640 2692 1799 2729 Dfintzaer
1815 2690 1853 2725 in

325 2750 414 2786 hanc
433 2751 558 2786 incidit
572 2751 800 2786 sententiam:
821 2751 947 2794 „Oder
964 2762 1002 2785 er
1018 2750 1165 2785 benutzt
1183 2748 1284 2784 deine
1300 2749 1450 2794 Fehler‚
1468 2761 1524 2784 um
1539 2750 1614 2784 sich
1627 2748 1728 2783 einen
1741 2748 1853 2792 δραι

325 2806 388 2840 mit
401 2808 456 2842 dir
472 2819 515 2842 zu
532 2808 675 2842 macheu
691 2809 761 2842 und
775 2807 857 2842 dich
872 2807 975 2842 deine
991 2806 1218 2852 Nichtigkeit.
1231 2817 1286 2840 um
1301 2818 1340 2842 so
1360 2808 1492 2842 bittrer
1506 2805 1624 2840 siihlen
1639 2815 1683 2838 zu
1696 2803 1852 2838 lassen.“

420 2862 475 2906 **)
497 2865 586 2898 Num
606 2865 691 2910 Jeep
709 2865 746 2899 in
762 2866 891 2909 Progr.
913 2865 1022 2898 schol.
1044 2864 1228 2898 Guelferb.
1246 2861 1356 2899 1841:
1385 2863 1523 2898 Horatii
1540 2860 1606 2896 loci
1623 2861 1691 2895 duo
1709 2871 1728 2894 e
1746 2858 1851 2894 tertia

327 2917 405 2951 libri
422 2920 523 2963 primi
536 2921 658 2955 Satira
676 2922 822 2956 tractati
835 2925 915 2964 etc„
940 2920 976 2954 in
996 2931 1062 2965 quo
1085 2920 1203 2955 Virum
1223 2920 1367 2955 doctiss.
1388 2919 1489 2954 utilia
1507 2918 1551 2952 de
1575 2914 1768 2951 Horatiano
1790 2927 1851 2950 no-
