1910 3138
81 132 137 189 §i
193 133 470 190 omnm
488 140 549 182 m
566 142 691 185 non
714 143 812 184 Lm.
832 146 861 188 1.
908 145 1071 185 must.
1090 142 1252 217 rag-r.
1269 145 1451 189 nsscm.
1510 149 1590 194 181

159 264 247 306 VJ
265 256 333 308 14.
381 266 437 304 Ut
457 268 669 306 vinoea—
688 268 819 309 lanae.
863 271 976 310 Schol
995 271 1137 323 Cruq.:
1163 272 1350 325 „Pyrrhia
1373 287 1509 315 nomen
1533 283 1593 316 est

77 333 233 387 adn-e
258 335 300 374 iu
322 335 484 385 quadam
513 335 640 374 fabula
664 335 818 388 Titinii,
846 351 942 390 quae
974 339 1099 379 furata
1126 339 1235 380 lanne
1265 341 1413 394 glomos
1441 344 1495 383 ita
1520 358 1590 396 ge·

76 400 212 453 mit,
236 405 282 442 ut
306 401 544 454 deprehensa
570 404 620 442 sit
634 403 685 456 ²⁰¹).
742 405 812 444 1110
835 407 979 445 monito
1003 408 1102 447 haud
1133 409 1245 447 dubie
1270 409 1366 449 Bor.
1396 412 1514 462 avit,
1542 427 1590 451 ne

74 467 190 508 meni
213 469 373 522 perinde
399 469 650 522 abderentur,
689 484 733 510 ac
762 475 794 511 si
820 474 922 512 furto
950 475 1125 515 subducti
1152 481 1293 516 essent.
1349 476 1443 516 Huic
1469 480 1588 519 inter-

71 537 275 591 p‘r'etafioui
294 549 320 575 a
343 535 642 576 R.Jaoob⁸1’‹›
677 554 754 579 non
790 546 943 593 spretae
975 544 1030 582 ita
1061 543 1278 595 obloquitur
1313 539 1510 596 Du'mtur,
1544 555 1587 587 ut

0 610 6 617 “
71 607 168 646 lunc
193 605 266 645 sibi
291 605 521 656 cogitatione
549 607 667 658 fingat
697 609 915 658 imaginem:
942 623 1024 661 „es
1053 612 1105 651 ist
1132 613 1194 650 die
1220 611 1486 653 verschiedene
1516 615 1584 654 Art

71 673 140 715 dea
156 673 324 715 Balteus
350 677 461 711 unter
494 675 563 712 der
590 674 729 713 Achsel
756 677 935 726 gemeint.
990 678 1071 717 Der
1106 679 1230 718 Bauer
1260 692 1362 718 muss
1389 683 1463 720 de·
1492 684 1583 722 Arm

69 745 111 783 in
138 753 298 795 grosseti
325 740 459 791 Bogen
481 741 630 792 hulten,
658 743 719 782 die
742 743 895 794 Pyrrhia
921 745 984 784 ihn
1012 746 1110 786 oben
1134 748 1212 786 sest
1236 760 1464 799 anproeseu,
1490 751 1583 789 eud-

68 810 142 850 lieh
168 803 237 849 dei·
263 807 448 855 tribulis,
477 811 546 848 der
572 811 715 849 Sohlen
743 813 819 850 und
844 811 923 851 Hut
949 814 1126 865 festhalt,
1154 815 1222 871 hat
1249 815 1325 853 den
1351 818 1441 854 Arm
1466 821 1581 856 unteu

66 880 146 919 fest
169 877 365 927 auliegen,
393 890 437 914 so
467 878 556 916 dass
584 879 647 917 die
671 884 890 930 'genannten
909 880 1182 932 Gegenstiinde
1205 883 1273 921 der
1298 896 1373 921 von
1396 883 1494 922 oben
1520 884 1581 923 bis

66 952 183 987 unten
210 945 407 996 gehenden
437 944 600 985 leichlen
621 947 796 999 Biegung
808 949 871 1000 **)
899 949 1074 998 gehalten
1101 951 1263 989 werden.
1272 951 1301 975 ‘⁶
1324 973 1382 980 —
1405 952 1581 1004 RyrrIu'a

66 1029 99 1054 s.
126 1014 292 1066 Byrrha,
319 1013 490 1063 Burrha,
519 1013 661 1064 Burra,
690 1014 800 1052 Birra
823 1014 999 1066 (Quintil.
1026 1017 1118 1057 Inst.
1139 1020 1180 1067 1,
1199 1016 1242 1067 4,
1262 1019 1329 1060 15.
1356 1019 1447 1058 Isid.
1466 1021 1576 1072 Orig.

68 1086 109 1133 1,
131 1083 209 1133 26,
227 1075 268 1122 4.
292 1080 339 1119 C.
365 1079 542 1120 Sehneid.
566 1081 784 1120 Elemntarl.
813 1095 854 1133 p.
873 1081 960 1132 42.)
988 1098 1034 1124 ex
1061 1090 1187 1136 etymo
1205 1086 1343 1124 femina
1360 1088 1464 1138 rufa,
1491 1103 1576 1127 rus—

65 1151 122 1190 sei
148 1149 286 1188 eoloris
314 1151 354 1186 et
381 1147 463 1186 sine
500 1148 615 1187 dubio
649 1154 807 1202 propter
833 1149 1072 1190 bibacitatem
1099 1153 1153 1190 sic
1180 1153 1295 1191 dicta.
1320 1153 1406 1193 Vid.
1434 1156 1575 1208 Smlig.

63 1219 115 1257 ad
137 1217 245 1257 Fest-
280 1229 322 1268 p.
353 1216 421 1258 26.
445 1213 541 1258 844.
570 1216 778 1269 (Lindem.)
805 1217 889 1256 coll.
924 1218 1087 1258 Salmas.
1124 1220 1174 1257 ad
1209 1221 1368 1260 Tertull.
1406 1222 1455 1260 de
1478 1222 1573 1262 Pau.

59 1300 100 1339 p.
122 1286 191 1327 80.
227 1284 307 1336 (ed.
330 1282 455 1334 Lugd.
483 1283 569 1322 Bat.
601 1285 755 1336 1656.).
798 1286 985 1336 Apposite
1020 1288 1135 1338 igitur
1170 1289 1328 1338 vinosa,
1359 1302 1574 1341 quanquam

59 1355 99 1394 h.
126 1366 165 1392 v.
198 1352 395 1404 quominus
430 1356 585 1398 auctore
623 1352 836 1390 Scholiasta
873 1353 990 1404 Cruq.
1027 1368 1098 1406 pro
1135 1354 1243 1393 ebria
1278 1356 1417 1396 habeas
1447 1364 1574 1398 vemat

56 1423 158 1471 ioci,
184 1424 229 1458 ut
258 1422 306 1470 1,
334 1419 411 1468 38,
443 1421 517 1468 19,
545 1420 585 1459 6.
614 1420 698 1457 coll.
720 1419 767 1461 A.
788 1420 886 1458 Gen.
905 1421 954 1470 4,
979 1421 1019 1460 9.
1047 1422 1264 1476 Aeute***)
1288 1425 1569 1464 Woelandim:

58 1490 151 1540 „die
176 1487 252 1526 alte
278 1485 571 1524 Weinflasche.“
623 1486 748 1525 Verba
773 1494 898 1527 autem
921 1489 1084 1541 glomus
1101 1491 1208 1542 sur-t.
1236 1491 1356 1529 lanae
1382 1494 1438 1531 sic
1465 1507 1571 1532 com-

58 1560 249 1608 ponuntur
271 1559 315 1592 ut
340 1553 487 1590 modici
506 1552 647 1599 Liberi
672 1568 838 1593 munera
864 1556 940 1594 od.
970 1559 1010 1607 1,
1039 1559 1105 1608 18,
1134 1560 1191 1610 7.,
1219 1559 1424 1613 Phrygiae
1444 1562 1571 1614 Myg-

168 1770 208 1816 *)
234 1771 339 1817 Apud
362 1772 643 1819 Porphyrionem
663 1775 701 1808 in
728 1776 785 1810 ed.
802 1774 957 1810 Braunh.
974 1787 1062 1821 pro:
1092 1778 1291 1824 ,‚Pyrrhia]
1309 1779 1401 1813 bene
1417 1778 1561 1814 dictum.

61 1827 226 1864 Aniculae
243 1828 390 1863 ancillae
405 1840 528 1864 nomeu
546 1831 592 1865 ad
610 1835 864 1878 contemptum,
892 1838 933 1867 ut
949 1831 1002 1867 ait
1019 1834 1183 1869 Persius:
1209 1836 1390 1871 Pannucia
1405 1836 1563 1870 Pau-:1⁸⁴⁶

57 1885 305 1920 emendandum
323 1891 396 1919 est:
417 1887 600 1932 „Pyrrhia
617 1888 738 1923 fictum
754 1889 912 1924 aniculae
930 1901 1054 1924 nomeu
1072 1891 1219 1926 ancillae
1239 1911 1289 1918 —
1311 1914 1369 1919 —
1382 1893 1564 1938 pannucia

55 1942 197 1977 Baucis.
214 1941 295 1976 Vid.
314 1941 458 1977 Auctas.
477 1943 608 1979 Comm-
627 1949 702 1979 vet.
723 1957 783 1992 ap.
801 1946 911 1992 Cruq.
930 1953 968 1980 et
980 1947 1082 1982 Pers.
1101 1946 1137 1991 4,
1159 1951 1215 1985 21.
1233 1949 1321 1995 ibiq.
1341 1947 1462 1984 Schol.
1484 1960 1561 1982 cum

53 1997 188 2043 Eauth.
207 2004 245 2033 et
262 1998 383 2043 Jahn„
411 2010 498 2045 quos
515 2001 583 2035 hoc
600 2001 757 2036 scholion
777 2002 992 2048 praeterisse
1007 2004 1164 2042 videtur.
1205 2006 1260 2040 De
1283 2006 1430 2049 wirae,
1455 2012 1560 2049 toga-

52 2059 169 2090 torum
195 2056 369 2101 scriptore
397 2062 479 2102 post
504 2057 704 2093 Fabricium
732 2059 844 2103 (Bibl.
864 2060 927 2094 lat.
947 2057 990 2103 4,
1016 2062 1049 2095 1.
1067 2063 1126 2097 111.
1147 2075 1184 2108 p.
1206 2060 1288 2098 240.
1306 2063 1412 2106 Em.)
1431 2067 1469 2095 et
1487 2061 1558 2094 Bo—

52 2109 164 2146 thium
181 2113 301 2158 (Poet.
315 2113 411 2147 Latii
424 2124 518 2147 scen.
535 2115 679 2159 Fragm.
697 2116 742 2160 V,
757 2118 790 2151 2.
812 2129 848 2162 p.
864 2116 942 2160 58.)
961 2117 1097 2152 erudite
1112 2119 1271 2164 disputat
1287 2119 1442 2162 refutato
1458 2116 1559 2150 simul

52 2166 192 2202 Barthii
212 2165 320 2217 (Adv.
340 2169 406 2212 37,
426 2171 488 2213 22)
507 2171 552 2204 de
571 2172 700 2205 Licinio
725 2178 832 2217 poeta
860 2179 1051 2208 commento
1076 2175 1290 2209 Weiehertus
1312 2175 1349 2207 in
1367 2175 1472 2207 Poet.
1492 2173 1556 2206 lat.

51 2222 173 2270 taliq.
192 2237 229 2270 p.
248 2225 338 2268 373,
358 2225 415 2260 cui
432 2227 523 2260 adde
540 2227 586 2262 de
603 2227 740 2263 nomine
759 2228 865 2263 Vectt'i
882 2234 1005 2265 contra
1023 2230 1311 2265 consuetudinem
1324 2230 1557 2264 Romanorum

53 2281 258 2326 praeposito
281 2282 388 2316 Orell-
407 2282 454 2317 ad
470 2283 506 2318 h.
526 2283 551 2317 l.

131 2357 194 2410 **)
219 2363 303 2398 Mea
320 2365 458 2409 quidem
475 2367 650 2402 sententia
668 2368 757 2402 Hor.
775 2381 845 2402 non
864 2369 904 2403 id
921 2369 1018 2414 egit,
1043 2356 1084 2402 ιιέ
1102 2369 1231 2403 Vinnio
1259 2379 1322 2402 suo
1348 2368 1420 2401 tale
1439 2380 1556 2403 exem—

53 2417 133 2462 plar
147 2427 263 2452 rerum
279 2420 580 2457 minutissimarum
596 2430 822 2469 proponeret.
858 2425 974 2469 Majus
1001 2425 1087 2470 quid
1114 2431 1296 2470 spectasse
1321 2424 1555 2469 prudentissi-

53 2484 144 2508 mum
160 2474 305 2508 Pomm
325 2476 403 2521 quis
420 2485 497 2522 est,
530 2479 591 2524 qui
609 2492 679 2514 non
702 2480 854 2515 videat?
887 2481 935 2514 At
959 2481 1045 2515 boni
1072 2481 1210 2526 quidem
1236 2480 1444 2525 interpretis
1470 2482 1552 2528 erit,

54 2529 207 2564 absurda
225 2531 341 2574 poetis
359 2543 429 2567 nou
446 2535 650 2571 obtrudere.

114 2606 201 2657 ***)
221 2612 315 2647 Bene
335 2614 375 2649 C.
395 2615 552 2651 Pmoun
578 2620 844 2664 „zechlustig“;
866 2624 991 2653 contra
1013 2618 1167 2662 Vossius,
1186 2619 1358 2664 Scheller,
1379 2620 1551 2668 Giinther,

54 2669 283 2715 Guttmann„
303 2670 338 2703 J.
354 2669 507 2704 Merkel:
524 2675 774 2719 „trunkene‚“
793 2675 876 2718 „die
890 2675 1161 2718 betrunkene,“
1182 2675 1430 2712 Valckenoer:
1447 2677 1551 2723 „ivre

13 2766 19 2772 ι
52 2727 91 2758 et
104 2724 372 2760 chancelante.“
402 2725 607 2771 Comparari
621 2735 768 2775 possunt
781 2732 997 2765 Graecorum
1011 2729 1192 2775 φίλοινος,
1213 2730 1432 2778 φιλόποτης,
1446 2737 1549 2778 φιλο-

51 2779 307 2827 ·ιωθωνιστὴς,
326 2782 370 2816 de
391 2781 516 2828 quibus
536 2783 679 2820 disserit
698 2787 897 2821 Athenaeus
922 2789 983 2831 10,
1002 2787 1037 2821 9.
1064 2799 1100 2833 p.
1119 2784 1202 2823 433.
1252 2790 1418 2825 Ceterum
1434 2790 1549 2827 Duce-

53 2837 124 2872 n'nu
141 2842 179 2872 et
196 2838 387 2874 Schmidius
407 2840 436 2874 P
441 2839 580 2885 yrrhiae
597 2841 732 2877 bibacis
750 2847 870 2888 partes
888 2842 925 2877 in
943 2843 1148 2880 Emonam
1163 2851 1263 2880 actas
1281 2847 1483 2893 opinantur.
