1910 3138
291 221 374 264 306
429 223 709 266 COMMENT.
729 223 786 262 IN
803 222 928 265 HOR.
945 222 1044 265 LIB.
1064 223 1094 262 l.
1111 224 1292 268 EPIST.
1308 225 1460 267 sEXT.
1479 226 1659 268 nsscm.
1724 227 1808 272 146

290 350 440 401 μᾶλλον
464 344 559 390 ὅταν
582 349 738 399 φῶσιν,
767 345 842 396 οὓς
869 347 992 389 οἱέται
1019 345 1244 401 α’λκηθεόειν
1264 354 1339 389 etc.
1370 350 1494 404 *Opes
1515 353 1681 405 Quintii,
1709 366 1806 407 qm

288 417 353 455 alii
379 416 612 468 intelligunt,
645 416 795 455 minime
824 416 1060 455 excluserim.
1117 417 1248 468 Inique
1274 421 1401 458 autem
1431 419 1611 463 ded:
1650 422 1808 474 „Quin-

287 486 362 524 tius
392 489 517 523 autem
551 484 614 522 ille
641 505 698 512 ·-—
717 506 776 513 —
802 486 882 536 jam
915 497 1002 537 rem
1029 486 1212 536 insignem
1248 483 1447 535 collegiwe
1480 487 1652 540 videtur,
1692 503 1806 541 quum

288 566 419 591 omnes
448 566 532 591 eum
561 551 720 589 beatum
755 553 1041 603 praedicarent,
1081 557 1230 591 servata
1261 556 1387 592 tamen
1418 553 1488 592 viri
1522 555 1613 596 boni
1636 558 1740 598 sam
1766 563 1806 598 et

286 621 440 662 laudc.“
498 620 680 659 Ceterum
707 621 996 661 Iactamus,——
1022 621 1150 658 omnis
1177 621 1313 667 Roma
1348 621 1512 673 eleganti
1536 623 1720 666 brevitate
1749 626 1807 665 di-

286 689 383 727 citur
411 691 452 726 ut
480 687 525 729 A.
546 688 594 728 P.
622 685 692 730 42.
723 689 797 728 od.
826 687 869 740 4,
902 691 942 739 2,
977 688 1044 730 50·
1070 689 1137 731 51.
1167 689 1292 741 Epod·
1324 691 1394 740 16,
1421 690 1463 730 9.
1494 692 1563 734 16.
1589 693 1658 735 36.
1690 693 1805 734 ovid.

283 756 375 798 Met.
407 755 457 805 5,
483 754 580 797 343.
609 757 676 807 (ib.
707 756 843 810 nach.)
876 758 951 807 10,
983 757 1049 798 18.
1088 757 1163 806 12,
1192 755 1289 799 499.
1331 758 1445 798 Ovid.
1473 759 1591 799 'frist
1622 762 1662 810 1,
1689 762 1735 812 7,
1764 761 1804 803 1.

284 821 443 874 (Loers)
467 826 512 870 2,
543 825 638 866 513.
665 825 811 878 (Jahn).
854 825 933 864 Cic.
960 826 1009 863 de
1038 824 1108 862 Or.
1137 826 1184 874 2,
1213 827 1254 874 6,
1285 823 1352 868 24.
1395 840 1528 866 omnes
1555 827 1617 867 ad
1638 835 1675 867 te
1702 831 1807 868 cim

283 906 376 930 cum
404 891 555 930 tabulis·
583 894 798 932 veniemus.
832 894 895 932 Cf.
925 893 1051 932 Rudd.
1074 892 1123 933 Π.
1151 905 1190 943 p·
1221 893 1317 935 387.
1345 893 1398 933 N.
1425 896 1494 937 76.
1519 897 1633 936 Fabr.
1653 898 1702 936 ad
1718 897 1804 941 Liv.

283 963 361 1011 22,
392 961 469 1010 59,
498 963 537 1003 8.
574 967 614 1001 et
640 963 798 1013 Forbig.
828 963 877 1001 ad
906 962 1014 1011 Virg.
1043 960 1140 999 Aen.
1176 961 1224 1010 6,
1262 960 1359 1003 743.
1409 961 1470 1002 De
1502 963 1661 1004 formula
1697 967 1808 1019 quod

281 1029 401 1068 audis
425 1029 476 1072 cf.
502 1031 545 1080 7,
572 1031 641 1070 37.
673 1036 712 1069 et
735 1031 904 1069 Hildebr.
932 1031 981 1068 ad
1006 1029 1151 1068 Arnob.
1180 1029 1222 1080 5,
1246 1029 1317 1070 35.
1345 1044 1386 1082 p.
1415 1029 1512 1072 474.

395 1098 444 1136 V.
477 1100 542 1140 19.
572 1100 639 1141 20.
681 1099 764 1137 Sed
788 1113 945 1146 vereor,
973 1112 1022 1136 ne
1050 1099 1116 1136 eui
1143 1098 1192 1135 de
1219 1104 1255 1134 te
1271 1098 1371 1149 plu-e
1397 1112 1522 1150 quam
1548 1099 1624 1138 tibi
1651 1101 1802 1142 eredas.

278 1167 425 1206 Notum
457 1165 547 1204 illud
583 1168 716 1219 γναῑθι
751 1165 918 1208 σεαυτόν
945 1167 998 1205 ita
1031 1167 1242 1216 variarunt,
1276 1170 1320 1204 ut
1353 1168 1455 1206 viros
1488 1167 1611 1208 bonos
1645 1171 1685 1208 in
1716 1183 1803 1210 sese

281 1236 538 1285 descendere,
565 1247 643 1273 non
671 1235 827 1273 aliorum
856 1236 904 1274 de
933 1248 976 1273 se
1003 1234 1265 1274 existimationi
1292 1235 1448 1276 credere
1471 1236 1663 1286 juberent.
1689 1238 1803 1282 Pind.

279 1302 391 1354 Pyth.
422 1302 488 1353 2,'
510 1303 606 1344 131.
667 1299 794 1344 Γένοι’
828 1299 913 1350 οἷος
940 1300 1025 1344 ἐσσὶ
1054 1298 1212 1354 μαθών.
1240 1301 1400 1353 (Matth.
1429 1304 1585 1354 „Venn.
1611 1307 1802 1346 Schrist.“

277 1383 318 1423 p.
346 1370 433 1423 99.)
479 1369 637 1411 Aristot.
666 1371 755 1413 Eth.
789 1371 936 1413 Nicom.
978 1372 1025 1421 1,
1059 1370 1099 1411 5.
1129 1367 1206 1425 (3).
1246 1369 1302 1411 ἔτι
1333 1367 1368 1412 δ’
1392 1371 1546 1414 ἐοίκασι
1577 1372 1653 1426 τήν
1682 1372 1801 1427 τιμήν

279 1435 455 1488 διώκειν,
483 1438 553 1479 ἵνα
579 1435 819 1480 πιστεύωσιν
845 1435 1012 1487 ἕαυτοιὶς
1036 1433 1220 1492 ἆγαθοῦς
1242 1435 1356 1480 εἶναι.
1379 1440 1496 1492 (Huic
1517 1441 1604 1480 loco
1626 1442 1802 1494 adjungit

276 1505 484 1546 Lambinus
517 1508 596 1559 Cic.
627 1508 676 1546 de
702 1507 788 1546 Fin.
821 1509 867 1556 2,
895 1509 971 1556 22,
1000 1506 1074 1557 71)
1102 1506 1157 1545 M.
1190 1506 1371 1547 Antonin.
1405 1509 1486 1559 10,
1513 1510 1553 1551 8.
1595 1505 1693 1550 Ἐἂν
1721 1504 1800 1551 οὖν

278 1574 471 1631 διατηρῇς
499 1573 664 1616 σεαυτὸν
692 1574 735 1616 ἐν
763 1570 920 1622 τούτοις
945 1577 1029 1623 τοῖς
1055 1570 1245 1626 ὀνόμασι,
1283 1574 1340 1629 μή
1365 1574 1596 1631 γλιχόμενος
1625 1579 1699 1619 τοῦ
1729 1573 1801 1618 v‘x'

278 1640 409 1683 ἄλλων
433 1640 534 1684 κατοῖ
561 1646 686 1685 ταῦτα
710 1639 995 1697 ὀνομάζεσθαι,
1025 1641 1093 1698 ἔσῃ
1123 1642 1252 1696 ἕτερος
1278 1649 1351 1686 etc.
1404 1643 1592 1687 Plutarch.
1621 1645 1671 1684 de
1699 1645 1800 1688 And.

275 1710 386 1748 Poet.
417 1711 479 1749 VI.
506 1726 546 1763 p.
581 1714 674 1754 116.
707 1710 752 1753 τό
775 1709 851 1767 γάρ
882 1706 945 1762 ἐφ’
970 1710 1096 1766 ἑαυτῷ
1121 1711 1189 1752 καὶ
1215 1715 1266 1768 τῇ
1292 1711 1455 1754 διαθέσι
1480 1715 1532 1770 τῇ
1553 1712 1646 1767 περὶ
1674 1709 1800 1754 «ὅταν

276 1775 378 1834 οὔσῃ
408 1780 596 1836 κρατίστῃ
625 1779 724 1834 μέγα
753 1784 935 1833 φρονεῖν,
965 1781 1066 1820 νοῦν
1096 1778 1252 1831 ἔχοντος
1272 1777 1421 1835 ἀνδρός
1438 1781 1533 1824 ἐστι.
1561 1781 1727 1833 Simplic.
1748 1782 1800 1820 td

274 1845 399 1898 Epict.
429 1848 581 1886 Euchir.
612 1850 678 1890 23.
704 1863 743 1900 p.
766 1849 835 1889 60.
865 1846 921 1900 μή
947 1845 1050 1902 πρὸς
1077 1846 1125 1888 τοὶ
1152 1847 1261 1897 ἐκτός
1285 1848 1352 1890 καὶ
1376 1846 1471 1898 τούς
1492 1846 1667 1899 πολλαὶς
1694 1844 1798 1891 ἄπο·-

274 1915 428 1964 τεὶνου,
457 1912 552 1963 τούς
576 1914 675 1968 μηδὲ
701 1912 840 1965 ἀξίους
865 1913 986 1964 ὄντας
1011 1918 1091 1956 τῶν
1120 1914 1313 1958 τοιούτων
1339 1913 1500 1971 κριτάς,
1526 1914 1628 1959 ἆλλᾶ
1646 1919 1800 1974 σεαυτῷ

275 1983 447 2033 φαίνου,
487 1982 556 2023 καὶ
590 1980 733 2025 ἱκανόν
766 1984 857 2025 ἐστι.
902 1983 1088 2023 Plutarch.
1123 1986 1172 2023 de
1207 1987 1266 2024 sui
1294 1986 1395 2024 laud.
1429 1985 1526 2026 Vm.
1559 2000 1600 2039 p.
1629 1986 1711 2028 156
1732 1998 1795 2036 tq.

206 2050 207 2053 ’
274 2051 487 2103 Porphyrio
517 2057 709 2104 comparat
739 2051 847 2090 Pers.
881 2053 920 2101 1,
949 2054 989 2092 7.
1026 2065 1075 2089 ne
1095 2051 1188 2103 (sic)
1220 2061 1256 2091 te
1289 2054 1530 2105 quaesiveris
1561 2061 1701 2102 extrem
1724 2054 1796 2092 sed

274 2120 364 2159 item
395 2121 467 2159 huc
499 2121 590 2159 facit
632 2120 679 2170 4,
710 2118 765 2161 46
780 2142 837 2148 —
851 2119 917 2160 52.
975 2119 1197 2171 Egregium
1226 2136 1350 2174 quum
1384 2135 1447 2159 me
1479 2122 1631 2160 νὲοἱηία
1666 2128 1795 2168 meet,

273 2188 372 2226 Non
399 2188 588 2226 credam?
608 2210 666 2217 —
683 2210 738 2217 --
757 2211 815 2217 —
842 2188 1020 2238 Raptae,
1051 2188 1160 2239 quod
1180 2203 1260 2227 non
1288 2203 1353 2227 es:
1382 2189 1499 2227 tollat
1524 2201 1601 2227 sua
1627 2201 1796 2226 munera

275 2256 414 2305 cerdo,·
464 2258 610 2294 Tecum
648 2255 789 2294 habita
827 2260 896 2294 etc.
937 2256 1070 2295 Senec.
1108 2256 1232 2307 Epist.
1270 2257 1340 2298 80.
1398 2257 1448 2295 Si
1480 2254 1722 2307 perpendere
1757 2263 1795 2294 te

273 2325 380 2363 voles
390 2353 407 2371 ,
435 2318 577 2377 sepone
602 2326 820 2378 pecuniam
831 2353 847 2371 ,
877 2324 1038 2362 domum
1048 2351 1066 2370 ,
1094 2324 1355 2375 dignitatem:
1392 2326 1502 2363 inme
1523 2332 1560 2362 te
1586 2325 1671 2376 ipse
1697 2337 1794 2362 oon·

272 2393 416 2435 sidera.
475 2394 602 2432 Nune
632 2393 765 2447 qualis
789 2395 865 2444 sis,
889 2392 983 2430 aliie
1011 2391 1148 2430 eredis.
1180 2393 1235 2431 ld.
1259 2394 1308 2432 de
1336 2393 1412 2434 Vit.
1442 2393 1544 2432 beat.
1575 2394 1612 2435 1.
1646 2392 1797 2445 ..Atqui

273 2461 391 2498 nulla
418 2475 480 2499 res
509 2461 728 2512 majoribus
758 2475 829 2500 nos
856 2460 976 2499 malie
1003 2460 1205 2512 implicat,
1233 2474 1357 2512 quam
1382 2462 1491 2514 quod
1515 2460 1574 2499 ad
1596 2473 1794 2499 mutor-em

273 2531 545 2580 componimur
581 2536 653 2573 etc.
690 2531 746 2574 lb
778 2534 817 2574 2.
861 2529 1007 2567 Animi
1041 2528 1186 2566 bonum
1215 2530 1375 2567 animus
1402 2528 1791 2580 inveniat.1b.l3p.

274 2597 368 2637 110.
410 2596 458 2635 id
482 2611 605 2650 agee,
634 2606 681 2637 ut
713 2600 767 2637 sis
787 2597 907 2649 felix,
937 2611 1017 2636 non
1045 2604 1092 2634 ut
1124 2597 1320 2644 videaris,
1359 2605 1397 2635 et
1426 2605 1471 2636 ut
1500 2597 1574 2636 tibi
1601 2596 1791 2642 adnavit,

272 2678 351 2702 non
379 2666 486 2706 aliis.
525 2667 582 2705 Id.
611 2667 659 2705 de
684 2668 758 2708 Vit
786 2667 882 2705 beat.
914 2666 979 2709 20.
1018 2665 1116 2707 Plin.
1145 2666 1288 2716 Paneg.
1317 2665 1384 2707 74.
1429 2666 1558 2704 Aliae
1583 2662 1790 2715 enimsorb

273 2738 375 2769 tasse
401 2734 531 2771 alium
547 2764 562 2781 ‚
597 2737 728 2785 ipsum
758 2747 799 2771 se
826 2747 938 2772 nemo
967 2733 1170 2785 deceperit.
1220 2735 1480 2786 Introspieiat
1505 2732 1618 2771 modo
1644 2731 1788 2776 vitam,

273 2812 387 2849 seque
414 2802 515 2853 quid
537 2810 748 2849 mereatur,
779 2804 1002 2855 interroget.
1030 2802 1084 2841 ld.
1106 2802 1176 2853 Ep.
1205 2806 1244 2851 1,
1267 2803 1308 2851 2,
1328 2802 1367 2842 5.
1416 2803 1477 2840 Ta
1497 2799 1612 2839 modo
1628 2798 1786 2848 cnihte,

274 2873 318 2901 ut
345 2868 417 2903 tibi
440 2871 523 2919 ipse
550 2872 602 2907 eis
631 2871 749 2916 tanti,
777 2871 920 2922 quanti
947 2870 1137 2909 videberis
1161 2869 1273 2915 aliis,
1301 2871 1338 2907 si
1364 2868 1438 2907 tibi
1452 2868 1594 2920 fueris.
1619 2865 1715 2906 Ibid.
1742 2866 1786 2915 3,

275 2933 351 2981 20,
379 2936 416 2974 8.
454 2937 535 2977 Cic.
567 2937 616 2974 ad
648 2937 760 2977 Attic.
802 2941 876 2987 12,
907 2940 973 2979 27.
1029 2939 1127 2976 Mea
1156 2938 1255 2975 mihi
1286 2935 1519 2975 conscientia
1541 2933 1675 2984 pluris
1711 2939 1784 2979 eet,
