1910 3138
19 2896 26 2900 ⁴
99 2890 185 2922 dhet.

462 893 1229 968 HORATII

289 1062 549 1110 LIBRI
609 1065 646 1110 1.

713 1065 1195 1113 EP18TOLA
1257 1066 1401 1113 XVII.

646 1214 717 1248 AD
759 1213 1051 1249 scAEvAM.

155 1485 413 1574 QuamviS,
450 1513 649 1575 Scaeva,
687 1518 793 1560 satis
826 1529 905 1575 per
933 1520 976 1560 te
1001 1517 1076 1560 tibi
1103 1517 1287 1561 consulis
1317 1519 1360 1560 et
1388 1517 1488 1575 scis,

156 1589 253 1646 Quo
282 1592 454 1636 tandem
479 1598 605 1653 pacto
626 1596 777 1640 deceat
800 1597 1029 1654 majoribus
1056 1597 1136 1655 uti,

154 1668 309 1729 Disce,
341 1671 556 1717 docendus
575 1675 722 1721 *adhuc
750 1688 860 1734 quae
886 1678 1032 1720 censet
1061 1675 1297 1734 amiculus,
1326 1676 1374 1717 ut
1402 1672 1439 1717 si

145 1815 202 1848 Aa
221 1815 402 1853 Scaevam.
448 1820 538 1856 Mss.
564 1821 662 1856 Mon.
691 1821 729 1856 b.
752 1820 829 1865 (hic

90 1868 206 1904 addit:
227 1873 395 1918 loquitur)
415 1888 446 1910 c.
464 1877 491 1911 f.
513 1879 568 1912 Ad
579 1878 735 1912 Scevam.
757 1878 827 1912 Ms.

89 1926 148 1960 Jk.
169 1927 202 1960 1.
223 1939 299 1962 cum
323 1930 372 1975 gl.
414 1933 520 1969 Desa.
540 1934 575 1969 3.
608 1935 683 1978 (-
700 1947 830 1969 cenam.

89 1982 195 2018 Desa.
222 1985 273 2028 2.)
308 1986 410 2032 Lips.
430 1991 464 2025 2.
483 1990 519 2025 3.
558 1991 657 2025 Mon.
680 1991 705 2024 l.
734 1991 828 2026 Edd.

89 2037 190 2084 Lips.
208 2037 289 2076 492.
310 2043 368 2078 98.
387 2044 467 2081 502.
507 2047 596 2081 Ven.
618 2045 699 2082 492.
718 2047 828 2081 Loch-

90 2091 171 2134 498.
212 2098 278 2140 Qu.
301 2099 390 2135 Hor.
416 2103 474 2136 Π.
498 2104 651 2138 Scaevae
669 2104 708 2138 S.
739 2105 828 2139 Ven.

90 2147 173 2187 477.
199 2154 257 2188 79.
285 2155 344 2190 81.
393 2160 449 2192 Ad
472 2159 639 2194 Scaevam
666 2160 829 2195 Lollium.

90 2207 160 2243 Ed.
177 2210 340 2246 Praedic.
374 2215 428 2248 Aa
445 2215 608 2251 Saevum.
636 2217 727 2251 Edd.
748 2216 828 2251 Ald.

75 2262 172 2299 =501.
190 2267 246 2302 19.
265 2268 451 2307 Junt.514.
469 2273 524 2306 19.
545 2273 735 2318 Argentor.
751 2272 830 2308 515.

91 2318 174 2354 Bas·
192 2323 272 2358 527.
287 2325 444 2360 Britann.
460 2327 540 2363 520.
561 2329 725 2374 Gymnic.
747 2326 828 2364 541.

92 2376 224 2412 Mutet.
246 2378 325 2415 578.
365 2382 453 2417 Min.
473 2381 553 2419 584.
575 2405 622 2410 -
655 2386 710 2420 De
739 2397 831 2419 com-

92 2434 283 2468 mutatione
309 2446 345 2471 V.
367 2438 507 2484 scaev„
537 2442 663 2485 Suam,
693 2446 731 2475 et
749 2442 828 2476 Sev.

94 2487 168 2522 vid.
185 2489 284 2522 cort.
296 2492 340 2526 ad
357 2493 487 2529 Lucan.
500 2494 649 2540 10‚544.
663 2515 720 2523 —
740 2498 830 2531 v.1.

95 2544 237 2578 Scaeve.
257 2544 326 2580 Ms.
344 2547 446 2585 Desa.
466 2554 498 2585 1.
534 2553 655 2586 Sceva.
675 2553 778 2587 Dess.
797 2555 831 2589 2.

93 2599 130 2634 3.
162 2599 258 2644 Lips.
286 2603 320 2636 1.
343 2604 375 2638 2.
398 2605 434 2638 3.
467 2606 593 2641 Morell
608 2606 659 2652 *).
701 2610 830 2642 Saeva.

94 2655 189 2690 Edd.
217 2662 299 2691 ante
327 2658 419 2695 laud.
444 2681 500 2687 —
523 2668 557 2697 et
579 2660 634 2698 εἰς.
682 2665 738 2698 Ex
759 2664 833 2698 fre-

164 2787 195 2822 ιι*)
207 2787 262 2815 Est
282 2787 385 2814 Orellii
398 2787 447 2821 E„
456 2788 510 2814 sed
524 2791 685 2818 accuratius
693 2798 711 2816 ι
720 2790 823 2816 Kircln-

95 2826 175 2854 Sero,
202 2824 237 2850 V.
258 2824 311 2855 CL,
342 2824 467 2850 conatus
494 2826 523 2851 et
548 2833 658 2853 mecum
685 2826 831 2852 humanis-

97 2856 169 2884 ·ine
195 2860 432 2887 communicatus.

150 2947 289 2981 ΗοιΑτ.
313 2950 358 2982 ΙΙ.

481 2859 547 2895 lpse
564 2861 640 2888 aliu
666 2861 703 2888 de
723 2861 777 2888 hac
788 2864 838 2899 gre

874 1820 997 1867 quenti
1022 1833 1144 1856 errore
1172 1822 1276 1856 Gott.
1304 1822 1337 1856 2.
1368 1821 1466 1855 Mon.
1502 1833 1546 1855 m.
1577 1826 1615 1856 et

874 1879 931 1912 ed.
942 1878 1043 1923 Lips.
1055 1876 1138 1914 492.
1153 1878 1242 1913 Veu.
1253 1875 1336 1913 486.
1355 1882 1393 1912 at
1404 1878 1530 1912 scie—
1539 1879 1615 1913 uti?

875 1934 936 1969 Sic
958 1934 1014 1969 ed.
1037 1934 1202 1970 Praedic.
1244 1935 1299 1969 De
1325 1934 1390 1968 tali
1413 1945 1559 1968 caesura
1582 1940 1615 1968 et

873 1992 937 2026 scis
955 1991 992 2025 in
1015 1993 1086 2026 fine
1107 2002 1230 2026 versus
1250 1996 1290 2025 ut
1317 1991 1375 2026 23.
1398 1988 1456 2025 45.
1476 1991 1534 2025 56.
1558 1991 1612 2033 18,

875 2049 933 2084 77.
961 2050 1024 2092 20,
1057 2050 1092 2083 7.
1134 2047 1253 2094 posita
1276 2048 1370 2082 conf.
1398 2047 1542 2082 Kirchn.
1570 2046 1616 2080 ad

875 2105 953 2139 Sat.
969 2117 1006 2150 p.
1021 2104 1168 2139 LXXII.
1186 2124 1243 2130 —-
1265 2105 1309 2137 V.
1326 2106 1360 2139 2.
1382 2109 1488 2148 pacto
1502 2103 1615 2138 liceat.

875 2162 945 2194 Ms.
966 2161 1101 2195 Bersm.
1116 2168 1154 2195 et
1173 2161 1299 2194 Barth.
1322 2159 1431 2203 (Adv.
1450 2159 1517 2202 37,
1538 2159 1617 2202 22.)

875 2228 933 2251 un.
967 2217 1030 2253 Fe.
1048 2220 1088 2260 1,
1103 2230 1136 2252 a.
1153 2218 1194 2259 3,
1216 2229 1249 2251 a.
1267 2228 1287 2250 a
1304 2218 1336 2250 1.
1360 2227 1403 2249 m.
1426 2220 1532 2260 pacto
1552 2215 1615 2248 do-

876 2279 964 2308 ceat.
992 2274 1046 2307 Ik.
1068 2273 1101 2308 5.
1121 2272 1240 2307 Guelf.
1257 2274 1291 2307 2.

931 2330 976 2362 V.
1001 2329 1036 2364 3.
1070 2329 1190 2371 Disce,
1222 2329 1396 2362 docendus
1425 2328 1506 2362 adh.
1555 2327 1618 2362 Sic

877 2384 1098 2429 distinguunt
1125 2390 1270 2429 praeter
1297 2384 1342 2418 al.
1367 2382 1474 2416 Talb.
1499 2383 1620 2422 Bentl.

877 2438 954 2488 (qui
968 2441 1061 2484 def.)
1081 2446 1118 2475 et
1131 2444 1287 2474 recentt.
1306 2440 1384 2473 fere
1399 2450 1490 2473 omn.
1517 2438 1619 2474 Βίους

878 2498 1053 2531 docendus
1074 2497 1154 2531 adh.
1189 2497 1290 2530 nanc
1314 2495 1471 2530 distinct.
1493 2507 1515 2530 a
1532 2497 1621 2531 Por-

876 2552 1052 2598 phyrione
1071 2553 1116 2586 ad
1137 2564 1173 2585 v.
1196 2553 1253 2587 16.
1282 2550 1517 2597 significatam
1542 2563 1619 2588 cun

878 2608 959 2644 edd.
995 2609 1092 2652 vulg.
1118 2608 1324 2653 comprobat
1362 2607 1529 2643 Dfintzer.
1565 2629 1616 2636 -—

877 2664 958 2707 quid
975 2670 1100 2698 censet.
1139 2663 1208 2698 Ms.
1235 2663 1356 2699 Berol.
1377 2666 1410 2700 2.
1445 2665 1543 2700 Mon.
1570 2677 1616 2702 n.

881 2719 1044 2753 Rudolst.
1073 2719 1167 2754 Edd.
1193 2720 1283 2754 Ven.
1302 2717 1386 2756 477.
1404 2722 1460 2756 79.
1482 2723 1541 2758 81.
1558 2723 1617 2760 83.

882 2776 938 2810 86.
965 2776 1065 2820 Lips.
1084 2773 1165 2812 492.
1194 2777 1252 2812 98.
1277 2776 1359 2813 502.
1399 2778 1510 2815 Loch.
1534 2775 1616 2816 498.

883 2832 965 2864 Asc.
985 2830 1065 2866 519.
1106 2833 1229 2879 Cruqa
1240 2832 1393 2879 (indicta
1410 2837 1544 2882 canu).
1561 2857 1618 2864 -—-

884 2892 916 2920 et
935 2887 974 2921 εἰ.
1010 2888 1100 2923 Mas.
1121 2888 1184 2923 Fe.
1208 2892 1239 2933 1,
1260 2890 1272 2924 i
1289 2891 1329 2935 (a
1345 2892 1377 2925 1.
1398 2891 1464 2942 m.)
1480 2892 1515 2938 3,
1535 2906 1566 2929 c.
1583 2892 1616 2937 5,

1245 2951 1300 2993 23
1330 2954 1395 3006 (1)
