1910 3138
46 109 49 111 ’
114 127 176 174 29
231 125 508 179 omn?
528 126 587 167 m
603 125 844 170 nouus.
859 127 891 168 1.
929 126 1094 168 ErisT.
1109 126 1304 175 emur.
1317 127 1494 170 neem.
1552 127 1636 172 199

116 251 257 305 Epist.
269 253 319 302 1,
347 251 425 301 18,
453 251 551 294 107.
590 250 639 290 C.
661 250 822 292 Passov.
850 251 903 294 N.
931 252 1000 295 63.
1037 250 1213 293 Weber
1201 265 1242 293 ιιι
1271 251 1451 304 „Archiv
1477 255 1506 295 f.
1532 254 1630 297 Phil.

115 318 345 371 qudnss
375 316 499 361 1843
525 318 603 368 ΙΧ,
634 318 959 372 2-p.297.1n
986 320 1214 360 sententiam
1241 320 1376 361 Senec-
1403 321 1530 374 Epist.
1559 323 1629 366 55.

121 387 303 434 onoma
327 387 433 428 mirra
457 385 659 426 bominem
685 386 891 425 seductum
918 388 1117 426 existimat
1143 387 1293 440 vulg-ua
1320 395 1359 427 et
1383 402 1566 429 secutum
1593 398 1632 429 et

108 469 158 500 n
177 461 403 496 oontentwn
426 453 579 507 ubique
605 456 825 502 viventem,
862 468 1030 507 quorum
1057 455 1163 494 nihil
1193 455 1273 495 ulli
1301 458 1525 510 contmgoee
1549 460 1632 497 nui

106 524 281 575 capienti
298 529 441 574 potest.
497 522 575 561 Ille
603 523 762 575 quidem
790 522 909 562 nulla
935 537 978 561 re
1002 523 1197 563 sollicitus
1214 525 1291 563 scit
1312 522 1392 563 sibi
1412 527 1543 565 vivere
1552 531 1625 566 etc.

218 590 266 630 V.
298 592 339 633 2.
375 590 418 632 3.
451 589 677 628 habitatum
710 592 884 643 quinque
904 590 1029 642 soci-3.
1080 590 1195 630 Aen:
1235 592 1435 644 „castigat
1455 593 1626 650 ¹villicum

106 665 234 710 sunm,
260 659 362 710 quod
389 656 442 696 illi
465 670 560 708 ager
588 658 764 709 sordeat,
793 671 904 709 quem
931 659 1096 710 quinque
1123 658 1346 711 aliquando
1371 662 1627 715 possederunt

105 725 353 771 κνίσω-(4
392 725 598 776 Porphyr.:
639 752 668 775 ‚,
679 726 743 776 qui
778 725 875 763 olim
902 725 1066 776 quinque
1095 733 1315 766 senatorum
1338 727 1420 768 fuit.
1429 728 1458 752 ‘⁶
1498 729 1623 768 Schol.

105 795 245 846 Cruq.:
273 806 524 845 „possessum
550 806 573 831 a
599 794 762 844 quinque
789 793 898 831 bonis
926 793 1142 844 patribus.“
1172 815 1228 823 —
1255 794 1525 845 „Valerienses
1551 796 1624 848 igi-

102 868 167 904 tur
201 868 398 902 senatores
433 861 595 911 agellum
631 874 740 900 suum
764 861 984 912 possedisse
1018 861 1257 912 significat.“
1307 862 1414 902 Hanc
1442 864 1623 915 temporis

101 931 335 971 notationem
363 941 447 967 cum
465 928 656 966 Mamilio
665 956 681 974 ,
712 929 941 974 piscatore,
974 927 1163 967 Chabotio
1173 957 1190 975 ,
1219 930 1394 969 Dae-erio
1421 931 1624 982 multisque

101 999 183 1038 aliis
207 997 401 1048 negligere
424 1010 504 1037 non
531 996 722 1036 debebant
749 995 1040 1035 Mitscherliclz.
1065 995 1113 1044 (l.
1136 1010 1176 1048 p.
1202 995 1414 1049 CLXXX),
1443 997 1488 1035 C.
1514 999 1623 1036 Pas·-

100 1066 234 1105 savius
268 1064 340 1116 (N.
370 1062 485 1115 229.)
520 1067 561 1102 et
601 1063 775 1101 Oraellc'us
786 1091 804 1110 ,
843 1064 908 1115 qui
938 1062 1142 1115 Participia
1172 1063 1424 1111 habitatum,
1461 1065 1622 1106 solitum

97 1133 309 1186 praesentis
334 1131 515 1182 temporis
537 1131 616 1170 vice
640 1131 747 1182 fungi
770 1131 841 1170 sibi
864 1131 1138 1184 persuadentes
1157 1131 1404 1171 Horatianum
1425 1134 1620 1186 praedium

98 1213 123 1239 a
148 1199 313 1253 quinque
337 1198 508 1249 familiis,
546 1199 572 1241 i.
596 1213 631 1238 e.
661 1199 832 1251 patribus
866 1198 1046 1248 familias,
1087 1198 1230 1243 civibus
1257 1199 1428 1238 Varianis
1457 1201 1518 1240 vel
1546 1216 1618 1253 pro

97 1271 200 1309 certa
223 1268 397 1306 mercede
430 1265 489 1305 vel
523 1280 595 1318 pro
634 1268 843 1306 constituta
876 1271 1084 1318 proventus
1121 1271 1230 1318 parte
1258 1267 1451 1306 etiamtum
1479 1269 1617 1307 cultum

95 1339 136 1376 et
166 1338 270 1373 certe
297 1333 504 1372 habitatum
533 1334 649 1372 fuisse
678 1336 891 1387 opinantur.
944 1334 1044 1373 Huic
1071 1333 1310 1386 explicationi
1346 1334 1521 1374 sollerter
1547 1338 1618 1375 ad-

93 1407 266 1443 versatur
299 1390 583 1453 Dillenburger
609 1407 647 1440 et
670 1403 709 1440 in
736 1403 828 1440 edit.
851 1402 983 1440 Horat.
1012 1405 1052 1440 et
1078 1402 1118 1440 in
1142 1401 1275 1452 Progr.
1300 1402 1418 1441 schol.
1444 1402 1616 1454 (Aachen

94 1469 218 1516 1841.
258 1470 361 1522 qnod
397 1470 618 1521 inscriptum
645 1474 726 1508 est:
767 1465 1110 1522 „Horatiana“)
1143 1483 1183 1521 p.
1216 1469 1283 1510 13.
1311 1482 1418 1520 sqq.‚
1456 1483 1481 1508 a
1508 1473 1614 1521 cujus

91 1539 162 1578 viri
187 1537 397 1577 doctissimi
426 1538 614 1576 sententia
639 1538 679 1576 in
706 1537 865 1588 singulis
895 1542 1040 1576 tantum
1067 1537 1160 1575 locis
1187 1549 1265 1576 non
1289 1549 1448 1587 possum
1473 1539 1613 1587 facere,

91 1607 182 1657 quin
209 1605 412 1643 discedam.
459 1604 610 1643 Acriter
646 1605 797 1655 quidem
833 1609 872 1644 et
910 1606 950 1642 in
986 1604 1076 1643 edit.
1104 1603 1270 1640 secunda
1307 1617 1412 1644 suam
1441 1599 1614 1647 defendit

90 1673 314 1712 sententiam
349 1670 548 1718 Oreum,
577 1685 651 1723 qua
673 1673 869 1723 portiones
897 1673 1016 1710 totius
1038 1671 1144 1709 fundi
1172 1674 1262 1710 tune
1290 1684 1441 1722 quoque
1467 1673 1611 1712 colonis

90 1740 162 1780 illis
189 1739 345 1790 singulis
373 1739 572 1781 admodum
596 1740 763 1778 modicas
786 1739 930 1778 locatas
958 1739 1097 1789 fuisse,
1127 1752 1202 1794 quo
1225 1738 1358 1777 melius
1383 1740 1610 1792 colerentur,

88 1820 247 1860 prorsus
274 1811 318 1846 ut
345 1819 445 1846 nunc
471 1806 621 1846 soleant
651 1806 736 1846 Itali
763 1806 971 1859 locupletes
997 1808 1073 1845 suis
1098 1806 1241 1846 colonis
1268 1805 1323 1858 (a'
1349 1809 1431 1846 suoi
1453 1808 1610 1860 massaj)

88 1876 202 1923 dicit,
239 1877 280 1913 at
304 1886 462 1923 vereor,
499 1886 548 1911 ne
585 1878 689 1912 certa
721 1873 831 1925 hujus
864 1874 981 1913 moris
1009 1873 1049 1912 in
1079 1886 1172 1925 agro
1204 1873 1411 1913 Horatiano
1447 1876 1607 1914 colendo

87 1942 302 1985 testimonia
329 1942 466 1980 desint.
509 1940 553 1978 Si
578 1941 738 1990 suisset,
764 1941 961 1980 Horatium
989 1943 1078 1981 talia
1096 1941 1219 1979 villico
1241 1943 1472 1993 experientia
1491 1943 1607 1982 edoc-

85 2015 127 2049 to
161 2023 239 2052 non
274 2013 351 2047 tam
387 2007 592 2059 loquaciter
619 2011 729 2057 quasi
764 2021 963 2048 enarrasse
990 2009 1215 2048 crediderim
1226 2005 1282 2062 *).
1330 2009 1392 2049 De
1420 2010 1604 2048 vocabulo

74 2078 187 2130 focis
211 2078 237 2117 i.
266 2090 302 2115 e.
330 2075 581 2127 „domibus‚“
607 2079 647 2112 ut
674 2081 778 2115 recte
806 2077 932 2115 Schol.
961 2077 1095 2126 Cruq.‚
1132 2075 1306 2114 Orellius
1333 2078 1480 2115 confert
1503 2077 1603 2115 Plat.

85 2146 136 2184 de
156 2144 282 2195 Legg.
309 2146 346 2184 1.
373 2157 414 2195 p.
443 2140 540 2184 642.
567 2142 612 2181 B.
639 2140 758 2195 ἡμῶν
786 2142 816 2196 ἦ
844 2143 978 2193 ἑστίας
1005 2142 1176 2182 similiter
1205 2144 1322 2193 Rutg.
1349 2142 1475 2182 Lectt.
1505 2143 1603 2196 Ven-

84 2225 123 2263 p·
145 2211 240 2252 433.
279 2210 444 2248 Broulrh.
471 2210 521 2248 ad
547 2208 663 2261 Prop.
684 2211 727 2260 3,
746 2210 787 2260 4,
810 2212 874 2252 16.
906 2211 1176 2262 Porphyrionis
1196 2210 1412 2260 explicatio:
1439 2210 1600 2260 „quinq.

84 2277 225 2326 vi11is‚“
251 2278 339 2315 fons
358 2277 557 2315 multorum
586 2289 755 2316 errorum
782 2279 872 2327 fuit,
902 2283 946 2316 ut
971 2278 1070 2315 infra
1098 2278 1255 2314 dicetur.
1296 2275 1494 2313 Difficilior
1508 2289 1601 2315 sane

85 2344 255 2392 quaestio
283 2344 331 2383 de
359 2346 532 2396 quinque
560 2343 672 2382 bonis
693 2344 882 2396 patribus
909 2349 990 2395 est,
1018 2357 1137 2395 quos,
1164 2344 1340 2393 quoniam
1361 2341 1599 2382 Scholiastae

192 2517 233 2565 ²⁰¹)
255 2521 392 2557 Nostra
417 2523 667 2571 interpretatio
690 2524 729 2559 in
748 2523 910 2570 Zumptio
940 2534 1100 2569 quoque:
1133 2516 1283 2567 „Uiber
1303 2521 1367 2557 das
1387 2523 1510 2560 Leben
1529 2525 1593 2561 des

83 2577 232 2612 Horaz⁶⁴
254 2581 324 2611 etc.
346 2589 405 2623 ap.
424 2580 599 2616 Wiistem.
619 2582 666 2617 ad
683 2582 813 2616 Horat.
835 2581 948 2614 Satir.
970 2591 1006 2625 p.
1028 2581 1106 2622 17„
1134 2578 1506 2629 gravissimumlhabet
1523 2594 1590 2629 pa·

83 2639 244 2676 tronum,
273 2640 398 2669 contra
430 2634 578 2671 Vincenti
601 2636 877 2682 (Icouographie
898 2637 1000 2670 Rom.
1020 2636 1050 2669 Ι.
1072 2646 1110 2681 p.
1130 2635 1231 2679 392.)
1258 2646 1332 2671 cum
1360 2636 1440 2672 aliis
1466 2638 1589 2675 sentit.

83 2691 139 2726 De
158 2701 300 2724 numero
322 2691 470 2736 quinque
487 2691 617 2737 ambigi
635 2699 775 2739 potest,
799 2704 902 2738 quum
919 2691 977 2726 hic
996 2695 1038 2725 nt
1055 2692 1091 2734 7,
1114 2694 1148 2726 1.
1167 2692 1340 2727 rotundus
1358 2694 1476 2741 possit
1496 2707 1589 2741 esse,

83 2746 128 2782 de
150 2758 218 2793 qua
235 2757 277 2782 re
296 2747 389 2782 dixit
409 2747 612 2793 Sabadius,
635 2750 680 2785 V.
701 2750 772 2794 CL,
793 2749 830 2783 in
851 2746 1042 2793 „scholica
1058 2757 1102 2782 zu
1117 2748 1187 2791 Qu.
1206 2748 1379 2786 Horatius
1398 2751 1587 2787 Flaccns.“

84 2803 115 2840 1.
135 2815 173 2849 p.
194 2805 251 2840 12.
