1910 3138
293 231 377 274 390
451 233 730 274 COMMENT.
750 234 807 274 IN
826 234 950 274 HoR.
966 233 1065 273 LIB.
1085 235 1116 274 1.
1146 234 1309 275 EP1sT.
1330 236 1477 286 SEPT.
1493 236 1669 277 mecm.
1761 237 1814 283 42

293 349 428 386 damna
456 348 495 384 in
523 360 569 385 eo
597 347 698 386 facta
726 348 823 386 inter
851 361 893 386 se
929 352 1189 399 opponantur,
1219 350 1303 400 jure
1330 350 1558 408 improbabis
1593 352 1817 403 scripturam

292 423 365 452 aut
390 413 503 455 subd.
531 428 553 453 a
582 415 707 453 multis
733 418 773 454 et
803 416 926 454 doctis
955 416 1044 454 viris
1072 416 1283 467 probatam.

406 482 450 520 V.
480 483 547 523 55.
587 483 698 520 Nota
725 483 797 534 res.=
822 490 971 522 meretr.
1000 485 1216 534 acumina,
1244 488 1287 522 ut
1313 483 1351 522 Τ
1352 497 1413 523 ac.
1440 484 1539 525 Anu.
1569 488 1608 537 1,
1637 489 1705 530 26.
1736 501 1819 524 eas-

294 550 380 586 dem
409 557 513 586 artes
540 550 724 588 Drusum
753 551 931 588 retulisse
960 555 997 590 et
1024 552 1188 603 Alciphr.
1221 553 1261 601 2,
1295 556 1333 600 1,
1364 551 1432 593 40.
1469 555 1550 593 τῶν
1575 553 1818 606 ἑταιρουσῶν

292 617 372 657 ἐστι
398 614 598 670 σόφισμα,
628 618 691 656 ubi
716 619 887 671 Bergler
911 620 1009 657 hunc
1037 620 1158 657 locum
1189 624 1394 671 comparat.
1441 620 1714 674 Hincarguta
1740 635 1821 659 me-

292 687 411 723 retrix
438 687 518 724 Sat.
548 689 586 736 1,
620 688 686 736 10,
709 685 777 727 40.
820 687 1005 740 Apposite
1025 688 1231 738 Epitheton
1263 689 1467 727 earundem
1495 690 1651 728 astutias
1671 693 1710 727 et
1727 702 1820 740 spo-

292 755 406 792 liandi
435 756 574 792 amicos
603 756 765 793 studium
796 756 934 793 nemini
965 768 1038 793 non
1069 756 1259 805 cognitum
1281 757 1476 797 describit.
1500 755 1612 796 Loco*
1629 769 1675 795 ex
1699 755 1819 796 Plaut.

292 822 448 860 Trucul.
482 822 521 872 1,
551 823 590 871 1,
618 823 672 864 32
700 836 785 874 sqq.
816 836 840 860 a
865 822 1125 874 Porphyrione
1153 828 1190 862 et
1209 824 1418 862 Scholiasta
1438 825 1554 874 Cruq.
1582 823 1699 862 allato
1720 824 1819 862 adde

293 893 334 939 2,
368 892 407 939 1,
439 892 490 931 18
518 913 575 920 --
601 890 669 933 34.
699 892 861 931 Mostell.
894 894 933 941 1,
955 892 995 937 3,
1025 892 1119 932 128.
1150 892 1307 937 Quintil.
1338 893 1504 931 Declam.
1538 891 1603 933 14.
1631 892 1745 932 Ovid.
1775 892 1820 930 A.

294 960 339 998 A.
370 960 414 1008 1,
443 957 524 999 431
553 972 612 1011 sq.
659 961 772 999 Mart.
804 963 879 1010 11,
911 960 977 1000 50.
1017 958 1179 997 Phaedr.
1209 960 1258 1011 2,
1288 961 1336 1008 2,
1371 962 1392 1001 1
1423 973 1482 1011 sq.
1516 959 1566 998 ib.
1599 959 1817 1010 Rigalt.—

293 1043 407 1080 saepe
425 1027 614 1067 catellam
639 1051 694 1057 —-
724 1035 883 1079 raptam
911 1026 989 1064 sibi
999 1027 1170 1077 flentis,
1196 1040 1296 1077 qua,
1325 1029 1356 1065 si
1380 1033 1440 1066 est
1467 1040 1583 1079 parva
1609 1032 1740 1066 cateno
1760 1028 1820 1066 vel

291 1098 449 1147 monile,
478 1097 552 1135 illis
579 1097 811 1147 temporibus
833 1097 884 1134 nil
912 1097 983 1133 fuit
1010 1096 1156 1133 feminis
1184 1096 1349 1144 gratius,
1381 1109 1428 1134 ne
1457 1096 1603 1145 dicam,
1631 1108 1746 1146 quam
1770 1096 1820 1134 sit

291 1166 353 1203 illa
381 1169 469 1217 apta
498 1164 687 1202 munditiei
720 1163 838 1201 altero
866 1164 950 1202 loco
974 1164 1143 1215 positae,
1179 1162 1419 1213 periet-elidi.
1473 1163 1531 1201 lta
1559 1164 1654 1202 Plin.
1688 1163 1738 1203 Η.
1767 1163 1820 1204 Ν.

293 1235 360 1283 33,
392 1235 457 1275 12.
500 1233 664 1270 Aurum
681 1230 858 1269 habeant
872 1232 1051 1283 feminae
1071 1232 1114 1267 in
1131 1231 1303 1268 armillis
1321 1231 1534 1283 digiuiaqzte
1551 1233 1641 1270 totis
1653 1261 1668 1278 ,
1701 1231 1820 1278 collo,

293 1301 482 1347 auribus,
510 1302 629 1352 spiris
640 1315 656 1348 ,·
685 1300 913 1337 discurrant
942 1306 1103 1337 catenae
1130 1301 1237 1336 circa
1267 1299 1393 1336 latera
1420 1307 1457 1336 et
1484 1302 1632 1338 inserta
1655 1314 1822 1352 margu-

292 1373 461 1407 ritarum
487 1369 670 1420 pondera
704 1383 724 1405 e
757 1368 858 1405 collo
901 1368 1154 1405 dominarum
1188 1381 1288 1404 auro
1315 1367 1530 1418 pendeant.
1582 1368 1742 1407 Tertull.
1771 1369 1820 1406 de

293 1439 391 1477 Cult.
420 1438 527 1476 Fem.
563 1441 600 1487 1,
631 1438 670 1477 8.
701 1450 739 1487 p.
771 1436 864 1477 174.
898 1435 945 1476 A.
976 1436 1104 1474 saltus
1133 1443 1168 1473 et
1201 1435 1356 1473 insulas
1380 1436 1550 1487 gracili-⁹
1578 1437 1711 1474 cervix
1739 1437 1820 1473 cir—

293 1509 470 1560 cumfert.
515 1506 609 1544 lbid.
643 1507 681 1552 2,
714 1505 778 1546 13.
808 1509 846 1542 et
871 1505 1049 1556 Cyprian.
1076 1505 1125 1542 de
1157 1503 1288 1544 Habit.
1318 1503 1423 1554 Virg.
1454 1506 1520 1546 16.
1547 1505 1632 1544 coll.
1661 1505 1818 1550 Quintil.

293 1578 388 1614 lnst.
420 1577 488 1625 11,
519 1578 557 1624 1,
585 1575 624 1616 3.
653 1573 810 1615 Lucian.
840 1573 938 1611 Dial.
973 1573 1160 1611 meretric.
1190 1574 1216 1613 6
1242 1572 1331 1623 (7),
1369 1575 1408 1614 2.
1445 1573 1666 1623 Hieronym.
1695 1572 1819 1624 Epist.

293 1646 342 1683 ad
370 1644 482 1682 Laet.
510 1646 550 1684 7.
575 1643 604 1681 Ι.
647 1657 685 1694 p.
715 1644 781 1683 36.
813 1642 858 1683 C.
902 1656 975 1679 nec
1008 1640 1155 1679 collum
1182 1654 1281 1677 auro
1316 1647 1353 1677 et
1384 1642 1614 1693 margaritis
1641 1654 1819 1692 premas,

293 1727 365 1750 nec
393 1719 514 1763 caput
541 1712 709 1763 gemmis
731 1724 876 1749 oneres.
919 1711 975 1748 Id.
1003 1711 1052 1748 ad
1082 1710 1171 1751 Fur.
1192 1710 1258 1750 10.
1286 1723 1325 1761 p.
1346 1709 1413 1750 53.
1439 1709 1492 1748 H.
1520 1709 1711 1747 Amorem
1736 1721 1821 1747 mo-

294 1781 437 1818 nilium
466 1787 586 1831 atque
610 1792 860 1830 gemmarum
889 1781 1180 1830 sericarumque
1207 1778 1375 1814 vestium
1403 1778 1577 1829 transfer
1609 1777 1669 1815 ad
1690 1778 1820 1817 scion-

294 1850 391 1885 tiam
409 1849 711 1897 scripturarum.
754 1847 809 1886 ld.
835 1849 883 1884 ad
910 1847 1122 1887 Pammach.
1143 1848 1207 1887 26.
1232 1859 1271 1897 p.
1295 1846 1388 1886 106.
1416 1845 1464 1884 Β,
1493 1845 1694 1883 Ardentes
1707 1855 1820 1897 gem-

294 1930 408 1961 mae,
440 1914 584 1967 quibus
612 1922 704 1952 ante
733 1914 880 1951 collum
917 1922 955 1951 et
970 1915 1107 1966 facies
1135 1913 1410 1958 ornabantur,
1440 1914 1640 1964 egentium
1666 1920 1820 1950 ventre&

294 1991 491 2025 saturant,
544 1984 600 2021 Id.
637 1984 687 2020 ad
726 1982 893 2020 Marcell.
925 1985 989 2024 25.
1026 1997 1066 2034 p.
1097 1983 1164 2022 75.
1202 1982 1253 2023 H.
1291 1994 1437 2018 aurum
1471 1981 1567 2019 colli
1585 1983 1672 2031 sui,
1713 1981 1823 2033 quod

295 2053 452 2106 quidem
479 2051 730 2088 murenulam
758 2051 906 2102 vulgus
933 2057 1048 2087 vocat
1060 2078 1075 2096 ,
1118 2050 1228 2101 quod
1246 2049 1394 2086 scilicet
1419 2049 1580 2086 metallo
1606 2051 1651 2086 in
1676 2049 1819 2100 virgu-

294 2122 357 2159 las
384 2120 591 2157 latescente
625 2118 803 2170 quadam
826 2119 975 2156 ordinis
1002 2119 1181 2169 flexuosi
1216 2126 1357 2156 catena
1393 2119 1634 2163 contexitur,
1669 2115 1819 2168 absque

290 2188 524 2240 parentibus
554 2187 732 2225 vendidit
761 2191 834 2228 etc.
886 2187 946 2224 lta
981 2175 1241 2234 inonolium*)
1278 2187 1316 2223 in
1351 2200 1436 2224 arra
1470 2185 1577 2236 regia
1608 2186 1710 2236 apud
1742 2184 1818 2222 Jul.

295 2257 498 2310 Capitolin.
524 2258 563 2294 in
590 2256 739 2300 Maxim.
761 2257 842 2306 jun.
871 2258 906 2297 1.
958 2254 1102 2292 Contra
1136 2255 1360 2291 Torrentius
1382 2259 1422 2292 et
1446 2255 1506 2292 hic
1525 2257 1564 2291 et
1588 2253 1639 2291 ad
1666 2253 1750 2291 Sat.
1776 2255 1817 2302 2,

295 2327 335 2376 3,
367 2325 463 2368 259.
494 2324 679 2362 catellam
705 2325 729 2365 i.
760 2338 793 2362 e.
822 2322 1014 2375 parvulam
1043 2335 1194 2370 canem,
1224 2336 1318 2374 quae
1346 2323 1384 2359 in
1411 2322 1553 2360 deliciis
1582 2321 1655 2372 sit,
1685 2319 1817 2371 quales

295 2395 383 2432 olim
407 2393 607 2431 Melitaeae
632 2392 832 2444 proverbio
850 2391 1058 2429 celebratae
1086 2391 1244 2439 fuerint,
1269 2390 1425 2440 intelligi
1447 2388 1606 2436 mavult3
1635 2388 1819 2439 frequen—

294 2467 369 2500 tem
399 2461 557 2500 enimin
585 2460 801 2499 auctoribus
829 2461 1054 2498 mentionem
1083 2472 1186 2509 esse,
1218 2463 1356 2509 quanta
1381 2470 1469 2496 cura
1488 2457 1725 2495 mulierculae
1753 2467 1818 2493 ca-

294 2529 401 2567 tellas
424 2530 568 2567 nutrire
597 2534 636 2567 et
664 2530 772 2568 anxie
797 2529 995 2566 admodum
1025 2541 1176 2566 servare
1203 2526 1462 2565 consueverint
1490 2528 1566 2563 etc.
1608 2523 1818 2562 Idemolim

378 2701 415 2746 *)
436 2703 572 2737 Similia
586 2702 668 2736 vide
681 2714 738 2748 ap.
757 2700 886 2738 Heind.
906 2701 950 2736 ad
970 2702 1048 2738 Sat.
1077 2703 1109 2744 1,
1124 2703 1159 2744 2,
1179 2702 1237 2736 80.
1258 2701 1404 2735 Salmas.
1423 2700 1468 2735 ad
1492 2697 1646 2734 Teu-tull.
1663 2696 1707 2732 de
1725 2694 1814 2729 Pan.

296 2768 331 2801 p.
349 2756 404 2793 24.
429 2757 511 2793 349.
536 2760 692 2806 interpp.
714 2759 757 2793 ad
775 2760 854 2795 JuV.
879 2761 913 2803 6,
935 2756 1017 2793 457.
1042 2757 1187 2803 Forbig.
1214 2758 1259 2792 ad
1283 2757 1382 2803 Virg.
1403 2758 1490 2792 Aen.
1515 2758 1548 2800 1,
1576 2750 1658 2790 654.
1676 2749 1813 2795 Biitfig.

297 2814 479 2855 „Sabina“
499 2827 534 2860 p.
549 2813 620 2851 405
635 2828 690 2862 sq.
711 2816 846 2850 Weber
857 2817 894 2850 in
911 2815 1208 2861 ,‚Morgenblatt“
1233 2811 1337 2850 1844.
1357 2815 1405 2850 N.
1426 2815 1505 2849 120.
1526 2823 1562 2856 p.
1576 2808 1658 2845 4⁷7.
1688 2806 1814 2851 Imagi-

297 2880 359 2902 nes
382 2871 502 2905 talium
525 2883 638 2907 rerum
659 2873 766 2907 offert
793 2873 956 2908 Muscam
985 2872 1169 2908 Etruscum
1201 2871 1484 2919 Gregovianum
1504 2868 1593 2902 ΡΜ
1614 2864 1744 2911 ΡΥῙΙΜ,
1769 2874 1813 2897 0¹

297 2926 442 2960 aedibus
460 2929 640 2963 Vaticanis
653 2930 940 2964 MDCCCXLH.
961 2930 1036 2963 tab.
1058 2930 1104 2964 67
1121 2949 1175 2955 —
1193 2929 1252 2963 91.
