1910 3138
294 206 377 249 164

362 335 423 380 Ut
453 348 550 379 cum
583 334 743 394 pileolo
779 334 925 379 soleas
961 336 1143 381 conviva
1178 335 1363 380 tribulis.

869 206 1258 247 HOR‘ATII
1802 211 1829 252 4

1776 337 1828 380 15

362 415 460 460 Nec
494 414 629 474 volgo
664 427 842 475 narres,
878 417 922 459 te
957 414 1185 459 sudavisse
1219 415 1397 460 ferendo

367 494 599 553 Carmina,
635 506 746 552 quae
779 494 944 554 possint
979 495 1128 539 oeulos
1164 497 1364 554 aurisque
1397 497 1557 540 morari

367 572 597 632 Caesaris3
634 575 782 618 oratus
816 573 952 618 multa
985 586 1140 636 prece,
1176 576 1315 619 nitere
1349 588 1498 634 porro.

289 708 383 755 apud
405 708 572 754 antiquos
592 708 631 742 in
651 719 715 742 usu
733 708 846 743 fuisse
869 708 1033 744 dixerim.

289 766 429 807 Quodsi
440 765 631 800 Lucretius
643 767 676 811 1,
692 765 774 801 361.
788 765 934 811 primam
950 778 1035 812 pro-

286 822 411 867 duxit,
451 822 636 857 Horatium
648 849 657 867 ,
698 833 801 868 quum
833 824 1036 870 glomerare

287 879 421 925 corripi
436 884 578 914 constet
588 906 598 924 ,
617 879 656 917 in
669 879 815 914 meliore
831 889 938 915 causa
953 891 1034 914 esse
1050 918 1054 924 ¹

284 937 391 971 facile
404 937 631 982 intelligitur.
652 937 710 971 Ne
724 937 852 971 multa!
874 942 934 971 aut
952 938 1035 983 glo·

283 995 366 1028 bum
380 995 488 1028 lanae
504 998 566 1028 aut
585 995 728 1039 glomus
741 995 847 1028 lanae
866 994 1036 1028 dixerunt

284 1055 443 1085 veteres.
466 1051 570 1085 Conf.
592 1050 668 1084 Fen
685 1050 730 1084 ad
750 1050 785 1084 h.
807 1050 830 1085 l.
853 1055 891 1085 et
912 1051 1032 1086 Bentl.

284 1108 330 1142 ad
358 1107 485 1142 Manil.
518 1110 559 1152 1,
590 1107 671 1142 837.
704 1106 833 1142 Parum
866 1112 1034 1142 accurate

284 1164 446 1210 disputat
472 1164 636 1199 Diintzer
666 1175 703 1210 p.
730 1164 790 1199 97.
820 1183 876 1190 ——
905 1164 1031 1210 pin-ia.

283 1222 352 1256 Ms.
380 1220 546 1255 Rudolst.
577 1221 683 1255 Dess.
715 1220 748 1254 1.
781 1221 815 1256 2.
850 1221 970 1255 Guelf.
997 1221 1030 1255 1.

280 1277 381 1324 LiPS.
400 1277 435 1312 3.
455 1278 575 1312 Berol.
597 1279 629 1312 1.
655 1276 765 1311 Goth.
785 1277 889 1322 piria.
911 1277 1030 1312 Guelf.

280 1334 314 1370 3.
329 1335 462 1380 pyrria.
478 1335 584 1370 Dess.
600 1334 635 1369 3.
652 1335 757 1368 Gott.
777 1335 808 1368 1.
825 1334 927 1380 Lips.
946 1337 978 1370 1.
994 1335 1028 1370 2.

337 1391 383 1426 V.
407 1389 464 1426 15.
501 1392 565 1426 Est
581 1403 659 1426 cum
687 1401 865 1437 superscr.
892 1397 934 1426 ut
964 1402 1028 1425 me.

281 1447 397 1483 Orell.
413 1449 450 1482 b.
466 1448 514 1482 Et
528 1460 619 1482 cum.
634 1448 734 1482 Mon.
750 1460 781 1484 c.
797 1466 854 1473 --
863 1449 1027 1494 pelleolo.

279 1504 349 1542 Ms‚
370 1505 507 1539 Bersm.
528 1515 585 1538 un.
605 1505 758 1551 pilleolo.
780 1504 870 1540 Mss.
890 1506 1026 1539 Bersm.

279 1565 376 1607 quat.
399 1562 454 1596 Ik.
480 1564 513 1597 1.
535 1562 656 1596 Guelf.
678 1563 710 1596 1.
735 1563 767 1597 2.
787 1557 824 1596 4.
850 1561 970 1596 Berol.
993 1562 1026 1596 1.

279 1619 312 1654 2.
331 1618 432 1652 Dess.
450 1620 483 1654 2.
506 1620 608 1653 Gott.
627 1621 659 1654 1.
681 1618 782 1665 Lips.
798 1629 888 1653 omn.
903 1622 941 1652 et
955 1618 1028 1652 Ru-

277 1674 383 1708 dolst.
413 1675 508 1710 Edd.
538 1676 626 1709 Ven.
654 1672 735 1710 481.
758 1675 817 1711 83.
840 1677 898 1711 86.
926 1675 1027 1710 Flor.

275 1728 358 1765 482.
379 1731 490 1768 Loch.
508 1728 592 1766 498.
621 1731 722 1777 LiPS.
743 1729 826 1767 492.
855 1733 914 1767 98.
944 1731 1025 1768 502.

276 1787 357 1820 Ald.
379 1786 461 1822 501.
486 1789 540 1823 19.
561 1789 658 1822 Junt.
681 1788 763 1823 509.
786 1787 842 1822 14.
864 1788 1025 1823 Britann.

275 1842 358 1879 520.
389 1845 489 1878 Glar.
511 1843 557 1877 al.
589 1863 636 1868 —
664 1845 839 1879 tribanus.
870 1845 969 1879 Mon.
993 1858 1024 1879 e.

274 1899 367 1933 Post
384 1900 518 1933 tribulis
532 1904 663 1944 puncto
679 1899 840 1934 incidunt
855 1902 1024 1947 complur-

276 1956 359 1991 edd.
381 1959 421 1989 ut
441 1956 523 1992 Ald.
545 1955 625 1990 519.
654 1957 752 1991 Junt.
775 1954 858 1992 514.
888 1959 943 1992 19.
975 1959 1023 1992 Τ.

274 2012 366 2047 Fab.
386 2012 504 2047 Bentl.
525 2013 661 2047 Sandb.
683 2013 791 2046 Daru.
822 2013 886 2048 Fe.
914 2013 1022 2049 Both.

275 2070 376 2104 Pass.
401 2069 519 2104 Schm.
541 2069 699 2103 Meinek.
718 2069 831 2103 Orell.
847 2070 1023 2113 Hoched.,

276 2126 323 2161 al.
341 2130 510 2162 commate
529 2125 613 2160 dist.
638 2131 678 2160 ut
693 2125 797 2160 Jahn.
821 2144 875 2150 ——-
901 2127 946 2159 V.
965 2128 1021 2161 16.

275 2183 362 2218 Nec.
383 2182 452 2217 ΜΒ.
481 2181 598 2218 Bentl.
618 2182 654 2216 3.
684 2186 733 2216 et.
764 2181 810 2216 al.
833 2193 934 2227 quem
953 2193 1022 2216 non

275 2241 449 2284 nominat,
470 2239 597 2274 Comb.
614 2238 655 2273 B.
677 2238 723 2273 F.
743 2237 809 2273 Fe.
826 2240 858 2280 2,
878 2238 911 2271 b.
932 2237 965 2283 5,
987 2251 1019 2277 e.

275 2298 316 2340 7,
339 2309 372 2332 a.
396 2297 436 2341 (a
462 2299 494 2333 2.
514 2295 579 2340 m.)
608 2295 678 2340 [Ik.
707 2296 820 2340 tacet]
845 2294 944 2328 Pott.
966 2296 1020 2330 18.

276 2354 334 2391 21.
352 2353 473 2388 Berol.
492 2355 525 2389 1.
545 2353 643 2387 Mon.
658 2353 696 2386 b.
720 2363 752 2386 e.
774 2351 944 2386 Edd.Fe.
965 2353 1020 2386 Ik.

274 2409 436 2445 Hoched.
458 2409 612 2444 Meinek.
632 2408 792 2444 Liudem.
818 2407 951 2443 Select.
973 2408 1018 2442 [Ι.

274 2479 309 2511 p.
322 2464 382 2502 41.
403 2467 535 2511 Recte,
558 2467 632 2502 vid.
653 2466 757 2501 Jahn.
774 2464 818 2499 ad
832 2465 934 2510 Virg.
951 2466 1019 2499 Ge.

273 2522 317 2565 3,
337 2520 419 2559 435.
441 2528 479 2557 et
500 2528 612 2558 nostr.
637 2523 790 2557 Excurs.
811 2522 857 2556 ad
879 2523 919 2556 11
932 2548 941 2565 ,
961 2522 1018 2557 23.

275 2590 312 2623 p.
335 2581 398 2614 121
415 2591 494 2626 sqq.
507 2607 517 2625 ‚
548 2580 605 2615 cui
625 2591 717 2614 nunc
737 2579 827 2613 adde
849 2579 895 2613 Ο.
914 2579 1017 2613 Jahn.

275 2634 319 2668 ad
351 2635 451 2670 Pers.
478 2638 519 2680 1,
550 2639 585 2673 6.
622 2640 659 2671 et
693 2647 794 2682 quem
825 2635 947 2670 laudat
974 2635 1017 2669 C.

275 2691 447 2726 Schmidt.
476 2694 629 2728 Excurs.
654 2693 697 2727 ad
715 2694 797 2728 Juv.
820 2690 884 2736 14,
903 2688 960 2728 48.
980 2704 1017 2738 p.

274 2744 354 2780 385.
386 2748 475 2783 Neu.
500 2749 569 2783 Ms.
591 2750 709 2785 Bentl.
731 2751 788 2785 10.
820 2741 942 2784 Oberl.
972 2750 1016 2784 C.

273 2813 294 2835 a
315 2803 346 2837 2.
373 2814 417 2837 m.
445 2805 514 2847 (Ut
531 2806 630 2852 vulg.
654 2818 674 2840 a
702 2808 741 2841 1.
762 2806 827 2850 m.)
854 2807 951 2840 Mon.
981 2818 1014 2844 e.

272 2857 367 2892 Vict.
388 2859 413 2892 i.
444 2860 539 2894 Edd.
559 2861 679 2897 Bentl.
702 2862 804 2907 Traj.
829 2861 872 2896 ad
897 2863 1013 2897 Rhen.

270 2914 353 2949 713.
377 2914 466 2949 Can.
499 2917 583 2951 San.
605 2917 719 2951 Merv.
750 2918 877 2953 Franc.
906 2918 1013 2954 Bask.

1081 708 1230 755 Dorigh.
1245 710 1366 756 Sivry.
1383 710 1657 746 WakefiWetz.
1675 709 1824 744 Haberf.

1079 766 1243 801 Praedic.
1261 767 1373 802 Hunt.
1401 767 1517 802 Schm.
1546 767 1648 801 Pass.
1668 766 1825 801 Braunh.

1079 823 1146 858 Ne.
1176 824 1268 859 Mss.
1293 827 1331 859 et
1353 824 1436 858 edd.
1463 824 1562 869 vulg.
1588 823 1695 858 etiarn
1721 824 1824 857 Jahn.

1079 880 1170 914 Zell.
1192 881 1298 915 Web.
1323 880 1437 916 Orell.
1467 880 1548 926 (qui
1571 883 1695 915 tuetur
1719 891 1826 925 asyn-

1079 937 1208 982 deton)
1239 938 1397 973 Dillenb.
1425 937 1614 972 Sententia
1631 941 1746 972 autem
1764 940 1826 970 aut

1079 1005 1143 1028 nec
1168 998 1230 1028 aut
1247 1006 1316 1029 neu
1341 993 1506 1040 requirit.
1534 993 1590 1030 Ne
1610 997 1649 1029 et
1665 1005 1729 1029 nee
1745 993 1824 1027 ubi-

1080 1062 1148 1096 que
1163 1051 1444 1096 confunduntur,
1462 1051 1509 1086 cf.
1524 1050 1640 1086 Bentl.
1657 1055 1695 1085 et
1709 1049 1821 1085 Orell-

1078 1106 1123 1141 ad
1145 1108 1222 1141 Sat.
1245 1109 1287 1152 2,
1307 1108 1352 1151 3,
1374 1110 1455 1144 262.
1486 1107 1596 1142 Drak.
1623 1105 1768 1142 ad'LiV.
1788 1107 1822 1150 2,

1076 1160 1142 1206 46,
1163 1165 1219 1199 16.
1240 1164 1284 1209 3,
1304 1161 1370 1208 47,
1390 1166 1413 1199 7
1423 1178 1434 1207 ;
1449 1165 1502 1199 de
1521 1164 1679 1199 confusis
1697 1176 1763 1199 nec
1786 1167 1825 1197 et

1075 1231 1145 1254 ‘neu
1165 1221 1257 1256 conf.
1280 1221 1446 1256 Oudend.
1465 1221 1511 1255 ad
1530 1222 1638 1256 Caes.
1657 1221 1701 1257 B.
1722 1221 1766 1255 C.
1787 1221 1822 1265 1,

1076 1273 1140 1320 64,
1161 1277 1196 1311 3.
1226 1277 1336 1312 Bach.
1366 1282 1404 1312 et
1431 1277 1528 1311 Diss-
1548 1279 1595 1313 ad
1615 1276 1702 1312 Tib.
1723 1279 1764 1320 1,
1787 1279 1820 1319 1,

1075 1333 1134 1368 37.
1163 1334 1244 1368 coll.
1267 1337 1284 1369 1
1299 1361 1309 1378 ‚
1340 1335 1379 1378 1,
1398 1330 1458 1368 34.
1487 1334 1598 1369 Drak.
1620 1334 1666 1368 ad
1687 1333 1768 1368 Liv.
1786 1335 1821 1376 2,

1076 1388 1120 1425 15
1131 1416 1140 1434 ,
1163 1392 1195 1428 2.
1214 1391 1271 1425 Ita
1288 1394 1387 1425 recte
1404 1390 1552 1437 scripsit
1567 1390 1821 1435 Dillenburger

1075 1446 1145 1481 Od.
1160 1447 1196 1492 3,
1213 1448 1270 1491 29,
1285 1449 1319 1485 6.
1341 1448 1448 1494 Eripe
1459 1453 1495 1483 te
1508 1459 1631 1482 morae
1646 1447 1720 1482 Nec
1733 1458 1821 1482 eem-

1070 1505 1326 1551 per—volgo.
1339 1505 1402 1539 Sic
1410 1515 1494 1539 mss.
1504 1504 1604 1551 Lips.
1614 1505 1647 1540 2.
1659 1504 1694 1539 3.
1706 1504 1818 1538 Goth.

1130 1561 1176 1597 V.
1193 1562 1250 1596 17.
1267 1562 1412 1607 possint.
1431 1561 1519 1607 Mes.
1540 1564 1582 1596 ut
1600 1560 1672 1595 vid.
1692 1561 1818 1595 Lamb.

1075 1629 1164 1652 omn.
1183 1618 1296 1653 Pulm.
1319 1621 1351 1653 1.
1370 1615 1404 1654 4.
1423 1619 1458 1654 7.
1483 1620 1540 1654 10.
1563 1617 1700 1652 Bersm.
1722 1620 1818 1662 quat.

1073 1675 1154 1709 Val.
1175 1686 1258 1709 nov.
1278 1679 1316 1709 et
1334 1675 1411 1710 sine
1427 1675 1534 1717 dubio
1551 1675 1676 1709 Oberl.
1691 1673 1816 1708 Comb.

1074 1743 1165 1766 omn.
1189 1731 1255 1766 Fe.
1275 1734 1308 1775 1,
1336 1744 1368 1768 a.
1389 1744 1421 1767 c.
1444 1744 1477 1767 e.
1499 1744 1535 1778 g.
1555 1731 1590 1768 k.
1608 1743 1653 1766 m.
1675 1743 1711 1777 p.
1731 1741 1761 1764 e.
1783 1732 1817 1773 2,

1071 1789 1108 1822 b.
1131 1800 1164 1822 c.
1185 1789 1221 1822 d.
1244 1801 1277 1823 e.
1296 1788 1321 1824 f.
1340 1787 1375 1832 5,
1396 1800 1428 1822 a.
1450 1801 1482 1824 e.
1503 1790 1536 1833 6,
1559 1800 1592 1823 a.
1611 1789 1646 1833 9,
1666 1799 1698 1822 c.
1718 1787 1816 1822 Pott.

1072 1857 1162 1879 omn.
1182 1857 1261 1880 exc.
1282 1855 1363 1880 uno.
1394 1845 1505 1880 Orell.
1529 1857 1620 1880 omn.
1641 1844 1761 1879 Guelf.
1782 1845 1816 1878 1.

1071 1903 1104 1938 2.
1125 1898 1160 1935 4.
1187 1901 1291 1938 Dess.
1314 1904 1347 1938 1.
1378 1903 1411 1940 2.
1442 1902 1563 1937 Berol.
1583 1904 1615 1937 1.
1646 1903 1680 1937 2.
1711 1902 1814 1935 Gott.

1071 1960 1104 1992 1.
1130 1960 1164 1994 2.
1198 1959 1310 1995 Goth.
1339 1958 1439 2004 Lips.
1472 1971 1563 1994 omn.
1589 1959 1702 1993 Dorv.
1726 1958 1758 1992 1.
1780 1959 1813 1992 2.

1070 2014 1148 2048 cod.
1160 2014 1273 2049 Ment.
1287 2015 1428 2051 Monac.
1447 2027 1536 2050 omn.
1553 2018 1693 2059 except.
1706 2013 1811 2048 duob.

1068 2071 1165 2104 Edd.
1184 2071 1309 2105 Lamb.
1331 2071 1418 2106 Min.
1442 2071 1551 2106 Talb.
1571 2072 1678 2106 Baxt.
1692 2070 1813 2105 Bentl.

1069 2127 1160 2161 Cun.
1178 2129 1263 2162 San.
1281 2131 1319 2162 et
1333 2131 1486 2162 recentt.
1498 2127 1637 2174 plurim.
1650 2132 1811 2173 possunt.

1067 2182 1156 2217 Mss.
1177 2184 1289 2218 Pulm.
1309 2188 1398 2219 tres.
1419 2184 1485 2218 Fe.
1506 2184 1608 2229 reliq.
1631 2183 1732 2218 Pott.
1753 2185 1811 2219 16.

1068 2244 1105 2273 et
1132 2243 1173 2272 ut
1198 2240 1273 2278 vid,
1305 2240 1415 2286 Cruq.
1438 2245 1476 2274 et
1504 2241 1615 2274 Torr.
1631 2251 1657 2278 e
1676 2240 1811 2275 nostris

1068 2295 1188 2329 Guelf.
1203 2296 1238 2330 3.
1260 2293 1423 2331 Rudolst.
1438 2296 1538 2330 Mon.
1554 2309 1586 2331 e.
1602 2308 1646 2331 m.
1665 2297 1810 2332 Corbei.

1066 2352 1160 2387 Edd.
1176 2356 1269 2387 vett.
1286 2353 1404 2387 etiam.
1419 2353 1553 2387 Muret.
1569 2353 1680 2400 Cruq.
1696 2355 1809 2389 Pulm.

1064 2408 1174 2443 Fabr.
1203 2410 1251 2443 Η.
1282 2409 1407 2455 Steph.
1436 2410 1574 2445 Bersm.
1594 2411 1809 2446 'rom—e

1063 2469 1216 2499 recentt.
1245 2466 1324 2500 Val.
1354 2467 1462 2501 Hunt.
1496 2467 1620 2514 Camp.
1651 2473 1805 2514 possent.

1064 2522 1153 2557 Mss.
1165 2521 1300 2556 Bersm.
1313 2524 1395 2558 duo.
1409 2523 1510 2558 Dess.
1523 2524 1557 2559 3.
1567 2524 1696 2570 posuit.
1706 2524 1805 2558 Mon.

1064 2591 1101 2624 g.
1120 2596 1175 2606 .-
1200 2591 1302 2614 aures
1323 2568 1516 2624 oculosque.
1537 2580 1606 2615 Ms.
1627 2581 1694 2614 Fe.
1714 2581 1747 2623 2,
1771 2591 1804 2614 a.

1063 2635 1162 2670 Mon.
1185 2648 1217 2670 e.
1238 2637 1422 2682 oculosque
1441 2637 1610 2681 aurisque.
1642 2635 1711 2670 Ed.
1733 2636 1805 2670 Cu-

1063 2692 1161 2737 ning.
1181 2692 1385 2736 (AnimadV.
1406 2706 1437 2727 c.
1458 2694 1514 2728 11.
1537 2705 1573 2738 p.
1596 2691 1692 2735 152).

1119 2750 1163 2782 V.
1183 2751 1238 2788 18.
1262 2750 1416 2785 (ἔσσεαι-ι’.
1430 2749 1498 2783 Με.
1514 2748 1610 2782 Μοιι.
1629 2747 1655 2781 f.
1676 2747 1804 2783 Caesa-

1061 2805 1120 2839 rie.
1141 2812 1264 2842 oratus
1282 2819 1327 2842 m.
1347 2818 1404 2852 pr.
1423 2816 1459 2839 n.
1480 2815 1600 2849 porro.
1632 2804 1694 2838 Sic
1714 2804 1800 2839 dist.

1059 2861 1181 2897 Lamb.
1203 2866 1240 2897 et
1265 2861 1431 2908 complur.
1462 2859 1508 2893 al.
1538 2860 1714 2904 Caesaris,
1742 2872 1800 2895 m·-

1059 2931 1104 2954 m.
1122 2931 1243 2965 prece,
1263 2930 1300 2953 n.
1315 2927 1442 2964 porro,
1463 2915 1636 2961 distingui
1655 2917 1716 2951 alii
1734 2928 1800 2951 vo-
