2034 3224
373 221 455 266 120
513 223 887 264 commi-Anu
906 222 963 262 IN
981 219 1774 264 110111111»1,13.1.ΕΡ13Τ.11ΝΜ13.
1839 215 1923 269 120

375 351 515 389 tionem
550 355 711 402 propter
748 349 900 386 fundum
937 348 1124 399 quendam
1162 360 1185 387 a
1211 348 1377 388 Bullatio
1405 349 1458 388 ibi
1495 354 1718 402 possessum
1735 335 1920 388 ‘ci-edunt.

377 416 491 456 Aliud
520 418 611 468 quid
639 417 824 468 spectavit
851 417 1020 467 prudens
1057 416 1201 467 Poeta,
1239 430 1355 469 quum
1380 417 1495 456 urbes
1523 417 1638 468 longe
1665 406 1835 456 diversus
1854 416 1923 456 '‘vel

377 486 575 524 maximam
611 485 820 533 minimam,
868 484 928 523 vel
964 484 1374 535 magnificentissimam
1409 486 1628 525 vilissimam
1652 474 1922 537 commueret.

378 552 543 604 Propter
570 552 671 590 illum
697 550 966 602 Porphyrionis
995 555 1036 591 et
1063 553 1273 591 Suetonii·
1262 567 1302 592 111
1329 554 1406 593 vit.
1436 555 1574 594 Octav,
1602 555 1644 595 9.
1678 553 1825 617 locum,
1853 553 1931 604 “qui

379 620 733 671 „Nun-{mentorum
766 620 848 670 ejus
883 619 1105 672 (Augusti),
1117 621 1146 645 ‘⁶
1182 621 1327 672 inquit,
1379 622 1624 673 „ostenditur
1654 621 1802 661 adhuc
1812 621 1925 659 rocus

379 688 418 725 in
447 687 546 724 avito
584 685 802 725 suburbano
829 690 937 740 juxta
964 687 1130 727 Velitras
1165 680 1351 740 tenetque
1385 690 1617 729 vicinitatem
1653 689 1818 741 opinio,·
1828 692 1933 727 tan--

381 768 491 806 quam
520 758 558 791 et
583 757 696 793 natus
727 754 780 792 ibi
814 757 865 794 sit
874 758 918 807 (ί,
947 757 1214 795 Britannicus
1240 754 1295 793 ibi
1316 756 1527 808 legendum
1552 757 1735 808 coniecit:
1766 759 1928 804 „juxta

389 821 592 860 Πίιιῖητιετ.ι
597 827 614 845 ‘
641 822 691 860 At
709 823 827 863 falsus
847 828 919 863 est.
951 825 1089 863 Omnis
1107 825 1206 864 enim
1223 837 1351 862 rerum
1369 822 1758 875 gestarum-<memoria
1775 827 1929 875 gentem

382 891 582 930 Octaviam
607 891 770 931 Velitris
799 893 998 931 oriundam
1026 892 1120 932 satis
1149 895 1325 942 testatur,
1355 892 1644 943 quanquamde
1658 891 1848 944 ·⁶Augusto
1872 891 1927 930 ibi

380 964 472 998 nato
505 964 609 998 recte
648 959 823 999 dubitant
859 961 987 999 talium
1022 973 1147 999 rerum
1183 959 1329 999 arbitri.
1362 959 1448 998 Vid.
1483 953 1755 998 chbhrtum
1781 959 1852 998 hac
1871 958 1930 996 -de

381 1040 424 1066 re
451 1029 491 1066 in
523 1028 775 1079 Imperatori-⁹
807 1029 920 1068 Caes.
951 1029 1067 1081 Aug.
1093 1030 1332 1079 scriptorum
1363 1026 1575 1079 Reliquiis.
1600 1027 1788 1067 ‘Grinnes
1804 1023 1928 1073 1841.

382 1095 411 1134 Ι.
440 1109 479 1146 p.
505 1096 547 1136 3.
573 1096 719 1134 erudite
745 1097 1013 1149 disputantem.
1045 1096 1342 1148 Porphyrionem
1368 1108 1453 1133 cum
1475 1094 1631 1135 Ulubris
1650 1084 1931 1134 Velitras‘eon-

383 1163 529 1202 fudisse
552 1176 636 1202 mea
661 1165 814 1215 quidem
842 1165 1031 1204 sententia
1058 1169 1162 1202 recte
1190 1162 1310 1202 sensit
1345 1162 1557 1206 Gemma,
1587 1163 1650 1202 De
1685 1156 1933 1202 'Umbrarum

384 1235 512 1269 autem
541 1231 617 1268 situ
646 1233 771 1270 omnia
806 1225 895 1271 sunt
929 1234 1083 1271 incerta.
1125 1231 1267 1269 Plinius
1295 1231 1364 1283 (H.
1391 1230 1444 1270 N.
1475 1231 1528 1281 3,
1554 1229 1614 1283 5.)
1647 1230 1934 1270 Veliterno-vet

393 1297 633 1336 Ulubrenses
660 1299 870 1350 conjungit,
898 1312 1022 1351 neque
1052 1299 1264 1338 audiendus
1292 1302 1352 1337 est
1386 1297 1608 1344 Celtarum
1631 1310 1747 1349 quum
1773 1300 1823 1336 ad
1838 1294 1930 1337 Cic.

384 1366 510 1417 Epist.
535 1366 584 1403 ad
610 1365 694 1404 Div.
718 1367 761 1415 7,
787 1369 852 1416 12,
880 1367 917 1408 5.
955 1366 1134 1405 Umbras
1155 1379 1277 1418 prope
1306 1367 1489 1405 Suessam
1515 1366 1727 1405 Pometiam
1752 1370 1792 1404 et
1815 1365 1934 1403 Astu-

385 1445 468 1471 ram
494 1434 645 1472 fluvium
674 1433 791 1472 fuisse
822 1435 926 1473 dicit.
972 1436 1059 1474 Hoc
1087 1439 1215 1473 autem
1238 1437 1409 1485 constat,
1440 1433 1660 1487 oppidulum
1682 1444 1805 1485 prope
1830 1431 1934 1470 Veli-

386 1504 465 1539 tras
494 1505 534 1540 et
556 1501 716 1552 paludes
743 1502 967 1554 Pomptinas
996 1504 1109 1542 situm
1132 1503 1252 1542 fuisse
1269 1506 1317 1542 -et
1342 1501 1504 1540 Lubras
1527 1507 1680 1554 quoque
1707 1513 1793 1540 esne
1814 1509 1934 1539 rvoca-

388 1573 483 1618 tum,
513 1570 561 1608 cf.
589 1569 664 1608 Jul.
686 1571 861 1610 Frontin.
881 1571 948 1609 lib.
969 1573 1017 1610 de
1040 1572 1198 1611 coloniis
1221 1573 1282 1611 ed.
1304 1571 1422 1611 Goes.
1445 1569 1604 1609 Amstel.
1627 1565 1815 1620 1674.'p.
1838 1568 1932 1610 108.

391 1635 487 1677 141.
519 1634 611 1678 143.
641 1637 740 1676 Hinc
770 1624 989 1677 Cardc‘nali
1024 1641 1064 1678 in
1097 1640 1257 1691 Iscript.
1298 1639 1344 1678 V
1336 1638 1438 1681 elitr.
1465 1649 1506 1690 p.
1524 1635 1600 1679 ¹47.
1635 1635 1801 1676 Ulabms
1827 1637 1936 1688 ponit

388 1705 429 1742 in
458 1704 525 1743 illo
554 1718 676 1757 prope
709 1707 809 1744 viam
839 1707 1001 1758 Appiam
1037 1700 1164 1760 pago,
1205 1709 1268 1759 qui
1306 1707 1420 1746 hodie
1454 1702 1636 1745 cmm
1660 1702 1833 1746 vocatur.
1854 1716 1856 1719 ’
1876 1703 1936 1743 'In

391 1772 524 1811 eadem
553 1775 742 1813 sententia
764 1779 859 1812 sunt
895 1762 1068 1814 Orbilius
1106 1777 1155 1814 ad
1192 1776 1228 1814 h.
1265 1774 1290 1813 l.
1327 1779 1366 1813 et
1402 1773 1507 1812 Geel.
1534 1774 1575 1811 in
1596 1773 1727 1812 tabula
1752 1772 1938 1825 toposgra-

389 1840 500 1892 phica
527 1841 612 1878 libri
641 1842 934 1894 „Topography
963 1844 1010 1881 of
1031 1845 1154 1882 Rome
1181 1844 1256 1881 and
1283 1843 1334 1881 its
1361 1842 1514 1892 vicinity
1523 1842 1553 1867 “
1580 1842 1776 1892 inscripti,
1814 1848 1936 1892 quan-

391 1921 505 1960 quam
534 1910 644 1948 aliter
669 1911 695 1947 i.
724 1923 756 1948 e.
785 1903 992 1961 parietinas
1028 1911 1234 1949 Civitonae
1260 1914 1434 1962 repertas
1462 1909 1630 1951 Ulubras
1656 1909 1775 1947 fnisse
1797 1907 1938 1947 ibidem

391 1977 440 2029 (I.
469 1990 510 2028 p-
537 1977 634 2018 301.
661 1982 701 2016 et
730 1977 778 2016 Π.
808 1991 847 2029 p.
868 1978 980 2030 290.)
1009 1981 1184 2032 conjecit.
1228 1979 1374 2018 Contra
1402 1975 1686 2029 Westphalim
1709 1988 1749 2028 p·
1771 1974 1843 2019 46.
1865 1981 1938 2028 op-

391 2045 682 2098 pidulumillud
709 2047 758 2084 ad
787 2046 908 2084 lacum
937 2048 1001 2097 qui
1030 2047 1144 2087 hodie
1163 2046 1414 2086 Giulianello
1439 2050 1599 2085 vocetur
1619 2045 1795 2097 positum
1805 2043 1939 2095 opina-

392 2116 474 2151 tur¹>
491 2114 622 2153 fuisse.
661 2114 808 2164 Agmen
842 2114 992 2153 claudat
1030 2109 1139 2154 veiim
1173 2116 1458 2155 Walckenaer.
1497 2112 1544 2164 (1.
1573 2127 1614 2165 p.
1642 2109 1767 2165 474),
1800 2113 1871 2163 qui
1898 2112 1939 2157 in

394 2181 509 2221 rebus
538 2182 802 2234 geographicis
828 2181 1053 2220 laudabilem
1081 2183 1162 2222 fere
1190 2186 1319 2236 posuit
1348 2195 1517 2236 operam.
1546 2181 1586 2219 Is
1613 2181 1712 2219 inter
1733 2179 1807 2218 alia
1825 2180 1938 2218 haec:

395 2251 537 2300 „Nous
568 2263 729 2301 croyous
759 2248 965 2299 qu’Ulubre
992 2262 1015 2287 a
1042 2250 1091 2289 (111
1118 2251 1202 2290 eti-e
1230 2265 1305 2291 aux
1331 2253 1469 2290 ruines*
1495 2249 1560 2300 qui
1593 2251 1682 2286 sont
1715 2246 1824 2285 entre
1847 2247 1939 2285 le-

395 2318 484 2356 letri
511 2321 550 2357 et
577 2318 614 2356 le
640 2316 1048 2356 More-di-Taberna
1076 2319 1125 2357 de
1154 2319 1193 2357 la
1215 2321 1300 2359 voie
1323 2320 1534 2371 Appienne.
1577 2315 1686 2354 c⁹est
1712 2314 1757 2352 la*
1772 2315 1940 2366 position

397 2385 607 2437 qu⁹adopte
630 2385 695 2426 M.
716 2384 922 2423 Reichard
951 2385 1047 2423 dans
1074 2399 1117 2424 sa
1145 2391 1248 2426 carte
1277 2382 1326 2424 de
1351 2385 1486 2424 l'ltalie
1512 2382 1693 2422 ancienne
1718 2380 1941 2429 inseridure3

397 2455 491 2492 mais
517 2455 612 2493 dans
642 2452 894 2506 l'explication
922 2452 970 2490 de
999 2457 1100 2492 cette
1129 2459 1234 2493 carte
1269 2454 1296 2492 il
1330 2452 1395 2491 n’a
1421 2450 1582 2501 designa
1610 2462 1733 2489 aucun
1753 2450 1836 2506 *lien
1858 2462 1940 2488 mo-

399 2520 559 2564 derne.“
589 2521 742 2561 Laudat
769 2525 966 2574 praeterea
991 2521 1198 2562 Mannert.
1227 2521 1311 2560 Ital.
1342 2520 1370 2560 I.
1396 2532 1434 2570 p.
1461 2516 1557 2559 646.
1588 2522 1628 2557 et
1655 2518 1830 2556 Cramer.
1863 2530 1942 2554 an—

401 2588 504 2624 cient
531 2590 651 2641 Italy.
686 2590 734 2629 ΙΙ.
762 2603 802 2641 p.
832 2588 914 2638 85„
942 2589 1079 2640 quibus
1109 2591 1208 2628 adde
1241 2587 1403 2627 Siehler.
1435 2585 1607 2636 (Handb.
1638 2587 1677 2624 d.
1701 2584 1767 2624 alt.
1797 2584 1939 2634 Geogr.

402 2654 428 2695 l·
454 2668 491 2709 p.
516 2657 631 2708 370),
662 2659 727 2714 qui
755 2657 921 2702 Ulubras
951 2657 1049 2696 circa
1077 2656 1266 2696 Ortonam
1295 2657 1412 2694 fuisse
1441 2658 1582 2695 censet.
