1910 3138
312 249 395 291 402

886 251 1268 292 HORATII

1781 257 1836 299 54

379 365 644 410 Vestimenta
676 365 804 410 dabat
832 368 1044 426 pretiosa:
1079 367 1231 411 beatus
1261 369 1372 413 enim
1394 373 1486 428 jam

379 442 490 491 Cum
519 445 707 502 pulchris
743 447 894 490 tunicis
930 450 1069 491 sumet
1104 461 1218 491 nova
1248 449 1423 493 consilia
1458 452 1501 494 et
1535 464 1650 512 spes,

377 523 571 568 Dormiet
612 526 655 570 in
686 526 851 585 lucem,
887 530 1030 572 scorto
1066 529 1294 587 postponet
1326 527 1552 574 honestum

378 602 601 661 Officium,
639 618 833 649 nummos
864 605 1030 650 alienos
1059 609 1236 666 pascet,
1273 606 1329 651 ad
1365 608 1493 654 imum

1781 611 1836 653 35

377 683 527 727 Threx
558 685 638 727 erit
672 686 747 727 aut
776 686 939 729 olitoris
973 689 1080 745 aget
1111 687 1311 731 mercede
1347 687 1575 732 caballum.

376 762 593 806 Arcanum
628 776 766 821 neque
800 767 846 808 tu
881 765 1139 810 scrutaberis
1164 767 1276 810 illius
1305 757 1507 825 unquam,

306 910 374 943 Fe.
395 908 507 943 Orell.
534 909 581 944 al.
605 909 725 945 Arcta.
751 911 844 947 Edd.
869 912 924 946 Ik.
951 913 1049 947 Pott.

307 966 354 1002 al.
370 967 474 1000 Atra.
494 966 565 1001 Ms.
583 966 726 1001 Morell.

363 1024 407 1058 V.
421 1022 479 1057 33.
501 1023 659 1058 Pulchris
683 1036 760 1058 cum
784 1025 919 1060 tunicis.
954 1027 1048 1061 Edd.

305 1080 396 1115 Cun.
422 1080 507 1115 San.
533 1080 649 1114 Merv.
682 1080 834 1127 Dorigh.
855 1101 911 1109 ·—
933 1084 1049 1119 sumit.

304 1137 375 1171 Ms.
397 1137 534 1176 Bersm,
556 1147 614 1171 un.
636 1136 700 1170 Fe.
716 1139 749 1182 1,
770 1151 803 1173 a.
827 1139 923 1174 Mon.
940 1141 977 1175 b.
998 1161 1045 1165 —

304 1193 461 1229 concilia.
496 1194 594 1228 Mon.
623 1206 654 1229 e.
687 1214 737 1220 —
768 1208 808 1230 ac
830 1208 920 1242 spes.
952 1196 1048 1231 Edd.

305 1251 396 1284 Cun.
419 1250 506 1286 San.
530 1250 646 1285 Merv.
673 1251 801 1286 Franc.
822 1254 930 1292 Bask,
949 1254 1048 1287 Sivr.

303 1306 453 1352 Dorigh.
486 1319 589 1353 expes
619 1308 688 1343 Ms.
714 1309 822 1355 Cruq.
843 1311 878 1346 7.
918 1323 1050 1357 exspes.

303 1364 401 1399 Mon.
433 1365 467 1400 b.
507 1365 550 1399 ab
583 1365 729 1411 antiqua
755 1377 857 1400 manu
893 1367 1049 1402 additum

304 1421 504 1466 scripturae
521 1427 555 1456 et
566 1433 654 1467 spes.
683 1423 771 1457 Inde
786 1423 901 1458 edidit
915 1425 1025 1470 Cruq.
1039 1436 1047 1457 =

303 1478 460 1513 consilia.-
490 1490 611 1525 exspes
627 1478 750 1514 Dorm.
773 1481 878 1516 Cous.
898 1481 946 1515 H.
967 1482 1048 1516 Ste-

303 1536 408 1580 phan.
433 1534 546 1570 Diatr.
571 1547 644 1570 sec.
674 1548 709 1582 p.
735 1535 838 1584 135.‚
867 1538 1048 1584 improbat

303 1592 450 1626 Talbot.
482 1605 523 1627 ac
547 1604 603 1627 res
621 1592 693 1629 Ms.
716 1594 782 1628 Fe.
802 1596 836 1639 7,
865 1606 897 1632 e.
927 1601 961 1631 et
981 1608 1048 1632 res.

302 1649 369 1683 Fe.
390 1650 424 1691 9,
445 1661 477 1684 a.
498 1661 519 1683 a
541 1652 573 1684 1.
588 1661 632 1686 m.

359 1706 402 1741 V.
412 1702 469 1739 34.
482 1705 666 1752 postponit
679 1708 815 1743 Bersm.
828 1719 886 1742 un.
898 1713 935 1743 et
944 1709 1046 1744 Dess-

304 1763 336 1795 1.
365 1781 413 1788 —
442 1763 486 1798 V.
514 1763 572 1797 35.
603 1765 751 1799 nummis
771 1765 893 1799 alienis
916 1772 1047 1811 pascet.

303 1817 372 1851 Ed.
391 1818 552 1853 Praedic.
572 1838 627 1845 —
645 1828 774 1865 poscet.
797 1822 899 1856 Hanc
922 1822 1047 1857 lectio-

303 1884 379 1908 nem
404 1875 448 1908 ab
470 1876 516 1909 Η.
544 1876 726 1920 Stephano
752 1877 888 1923 (Diatr.
914 1891 986 1914 sec.
1009 1891 1045 1924 p.

302 1930 388 1974 135)
411 1931 491 1965 olim
507 1932 735 1977 improbatam
754 1936 931 1980 approbat
953 1936 1046 1980 Rap-

300 1987 419 2033 poltus
434 1999 470 2033 p.
487 1989 587 2031 815„
607 1990 705 2034 vulg·
732 1992 942 2036 scripturam
958 1992 1046 2025 Por-

301 2043 451 2090 phyrion
469 2055 608 2091 quoque
632 2050 765 2080 tuetur.
791 2066 839 2071 —
864 2053 983 2093 pascet
998 2050 1045 2082 ad

300 2101 425 2145 imum,
456 2102 518 2136 Sic
546 2102 711 2148 conjungi
731 2105 864 2138 mavult
890 2105 1045 2148 Rutger-

302 2156 374 2191 sius
389 2158 426 2192 in
446 2159 533 2193 Ven.
549 2159 667 2195 Lectt.
689 2172 724 2206 p.
739 2157 822 2195 434.
843 2164 881 2195 et
899 2159 935 2195 in
955 2161 1042 2195 Not.

302 2214 346 2248 ad
362 2215 447 2249 edit.
467 2216 547 2251 613.
565 2227 601 2262 p.
617 2215 674 2251 65.

358 2271 401 2305 V.
424 2272 482 2308 36.
518 2273 649 2308 Threx.
682 2272 770 2307 Mss.
798 2271 955 2306 nonnulli
985 2283 1043 2316 ap.

301 2327 423 2362 Lamb.
446 2333 483 2363 et
504 2334 544 2363 ut
565 2329 638 2364 vid.
659 2329 782 2364 Comb.
806 2329 849 2363 B.
874 2334 911 2363 et
932 2329 985 2363 111.
1007 2326 1043 2362 4.

300 2383 405 2418 Dess.
422 2387 453 2419 1.
470 2385 532 2429 (de
548 2386 709 2421 Monacc.
727 2398 796 2420 non
808 2386 935 2431 liquet)
951 2386 1044 2419 Edd.

301 2441 407 2475 Baxt.
423 2441 540 2477 Bentl.
562 2443 652 2478 Cun.
675 2444 760 2478 San.
785 2443 900 2478 Merv.
914 2442 1043 2477 Franc.

301 2498 408 2531 Bask.
432 2499 513 2534 762.
540 2499 624 2543 (non
639 2500 737 2544 777.)
767 2501 877 2534 Gesn.
898 2500 1045 2545 Dorigh.

304 2553 427 2588 Oberl.
462 2555 585 2590 Comb.
621 2556 762 2591 Wakef.
796 2557 887 2592 Bad.
923 2558 1043 2591 Wetz.

302 2610 450 2647 Haberf.
478 2612 587 2646 Daru.
609 2612 772 2646 Praedic.
802 2614 912 2648 Hunt.
934 2614 1044 2649 Zenn.

301 2667 408 2702 Both.
448 2668 537 2702 Zell.
576 2668 683 2704 Doer.
725 2669 840 2704 Schm.
883 2671 1043 2705 Hoched.

302 2722 412 2758 Mein.
433 2725 546 2759 Orell.
577 2725 654 2770 (qui
675 2726 768 2769 des.)
796 2726 908 2772 Sfipfl.
942 2728 1043 2761 Trux

301 2779 357 2811 vel
373 2779 479 2817 Trex.
496 2781 584 2815 Mss.
601 2782 647 2816 al.
662 2794 719 2827 ap.
737 2782 858 2818 Lamb.
874 2789 910 2817 et
919 2785 1040 2827 Torr„

304 2844 322 2866 e
347 2837 477 2870 nostris
496 2837 590 2871 illam
611 2839 750 2883 quidem
774 2836 919 2874 formam
938 2852 1040 2886 prae-

301 2888 386 2923 bent
407 2891 524 2927 Berol.
550 2895 581 2930 1.
601 2896 635 2929 2.
661 2895 763 2931 Desa.
787 2898 820 2932 2.
835 2896 869 2930 3.
898 2897 1037 2932 Morell.

302 2945 389 2990 Lips
425 2948 457 2981 1.
487 2951 589 2983 Gott.
606 2952 639 2986 2.
668 2951 788 2985 Guelf.
815 2963 923 2995 omn.‚
958 2954 1038 2987 cod.

1096 912 1223 957 Ment„
1245 913 1335 947 hanc
1348 923 1408 946 ms.
1423 912 1524 958 Lips.
1539 911 1575 947 3.
1595 910 1729 946 Thr-az.
1746 910 1836 946 Mas.

1097 969 1194 1014 vulg,
1221 975 1259 1003 et.
1284 969 1366 1004 edd.
1392 969 1499 1004 etiam
1529 968 1636 1004 Talb.
1662 967 1742 1003 val.
1771 967 1836 1003 Fe.

1095 1027 1191 1060 Pott.
1219 1026 1321 1061 Jahn.
1352 1027 1452 1060 Pass.
1479 1024 1612 1060 Similis
1641 1023 1838 1070 scripturae

1095 1082 1251 1117 varietas
1277 1084 1355 1118 Sat.
1378 1084 1413 1128 2,
1436 1084 1471 1127 6,
1493 1079 1552 1117 44.
1577 1082 1626 1116 At
1644 1080 1838 1116 audiendus

1094 1140 1226 1175 Paulus
1255 1140 1356 1174 Diae.
1395 1139 1453 1174 ed.
1483 1138 1642 1174 Lindem.
1684 1149 1719 1184 p.
1750 1139 1837 1175 156:

1096 1197 1276 1241 „Threces
1313 1195 1528 1242 gladiatores
1560 1207 1581 1230 a
1611 1194 1838 1230 similitudine

1094 1265 1289 1299 parmarum
1307 1253 1579 1288 Thraciarum.“
1600 1253 1657 1287 cf.
1678 1252 1723 1286 de
1745 1263 1838 1286 com-

1093 1310 1235 1344 mutatis
1255 1311 1378 1344 formis
1398 1315 1518 1344 annot.
1539 1309 1583 1343 ad
1598 1310 1634 1353 3,
1650 1308 1686 1343 3.
1714 1308 1780 1342 Fe.
1801 1313 1838 1343 et

1093 1367 1267 1402 Wiistem.
1292 1368 1334 1401 ad
1360 1367 1469 1402 Satir.
1490 1368 1533 1410 2,
1555 1368 1599 1410 6,
1619 1362 1680 1400 44.
1714 1364 1834 1399 Burm.

1094 1425 1138 1458 ad
1156 1425 1302 1460 Petron.
1321 1421 1380 1458 45.
1407 1435 1490 1470 pag.
1511 1422 1591 1458 225.
1613 1421 1777 1458 Oudend.
1798 1426 1836 1456 et

1092 1481 1211 1515 Brem.
1235 1482 1280 1515 ad
1309 1482 1410 1515 Suet.
1443 1480 1558 1524 Calig.
1588 1478 1647 1515 35.
1675 1478 1837 1525 interpp.

1093 1539 1137 1572 ad
1165 1537 1242 1572 Cic.
1269 1538 1313 1572 de
1338 1538 1446 1572 Prov.
1468 1549 1566 1571 cons.
1585 1532 1629 1579 4,
1659 1536 1694 1571 9.
1717 1554 1774 1561 —-
1799 1540 1837 1570 at

1094 1607 1158 1641 ag.
1182 1594 1253 1629 Ms.
1280 1594 1376 1629 Mon.
1396 1596 1434 1629 b.
1466 1613 1515 1620 --
1552 1593 1643 1679 agit.
1673 1592 1835 1627 Mss.1k.

1094 1654 1128 1687 1.
1143 1650 1175 1687 5.
1191 1653 1226 1687 6.
1246 1651 1343 1686 Μοη.
1360 1651 1386 1686 f.

1147 1707 1268 1743 V.3.7
1287 1709 1500 1743 Arc-hunum.
1521 1707 1584 1740 Sic
1597 1717 1678 1741 mss.
1698 1707 1834 1741 Bel-sm.

1092 1777 1168 1800 sex,
1197 1765 1318 1799 Guelf.
1340 1767 1374 1800 1.
1395 1764 1430 1799 3.
1463 1762 1560 1809 Lips.
1583 1765 1616 1799 1.
1636 1763 1672 1798 3.
1700 1782 1750 1789 --
1771 1773 1836 1797 nee

1090 1828 1140 1857 tu.
1158 1822 1228 1856 Ed.
1247 1822 1324 1857 Val.
1340 1841 1389 1847 —
1406 1819 1623 1855 scrutaveris.
1640 1820 1711 1855 Ms.
1723 1817 1834 1854 Goth.

1091 1879 1189 1912 Mon.
1206 1880 1229 1912 l.
1247 1877 1435 1912 scitaberis.
1460 1877 1504 1910 V.
1520 1877 1544 1911 l.
1559 1888 1617 1922 ap.
1637 1875 1832 1911 MinAEdd.

1091 1935 1181 1969 Cun.
1207 1935 1292 1974 San,
1325 1923 1442 1968 Me'rv.
1470 1933 1599 1968 Franc.
1626 1932 1733 1968 Bask.
1761 1932 1835 1968 Do-

1089 1990 1183 2035 righ.
1211 2011 1264 2018 —
1289 1991 1395 2025 illius.
1430 1990 1502 2027 ΜΒ.
1532 1990 1652 2024 Bentl.
1684 1991 1740 2026 12.
1771 1984 1834 2038 (an
1906 1992 1910 1996 ⁴

1090 2047 1173 2090 62).
1194 2047 1228 2081 9.
1249 2058 1269 2080 a
1290 2049 1323 2081 1.
1344 2059 1388 2085 m,
1413 2047 1491 2081 val.
1513 2057 1570 2085 un,
1594 2045 1683 2081 Bad.
1705 2047 1738 2081 1.
1767 2047 1834 2090 (ex

1091 2103 1263 2147 correct.)
1291 2103 1361 2138 Alt.
1385 2115 1450 2149 up.
1475 2103 1626 2138 Haberf.
1656 2102 1720 2136 Fe.
1745 2102 1779 2145 2,
1805 2101 1831 2135 i.

1090 2165 1202 2194 notat.
1223 2172 1266 2194 ex
1289 2171 1353 2195 ms.
1370 2159 1407 2194 in
1433 2171 1494 2194 ora
1514 2159 1571 2193 ed.
1592 2159 1671 2194 Ald.
1694 2156 1775 2193 519.
1795 2157 1832 2191 in

1091 2216 1184 2251 Bibl.
1206 2217 1330 2261 Angel.
1352 2217 1452 2250 Pott.
1474 2218 1530 2251 10.
1553 2214 1608 2250 15.
1630 2215 1684 2249 1k.
1705 2220 1745 2248 ut
1759 2214 1832 2249 vid.

1091 2285 1202 2316 omn.‚
1236 2285 1255 2306 e
1275 2273 1408 2307 nostris
1428 2274 1499 2307 Gu.
1516 2274 1549 2307 2.
1579 2272 1680 2306 Gott-
1698 2272 1731 2305 1.
1751 2271 1832 2305 Mo-

1089 2330 1169 2365 rell.
1191 2329 1285 2363 Edd.
1306 2329 1425 2363 Bentl.
1453 2328 1532 2374 (qui
1552 2329 1643 2372 def.)
1671 2338 1830 2372 anonym.

1092 2387 1193 2430 Traj.
1225 2386 1269 2420 ad
1300 2385 1413 2420 Rhen.
1435 2386 1518 2420 713.
1547 2397 1568 2418 a
1595 2385 1678 2419 Fea’
1697 2385 1830 2419 laudat.

1088 2444 1195 2478 Baxt.
1217 2442 1306 2476 Cun.
1329 2447 1366 2476 et
1387 2447 1536 2476 recentt.
1558 2443 1635 2476 fere
1656 2453 1745 2477 omn.
1768 2441 1831 2476 Sic

1089 2499 1193 2534 etiam
1208 2500 1319 2534 locum
1329 2499 1474 2533 laudant
1487 2499 1641 2534 testibus
1653 2499 1831 2543 Cuninga-

1089 2557 1156 2591 mio
1173 2561 1210 2591 et
1220 2556 1293 2590 Fea
1303 2556 1498 2591 Beroaldus
1517 2562 1554 2590 et
1562 2555 1758 2591 Lotiehius.
1769 2555 1827 2589 ul-

1089 2614 1165 2648 lius.
1184 2613 1272 2648 Mss.
1297 2617 1334 2647 et
1357 2613 1437 2647 edd.
1459 2614 1571 2659 vulg„
1591 2613 1695 2647 etiam
1719 2611 1826 2646 Talb.

1088 2670 1183 2704 Duru
1222 2670 1301 2716 (qui
1333 2670 1440 2714 defi).
1487 2670 1607 2705 Maitt.
1637 2669 1718 2703 Jon.
1748 2665 1826 2712 (qui

1088 2724 1178 2776 def.)
1208 2728 1358 2764 Passov.
1389 2727 1519 2772 Char-p.
1570 2726 1624 2760 De
1651 2726 1826 2770 permuta·

1086 2785 1182 2819 tione
1198 2795 1235 2817 v.
1253 2784 1357 2818 ullius
1376 2789 1414 2818 et
1431 2784 1525 2818 illius
1550 2781 1596 2816 cf.
1627 2780 1674 2814 N.
1702 2779 1822 2812 Heins.

1086 2842 1130 2874 ad
1147 2839 1212 2875 Sil.
1231 2841 1308 2875 ltal.
1327 2837 1383 2883 14,
1403 2838 1482 2875 654.
1503 2839 1602 2872 Cort.
1623 2835 1667 2870 ad
1690 2835 1821 2869 Lucan.

1086 2900 1143 2940 10,
1159 2894 1240 2932 401.
1254 2895 1337 2932 430.
1360 2896 1464 2931 Drak.
1481 2894 1523 2928 ad
1543 2892 1624 2927 Liv.
1641 2889 1696 2934 25,
1715 2891 1769 2934 11,
1785 2890 1821 2925 3.

1084 2954 1193 2988 Bach.
1210 2954 1254 2988 ad
1269 2953 1354 2987 Tib.
1373 2954 1405 2996 1,
1420 2948 1456 2995 4,
1471 2950 1527 2985 36.
1549 2947 1665 2982 Beier.
1682 2947 1726 2981 ad
1741 2947 1817 2982 Cic.
