1910 3138
145 162 202 204 98
249 159 530 202 comN'r.
550 162 607 201 IN
626 161 910 204 HORAEIBJ.
949 161 1110 200 EPIST.
1134 158 1533 201 DUODEvlcEsm.
1577 159 1660 202 441

254 274 304 313 V.
329 273 384 316 47
417 296 465 302 —
494 272 563 316 49.
595 274 840 313 inhumanae
871 276 1024 312 senium
1051 275 1200 325 depone
1232 275 1446 321 Cannae,
1473 276 1498 312 i.
1518 288 1552 314 e.
1579 289 1663 314 mo-

143 343 361 390 rositatem,
396 342 563 381 taedium
594 356 724 382 musae
754 357 830 382 non
860 343 1092 394 tractabilis,
1140 356 1350 394 „asperae‚
1386 356 1482 394 quae
1514 344 1573 394 (ut
1609 345 1661 381 ait

142 409 481 448 Mitxherlichius
506 411 543 448 in
567 411 733 451 Seebod.
776 411 972 461 ‚,A1·chiv“
1003 413 1123 452 1829.
1157 425 1195 462 p.
1226 411 1316 452 143)
1342 410 1476 448 nullam
1506 411 1660 449 alterius

143 479 327 517 rationem
351 478 466 516 habet
491 477 576 516 coll.
607 479 652 516 A.
681 478 724 517 P.
757 479 879 520 102.“
922 479 999 516 Sed
1030 480 1129 516 conf.
1162 478 1332 530 imprim's
1361 478 1442 519 Cic.
1469 481 1518 517 de
1546 479 1659 517 Offic.

143 546 183 594 1,
207 546 279 594 40,
305 545 396 587 144.
418 548 469 585 ad
494 547 609 584 Attio.
638 549 705 596 12,
730 546 797 587 46.
838 547 983 584 Contra
1006 546 1112 593 aliis,
1142 551 1183 584 ut
1208 546 1414 592 Mau-ilio,
1437 545 1661 584 inhumana

146 612 256 651 Cam.
282 613 524 662 „solitudinis
545 615 759 665 appetens“
783 619 862 663 est,
889 628 1000 665 quam
1019 615 1242 653 sententiam
1262 616 1303 652 iti
1322 627 1425 652 suam
1448 614 1538 652 fecit
1565 615 1662 652 Tor-

139 682 314 726 tentius,
342 685 383 719 ut
418 681 509 731 „vel
537 682 638 731 quod
666 681 902 719 solitudinem
932 695 1061 720 amans
1090 683 1276 720 hominum
1296 687 1426 719 coetus
1453 682 1569 732 sugit,
1601 682 1659 719 vel

140 749 243 799 quod
271 748 359 787 talis
389 748 567 786 divitibus
604 760 688 786 esse
720 749 896 787 videatur
906 750 933 773 ‘⁸
970 750 1124 790 diceret.
1184 749 1244 788 De
1268 751 1390 794 aenio,
1424 750 1525 799 quod
1560 750 1660 787 Cru-

140 818 260 868 φάτω
286 829 486 868 perperam
515 829 586 866 pro
616 817 780 864 „odiosa
802 817 980 868 jurgandi
1013 819 1323 866 consuetudinc‚“
1351 817 1562 855 Marc-ilius
1589 831 1660 870 pro

138 885 375 934 „senectufls
403 885 675 923 acceleratione
702 897 747 923 ex
780 885 1021 923 contentione
1047 886 1306 937 φιλομουσίας
1332 890 1369 923 et
1397 885 1658 938 λογοφιλίαςῑί

138 953 272 1002 habet,
307 954 381 991 vid.
411 952 576 994 Schmid.
606 953 655 989 ad
690 952 728 990 h.
765 953 788 990 l.
825 953 987 990 Ellendt.
1023 954 1074 991 ad
1109 954 1188 993 Cic.
1229 955 1269 991 de
1294 953 1361 991 Or.
1398 954 1438 1003 2,
1468 954 1536 1000 59,
1564 951 1659 994 242.

138 1020 223 1058 coll.
246 1021 409 1072 Rupert.
438 1020 487 1058 ad
516 1019 613 1058 Tac.
642 1022 738 1057 Ann.
768 1023 807 1068 2,
837 1021 908 1071 77,
940 1022 978 1060 1.
1008 1020 1054 1058 Ο.
1082 1021 1194 1059 Jahn.
1223 1022 1264 1059 ad
1291 1021 1393 1061 Pers.
1423 1022 1464 1070 6,
1498 1023 1562 1061 16.
1603 1019 1658 1059 Ex

136 1088 300 1138 antiquis
326 1089 452 1139 poetis
490 1087 595 1125 locos
630 1087 782 1138 collegit
816 1086 1091 1139 Laurenberg.
1121 1089 1159 1126 in
1187 1088 1375 1138 Amiquar.
1413 1101 1452 1138 p.
1480 1087 1575 1129 414.
1604 1110 1659 1116 —

137 1155 183 1194 V.
207 1153 277 1196 48.
308 1155 451 1193 Comes
476 1177 532 1186 —
561 1164 704 1206 empta.
746 1154 955 1192 Lubinus:
982 1163 1053 1204 „ut
1081 1157 1266 1208 pulmenta
1292 1169 1313 1194 e
1344 1156 1468 1206 pulpis
1497 1160 1535 1193 et
1564 1156 1660 1193 lum-

135 1222 195 1260 bis
210 1222 389 1274 leporinis
409 1223 581 1262 confecta
605 1224 885 1274 jucundissimis
903 1223 1113 1261 venationis
1131 1223 1317 1261 laboribus
1342 1228 1468 1274 empta
1493 1227 1531 1260 et
1555 1236 1657 1260 com-

135 1293 270 1340 parata
294 1301 367 1328 una
404 1304 488 1329 cum
516 1295 678 1343 patrono
717 1296 784 1329 tuo
806 1292 1076 1341 jucundissime
1112 1290 1287 1329 coenes.“
1327 1291 1410 1332 vid,
1443 1291 1579 1328 Heind.
1608 1291 1657 1328 ad

135 1357 221 1396 Sat.
249 1358 291 1406 2,
317 1360 366 1408 2,
390 1359 418 1398 9
439 1381 495 1387 —
522 1360 588 1400 20.
627 1364 668 1398 et
700 1360 835 1397 Stuck.
875 1360 1002 1409 Antiq,
1040 1357 1196 1401 Conviv,
1226 1359 1273 1406 2,
1304 1359 1339 1398 8.
1372 1372 1412 1409 p.
1440 1359 1534 1399 259.
1571 1358 1655 1395 coll.

135 1424 284 1467 Erasm.
312 1425 462 1477 Adagg.
491 1427 540 1477 6,
568 1429 609 1468 7.
648 1441 687 1478 p.
713 1427 807 1467 195.
834 1431 874 1464 et
901 1426 1043 1464 Donat.
1069 1428 1117 1465 ad
1142 1427 1292 1465 Terent.
1325 1426 1419 1463 Eun.
1441 1427 1489 1475 3,
1518 1427 1556 1475 1,
1585 1427 1654 1467 36.

136 1492 401 1532 Assentiuntur
426 1494 476 1531 de
498 1493 564 1532 tali
592 1495 676 1532 cibo
711 1498 863 1546 praeter
890 1494 984 1533 alios
1018 1494 1270 1532 Welandius
1301 1499 1340 1531 et
1372 1493 1656 1546 Haberseldus,

134 1559 242 1598 aliter
267 1564 309 1599 et
333 1562 484 1611 quidem
506 1563 591 1611 jure
618 1562 849 1600 Schmidius
876 1566 915 1600 et
941 1562 1126 1600 Diintzer
1147 1564 1322 1614 judicant.
1367 1563 1425 1599 Ad
1454 1575 1531 1599 rem
1564 1564 1590 1600 i.
1620 1575 1655 1602 e.

134 1627 257 1666 cibum
290 1627 418 1667 libenti
446 1628 570 1667 animo
598 1630 821 1681 capiendum
849 1631 962 1668 etiam
986 1636 1200 1682 comparant
1225 1630 1395 1668 Socratis
1430 1629 1521 1667 illud
1554 1631 1655 1680 apud

134 1694 306 1746 Xenoph.
338 1696 376 1733 in
401 1695 561 1736 Memor.
594 1700 632 1746 1,
657 1698 698 1748 3,
722 1699 760 1739 5.
793 1698 957 1747 (Ruhnk.
987 1703 1026 1736 et
1052 1699 1226 1736 Valcken.
1256 1697 1326 1748 ib.)
1362 1702 1402 1735 et
1429 1698 1507 1735 Cic.
1537 1698 1654 1739 Tusc.

134 1762 174 1811 5,
200 1760 269 1811 34,
298 1762 365 1803 97.
395 1762 460 1804 98.
489 1763 634 1815 (Kfihn.
665 1770 703 1804 et
734 1765 851 1803 Klotz
877 1766 946 1817 ib.)
1000 1766 1051 1803 At
1078 1767 1175 1816 quod
1210 1770 1323 1817 caput
1361 1771 1439 1817 est,
1470 1766 1565 1803 Hor.
1594 1766 1651 1804 his

131 1829 224 1880 ipsis
252 1829 415 1878 indicat,
443 1844 489 1869 ex
509 1833 634 1870 officio
658 1832 916 1884 superioribus
947 1834 1125 1883 praestito
1152 1834 1272 1884 ipsam
1295 1834 1568 1883 jucunditatem
1598 1834 1652 1870 vi-

129 1901 193 1935 tae
221 1898 306 1948 capi
331 1911 461 1949 posse.

243 1965 289 2005 V.
315 1965 370 2006 49
391 1988 444 1994 —-
461 1966 528 2007 52.
570 1966 766 2004 Romanis
784 1967 1020 2019 sollemne*)
1039 1991 1091 1996 —
1117 1981 1264 2017 aprum
1290 1969 1437 2005 Possis.
1481 1969 1537 2006 lta
1556 1968 1650 2009 Plin.

98 2034 101 2035 ⁷
130 2030 271 2082 Paneg-
302 2033 352 2073 81
370 2062 382 2082 ,
411 2034 450 2074 2.
513 2033 621 2072 Olim
660 2035 759 2073 haec
797 2039 1027 2087 experientia
1057 2037 1304 2084 juventutis,
1338 2035 1436 2072 haec
1469 2033 1651 2084 voluptas

242 2166 279 2213 *J
303 2170 436 2205 Addita
464 2177 546 2206 sunt
573 2173 864 2208 antecedentibus
885 2174 944 2209 illa
965 2174 1071 2208 verba
1090 2185 1157 2219 per
1185 2172 1440 2218 appositionem
1469 2171 1650 2216 quandam,

129 2225 229 2270 qu'us
247 2227 348 2261 varia
364 2228 523 2274 exempla
541 2229 759 2275 collegerunt
776 2231 957 2276 Heindorf.
975 2230 1017 2264 ad
1036 2231 1112 2264 Sat.
1134 2232 1166 2272 1,
1186 2227 1221 2273 4,
1242 2231 1318 2264 110.
1339 2231 1373 2271 2,
1391 2230 1423 2271 1,
1439 2228 1498 2264 53.
1514 2227 1652 2262 Dium-

127 2281 263 2327 Imrger
276 2283 320 2317 ad
341 2284 409 2318 Od.
424 2284 459 2328 3,
478 2286 534 2329 20,
554 2285 589 2320 7.
609 2292 715 2332 atque
730 2286 764 2320 in
781 2287 848 2327 Qu.
868 2287 991 2322 Horat.
1011 2298 1046 2330 p.
1061 2286 1117 2320 30.
1144 2282 1261 2331 Voigt.
1281 2285 1316 2318 in
1335 2285 1431 2328 Nug.
1452 2296 1506 2328 gr.
1522 2283 1649 2330 partic.

130 2337 160 2371 1.
180 2348 216 2382 p.
231 2335 289 2373 48.
314 2339 478 2386 Wagner
491 2341 526 2374 in
547 2341 616 2383 Qu.
640 2343 739 2387 Virg.
759 2339 929 2385 XXXIII,
947 2342 982 2380 3,
1001 2339 1147 2387 For-big.
1163 2342 1209 2375 ad
1224 2341 1324 2386 Virg.
1342 2341 1421 2374 Ecl.
1438 2342 1470 2383 1,
1486 2341 1544 2375 70.
1566 2343 1598 2384 2,
1613 2341 1649 2377 3.

128 2393 217 2427 Aen.
235 2395 269 2440 1,
289 2394 370 2430 358.
388 2398 443 2439 11,
460 2397 539 2432 213.
567 2399 723 2433 Gossrau
741 2399 784 2433 ad
802 2399 901 2442 Virg.
917 2400 1001 2432 Aen.
1019 2399 1071 2439 11,
1091 2398 1150 2432 76.
1169 2398 1278 2432 ΒαοΙι.
1294 2397 1339 2430 ad
1355 2396 1465 2430 Ovid.
1485 2397 1575 2431 Met.
1593 2399 1648 2441 10,

130 2449 211 2484 277.
238 2449 445 2498 Hertzberg.
479 2454 523 2487 ad
545 2455 653 2499 Prop.
673 2454 708 2498 3,
727 2455 764 2499 3,
784 2451 819 2488 4.
860 2454 924 2488 Th.
960 2454 1086 2487 Obbar.
1105 2453 1151 2487 ad
1170 2452 1340 2486 Prudent.
1372 2452 1507 2486 Perist.
1529 2451 1564 2498 4,
1587 2451 1647 2489 45.

129 2504 250 2539 Kfilm.
264 2510 301 2539 et
311 2506 429 2541 Klotz.
447 2509 492 2542 ad
507 2509 582 2544 cic.
599 2511 708 2544 Tnsc.
732 2513 763 2553 1,
780 2507 840 2553 43,
860 2511 936 2544 102.
958 2510 1066 2544 Ραόν.
1086 2509 1130 2542 ad
1154 2509 1233 2542 Liv.
1258 2509 1314 2551 23,
1334 2506 1391 2551 46,
1411 2508 1445 2543 5.
1471 2509 1584 2546 Kritz.
1603 2510 1648 2545 ad

130 2560 215 2594 Sall.
230 2560 312 2605 Jug.
336 2562 415 2605 103,
437 2565 470 2598 1.
492 2565 608 2600 Pabst.
624 2567 669 2601 ad
683 2567 809 2610 Eclog,
831 2565 946 2599 Tacit.
966 2577 1003 2610 p.
1023 2563 1105 2599 308.
1127 2565 1316 2610 Rupertius
1334 2565 1379 2599 ad
1399 2566 1503 2600 eund.
1525 2567 1587 2602 1V.
1609 2579 1646 2613 p.

130 2617 211 2651 807.
237 2616 333 2651 Nota
351 2622 408 2651 est
425 2618 639 2655 Melcllnorm’i
654 2623 698 2656 de
718 2634 759 2655 ea
778 2633 818 2655 re
833 2620 1045 2666 disquisitio,
1066 2626 1191 2654 contra
1206 2631 1305 2665 quam
1320 2620 1440 2656 sobrie
1453 2622 1648 2669 disputavit

132 2673 309 2720 Sommer,
332 2672 468 2717 collega
493 2675 573 2709 olim
598 2688 715 2719 meus,
743 2678 779 2710 in
804 2677 1000 2711 Zimmerm.
1023 2677 1226 2719 „zeitschrz
1248 2677 1274 2711 f.
1295 2678 1330 2714 d.
1348 2677 1647 2715 Alterthumwis-

130 2729 333 2763 senschart“
358 2729 461 2764 1839.
484 2742 520 2775 p.
542 2732 655 2772 1013.,
680 2733 736 2766 cui
754 2744 843 2766 nunc
863 2733 952 2767 adde
971 2732 1133 2778 Krr‘igert‘
1149 2734 1214 2767 Gr.
1238 2733 1300 2768 lat.
1325 2746 1361 2779 p.
1374 2735 1456 2770 389.
1477 2740 1516 2770 et
1532 2737 1643 2782 ejusd.

130 2785 276 2828 Syntax.
312 2792 516 2830 congruent.
551 2798 587 2831 p.
620 2788 675 2826 17,
711 2788 995 2834 Jungclmssenii
1026 2788 1217 2824 Commeat.
1247 2802 1302 2836 gr.
1330 2790 1375 2825 de.
1399 2792 1645 2838 Appositione.

128 2839 289 2877 Schlesv.
312 2842 400 2877 1839
418 2848 455 2876 et
475 2843 635 2878 Schultze
654 2844 698 2878 de
718 2844 803 2890 ling.
826 2845 888 2881 lat.
911 2844 1155 2891 Appositione.
1181 2847 1317 2881 Prenzl.
1340 2845 1439 2884 1843.
1463 2861 1498 2894 p.
1522 2852 1576 2886 11.
