1910 3138
329 237 411 281 386
487 240 764 280 COMMENT.
784 241 839 279 IN
864 241 983 280 HOR.
1012 241 1109 282 LIB.
1129 240 1157 279 1.
1186 236 1348 281 EPIST.
1365 236 1512 284 SEPT.
1531 238 1713 282 DECIM.
1789 245 1846 287 38

329 355 539 394 servantiae
576 354 652 392 vel'
670 367 691 392 e
722 358 848 392 mente
885 354 1139 392 venerabundi
1165 354 1311 393 clientis
1349 355 1410 394 vel
1445 356 1567 407 ipsius
1606 356 1755 396 Horatii
1784 369 1847 396 ex-

327 422 500 473 plicanda
543 435 610 460 eos
653 409 772 472 fugit,
820 422 883 471 qui
923 435 998 458 sua
1038 422 1151 460 scribi
1185 421 1404 461 maluerunt.
1482 423 1542 462 {ta
1576 423 1698 464 Plaut.
1742 425 1849 476 Cap-

327 491 393 530 tiv.
423 488 551 538 151,
583 487 649 530 24.
682 496 897 540 postquam
924 501 1034 526 meus
1070 502 1137 526 rex
1173 496 1230 527 est
1256 490 1410 540 potitus
1437 489 1619 530 mm.
1659 493 1771 531 Mart.
1805 493 1847 542 2,

331 559 398 607 18,
427 557 466 598 5.
500 557 601 594 Sum
626 571 751 595 comes
781 559 863 608 ipse
894 564 986 595 tuus
1012 558 1231 610 tumidique
1258 556 1510 596 anteamBnlo
1530 561 1656 612 regis.-
1694 560 1755 597 Tu
1782 572 1848 599 eo·

326 639 406 662 mes
433 624 598 663 alterius
621 649 677 654 —
701 626 756 664 ld.
786 627 836 675 4,
865 624 943 675 40,
974 625 1014 664 9.
1049 639 1180 663 serum
1211 632 1269 663 est
1299 626 1428 664 alium
1450 625 1552 665 mihi
1575 640 1759 680 quaerere
1784 641 1848 666 re—

320 706 426 745 gem.
478 694 560 730 Fea
599 695 795 732 commode
832 694 995 732 laudavit
1031 693 1180 732 Colum.
1221 694 1268 733 R.
1295 694 1345 732 R.
1374 694 1496 746 praef.
1526 696 1570 743 1,
1602 697 1642 737 9.
1677 697 1752 735 An
1778 696 1848 734 Ιιο-

323 762 470 798 nestius
498 761 665 799 dixerim
683 763 913 799 mercenarii
928 761 1157 799 salutatoris
1175 761 1520 800 mendacissimum
1536 765 1754 815 aucupium
1768 766 1849 802 eir-

321 829 619 868 cumvolitantis
658 830 800 868 limina
832 831 1097 880 potentiorum
1134 831 1408 883 somniumque
1437 832 1543 883 regis
1572 832 1638 869 em·
1671 833 1848 885 maugu-

321 897 482 935 rantis?
526 898 648 936 Plaut.
681 897 798 936 Stich.
829 898 871 947 3,
901 899 941 947 2,
971 899 1009 938 1.
1042 896 1188 935 Libros
1215 899 1369 949 inspexi
1376 914 1392 946 ;
1433 905 1518 937 tam
1544 899 1699 948 confido
1725 907 1848 952 quam

315 972 409 1016 pote
437 972 518 1012 est,
557 967 630 1003 Me
658 979 787 1003 meum
815 965 1063 1003 obtenturum
1091 968 1230 1017 'regem
1263 966 1447 1004 ridiculis
1472 967 1582 1005 meis.
1608 989 1666 996 ——
1700 967 1750 1007 V.'
1777 967 1845 1010 44.

321 1034 444 1071 distat
459 1057 516 1062 —
532 1035 691 1084 rapias,
730 1034 755 1071 i.
789 1047 821 1071 e.
853 1035 932 1084 regi
958 1038 1023 1071 tuo
1052 1034 1288 1085 impudenter
1314 1034 1481 1087 petendo
1496 1039 1746 1087 extorqueas.
1767 1052 1770 1054 ’
1789 1036 1848 1075 ltu

319 1103 541 1153 Hieronym.
569 1102 693 1154 Epist.
723 1102 771 1139 ad
802 1101 981 1139 Eustoch.
1008 1103 1073 1143 22.
1101 1102 1131 1140 Ι.
1161 1115 1199 1153 p.
1228 1101 1296 1144 93.
1327 1103 1376 1142 G.
1415 1103 1464 1142 Si
1485 1103 1706 1155 pulvillum
1733 1103 1847 1143 vidu-

320 1171 394 1219 n't‚
422 1172 460 1208 si
485 1170 651 1207 mantile
675 1169 854 1221 elegans,
883 1170 920 1206 εἰ
943 1169 1104 1221 aliquid
1124 1170 1353 1210 domesticae
1374 1170 1631 1222 supellectilis
1641 1200 1658 1218 ,
1686 1171 1846 1218 laudat,

319 1239 512 1288 miratur,
537 1244 723 1275 attrectat
747 1244 784 1274 et
809 1251 850 1275 se
876 1237 938 1275 his
961 1239 1139 1290 indigere
1167 1252 1408 1290 conquerens
1434 1251 1514 1276 non
1538 1245 1620 1277 tam
1645 1241 1844 1292 impetrat,

319 1320 442 1358 quam
478 1313 701 1358 extorquet,
739 1307 835 1357 qaia
870 1306 1054 1359 singulae
1089 1313 1270 1344 metuant
1305 1306 1552 1344 veredarium
1580 1305 1692 1344 urbis
1721 1306 1846 1360 offen·

318 1375 420 1412 dere.
468 1374 653 1412 Ammian.
684 1374 853 1412 Marcell.
883 1376 949 1424 16,
979 1375 1018 1416 5.
1060 1375 1247 1426 Rapere,
1275 1375 1430 1426 inquit,
1455 1387 1534 1412 non
1562 1376 1739 1426 accipere
1764 1377 1844 1413 oci-

318 1450 392 1480 unt
413 1450 578 1495 agentes
605 1443 650 1479 in
675 1441 803 1479 rebus.

429 1522 476 1560 V.
507 1520 575 1563 45.
604 1521 738 1573 Atqui
763 1534 893 1558 reram
920 1544 975 1549 —
1003 1521 1069 1560 hie
1088 1523 1198 1574 fons.
1248 1519 1393 1573 „Atqui
1418 1521 1512 1560 haec
1538 1525 1620 1560 erat
1646 1522 1764 1560 totius
1787 1523 1843 1561 rei

316 1604 405 1641 pars
435 1591 595 1628 maxima
619 1593 658 1628 et
685 1589 912 1641 praecipua,
949 1589 1042 1628 haec
1072 1591 1204 1641 origo,
1241 1602 1377 1641 nempe
1404 1601 1485 1628 rem
1509 1601 1620 1628 suam
1642 1589 1745 1629 bene
1773 1602 1843 1641 ge·-

316 1672 423 1707 rere,
465 1658 684 1710 locupletari
719 1661 757 1696 et
789 1658 943 1695 ditari.“
1004 1658 1068 1695 Sic
1105 1657 1355 1703 Lambinus,
1393 1668 1553 1707 quocum
1583 1657 1666 1697 fere
1702 1656 1843 1696 faciunt

325 1727 577 1771 Torrentius,
604 1726 815 1771 Piscator,
844 1725 911 1762 14.
938 1724 1144 1763 Jacobsius
1169 1725 1227 1778 (p.
1260 1727 1334 1776 86)
1345 1755 1362 1773 ,
1405 1725 1582 1764 Orellias
1592 1754 1608 1773 ,
1645 1723 1840 1774 Diintzer‚

316 1793 400 1842 alii,
446 1794 497 1830 ita
534 1797 577 1831 ut
618 1806 678 1833 vv.
719 1800 842 1844 caput
868 1792 942 1830 lzoc
979 1795 1028 1832 ad
1063 1808 1122 1833 vv.
1168 1793 1266 1845 plus
1301 1795 1428 1845 ferent
1465 1795 1675 1834 reserantur
1706 1798 1746 1832 et
1780 1792 1843 1831 di-

316 1868 463 1898 stat—
479 1862 614 1910 rapiat
638 1874 707 1911 per
730 1858 965 1914 ἕπεξήγησιν
992 1862 1215 1914 interposita
1243 1862 1508 1902 existimentur.
1550 1860 1726 1914 [„Quum
1748 1871 1843 1913 pos-

316 1930 367 1966 sis
393 1929 440 1966 ab
465 1930 584 1966 amico
614 1942 761 1966 sumere
788 1929 995 1980 pudenter,
1025 1933 1129 1968 certe
1148 1944 1223 1968 non
1241 1929 1358 1969 debes
1377 1928 1600 1969 recusarem
1647 1930 1746 1969 Nam
1766 1924 1842 1969 huc

314 2010 444 2035 omnes
462 1997 630 2035 actiones
648 1996 869 2035 referendae
889 2002 996 2045 sunt,
1017 2002 1056 2037 ut
1075 1999 1238 2036 ditescas
1258 2001 1297 2035 et
1315 1999 1477 2037 suaviter
1496 2011 1518 2037 e
1537 1997 1674 2037 divitiis
1692 1998 1840 2037 vivas.“

314 2063 520 2114 Pis-caton]
570 2063 642 2102 Alii
671 2062 823 2114 (quibus
853 2065 934 2115 ipse
963 2065 1046 2103 olim
1075 2066 1114 2103 in
1137 2066 1197 2103 ed.
1231 2064 1431 2102 Schmidii
1458 2077 1636 2104 assensus
1654 2065 1768 2116 sum),
1795 2068 1840 2103 ut

318 2133 451 2171 Schol.
472 2133 611 2184 Cruq„
637 2131 851 2184 Cruquius,
869 2131 1073 2179 Lubinus,
1089 2132 1344 2183 Desprezius,
1361 2133 1578 2180 Dacerius,
1593 2132 1839 2183 Doeringius

312 2202 427 2241 verba
453 2201 675 2253 interposita
702 2213 771 2251 pro
799 2203 1004 2251 praecepto
1031 2200 1171 2238 habent
1206 2214 1291 2239 cum
1320 2202 1519 2239 ditioribus
1546 2200 1676 2248 amicis
1704 2203 1837 2252 patro—

313 2271 445 2320 nisque
474 2270 653 2308 decenter
670 2269 865 2317 versandi,
894 2267 934 2305 id
961 2267 1062 2318 quod
1089 2268 1303 2315 modestia,
1331 2270 1355 2306 i.
1386 2282 1418 2308 e.
1446 2268 1632 2320 pudenter
1655 2268 1837 2306 sumendo

313 2338 433 2382 dona,
459 2350 535 2375 non
564 2336 758 2389 poscendo
788 2337 865 2374 fiat.
926 2334 1048 2373 Aliam
1068 2336 1150 2385 'jam
1178 2336 1258 2374 fieri
1286 2338 1564 2375 enunciatorum
1593 2334 1838 2392 compositio-

311 2418 397 2443 nem
426 2405 537 2442 facile
567 2409 725 2456 apparet
739 2402 791 2455 *).
855 2403 979 2452 Quid,
1012 2405 1113 2454 quod
1148 2403 1421 2456 Habetseldus
1456 2405 1576 2456 ipsum
1613 2404 1766 2442 modum
1801 2407 1839 2442 et

422 2594 461 2643 *)
491 2600 584 2633 Jam.
620 2598 826 2634 Tunstallus
846 2610 908 2634 sua
936 2598 1194 2643 interrogative
1214 2597 1450 2643 distinguendi
1479 2598 1618 2632 ratione
1644 2596 1712 2631 hoe
1737 2593 1834 2631 offici

311 2655 404 2688 vult:
429 2655 582 2698 „Coram
596 2666 683 2700 rege
702 2666 765 2690 suo
782 2655 860 2702 plus
878 2657 970 2690 feret
983 2654 1186 2701 Aristippus
1205 2660 1328 2689 tacens
1339 2681 1350 2700 ‚
1370 2665 1471 2701 quam
1487 2653 1642 2700 Cynicus
1655 2650 1834 2700 poscens?

312 2711 416 2756 Atqui
439 2712 468 2746 si
488 2711 554 2746 hoc
575 2712 767 2755 concedas,
788 2711 951 2747 concedis
972 2712 1066 2757 quod
1081 2712 1300 2758 quaeritur-‘⁴
1339 2713 1451 2746 Recte
1465 2716 1579 2746 autem
1608 2709 1751 2744 notum
1761 2706 1832 2741 iro-

312 2766 389 2801 nice
409 2767 538 2802 dictum
555 2774 684 2815 putat,
708 2769 807 2814 quasi
826 2780 894 2804 non
914 2769 1016 2803 aliam
1035 2769 1080 2803 ob
1096 2779 1237 2804 causam
1252 2769 1472 2814 potentiores
1491 2780 1514 2802 a
1532 2774 1702 2813 quoquam
1724 2773 1832 2808 expe-

312 2828 434 2856 tantur
448 2851 456 2866 ,
479 2835 578 2870 quam
597 2830 636 2859 ut
656 2826 700 2860 ab
719 2825 764 2860 iis
784 2826 948 2860 inventur
967 2826 1128 2872 donaque
1144 2826 1333 2871 accipiant.
1372 2827 1419 2859 At
1433 2824 1524 2872 quod
1538 2827 1616 2858 erut
1632 2831 1696 2865 pro
1719 2823 1770 2854 m
1786 2817 1831 2853 ad

313 2877 426 2921 Epod.
448 2881 508 2924 17,
533 2882 591 2916 60.
616 2881 686 2916 dici
709 2883 895 2928 opinatur,
916 2882 951 2917 in
978 2894 1020 2917 eo
1044 2883 1162 2928 lapsus
1186 2894 1264 2917 esse
1285 2882 1440 2918 videtur.
1485 2876 1670 2920 Quommb
1691 2875 1831 2910 sffl0V³

316 2945 383 2967 rem
401 2946 493 2969 suam
518 2937 694 2972 meliorem
708 2938 966 2984 auctioremque
981 2939 1137 2982 efficiat,
1158 2940 1355 2985 Rappottus
1370 2939 1427 2982 (p-
1449 2934 1536 2978 78³)
1558 2942 1619 2967 sex
1637 2936 1827 2978 praecepta
