1910 3138
244 210 327 255 502
371 214 650 255 COMMENT.
669 215 727 254 IN
746 214 872 257 HOR.
899 214 1002 254 LlB.
1019 215 1047 253 Ι.
1087 215 1252 255 EPIST.
1269 215 1641 258 UNDEVICESIM.
1697 215 1779 258 154

243 328 311 370 97,
362 328 487 366 Omne
521 336 674 378 tempus
714 327 874 366 Clodios
885 357 899 374 ‚
936 342 1015 366 non
1051 342 1164 366 omne
1197 328 1364 377 Catones
1388 329 1507 381 feret.
1557 331 1776 380 Hieronym.

245 397 364 448 Epist.
393 397 441 433 ad
472 396 616 434 Rustic.
643 394 684 436 4.
709 409 748 446 p.
773 396 842 436 31.
875 397 920 439 C,
946 396 1182 448 procedebat
1211 399 1254 434 in
1281 395 1492 447 publicum
1514 398 1623 436 inme
1647 397 1776 442 Nem,

230 465 340 516 soris
374 464 469 501 Cato
485 463 538 514 *).
588 463 717 504 Manil.
745 466 794 513 4,
825 466 891 505 87.
940 464 1001 503 De
1030 478 1148 517 pravo
1186 465 1280 503 alios
1309 465 1476 510 imitandi
1513 466 1640 506 studio
1671 466 1779 505 simi-

243 534 328 570 liter
357 532 493 569 Cicero
534 532 581 569 de
613 531 690 570 Off.
722 533 762 580 1,
798 532 868 580 39,
906 532 945 572 9.
992 533 1162 571 Luculli
1193 534 1377 570 virtutem
1413 533 1534 585 quie?
1573 540 1620 572 at
1654 547 1778 586 quam

242 600 361 636 multi
381 598 572 636 villarum
590 599 933 650 magnificentiam
960 603 1108 639 imitati
1128 601 1247 639 sunt?
1286 601 1347 640 De
1367 601 1563 652 Thrasea,
1589 602 1670 640 viro
1689 602 1777 640 olim

243 667 479 715 Catoniano,
532 666 627 705 Tac.
674 667 771 704 Ann.
808 669 884 718 16,
924 671 1002 719 22,
1042 671 1082 710 2.
1133 668 1252 706 habet
1287 676 1493 707 sectatores
1538 669 1604 707 vel
1641 671 1776 721 potius

240 734 457 781 satellites,
493 736 564 786 qni
598 735 775 772 nondam
815 739 1108 775 contumaciam
1143 739 1452 784 sententiarum,
1487 738 1558 776 sed
1594 737 1778 776 habt'tmn

242 803 473 855 voltumque
515 805 598 852 ejus
641 811 868 851 sectantur,
918 806 1043 857 rigidi
1086 814 1124 843 et
1157 808 1296 843 tristes.
1370 805 1430 844 De
1467 806 1561 858 ipsis
1602 806 1778 845 Pseudo-

243 871 452 910 Catonibus
482 873 568 910 vide
602 871 874 910 Weichertnm
899 874 937 911 in
970 875 1057 912 Exc.
1078 875 1107 912 Ι.
1140 876 1216 924 „tle
1243 875 1404 912 nominis
1423 874 1624 913 Catoniani
1646 874 1779 926 appel-

242 940 355 978 lativo
380 940 481 991 apud
500 941 694 979 Romanos
714 955 785 980 usu
806 946 845 979 et
864 943 1108 992 significatu“
1135 944 1182 980 ad
1205 943 1352 993 Imper.
1382 943 1492 980 Caes.
1515 942 1628 992 Aug.
1650 941 1779 992 oct-ip·-

244 1018 315 1048 tor.
343 1009 476 1060 Reliq.
522 1010 548 1050 l.
577 1022 616 1060 p.
649 1010 730 1050 174
754 1023 838 1060 sqq.
881 1010 1062 1060 imprimis
1102 1024 1142 1062 p.
1175 1011 1266 1052 175.
1305 1011 1358 1049 N.
1390 1010 1462 1060 7.).
1517 1010 1691 1048 Orellizw
1716 1010 1779 1048 hic

243 1083 438 1129 comparat
464 1076 711 1125 Laconistas,
743 1078 806 1127 qui
836 1077 924 1114 olim
945 1078 1101 1116 Athenis
1130 1079 1280 1116 fuerunt
1307 1079 1518 1131 (Aristoph.
1540 1078 1610 1117 AV.
1631 1076 1779 1130 1194);

243 1147 291 1184 de
326 1147 372 1183 iis
410 1146 495 1183 vide
532 1145 583 1182 Ε.
624 1144 716 1183 Chr.
758 1144 917 1184 Weber.
957 1146 996 1183 in
1039 1146 1296 1185 Commentat.
1337 1147 1388 1185 de
1422 1147 1646 1185 Laconistis
1679 1147 1781 1183 inter

242 1212 517 1249 Athenienses.
561 1213 702 1253 Vimar.
735 1213 880 1261 1835.,
910 1213 979 1251 sed
1006 1214 1054 1250 de
1081 1213 1169 1257 hae,
1200 1228 1309 1265 quam
1339 1215 1572 1266 quaerimus,
1599 1225 1781 1266 perversa

244 1282 428 1319 clarorum
456 1284 653 1332 poetarum
692 1281 899 1319 imitatione
927 1283 1001 1319 vid.
1033 1282 1192 1320 eundem
1229 1284 1267 1320 in
1303 1283 1559 1320 commentat.
1596 1282 1646 1320 de
1675 1288 1779 1332 poet.

244 1351 521 1387 Romanorum
549 1348 861 1386 recitationibus.
910 1349 1045 1387 Vimar.
1079 1351 1200 1392 1828.
1233 1364 1271 1402 p.
1301 1353 1368 1393 11.

353 1418 399 1455 V.
427 1417 491 1458 15.
523 1418 585 1457 16.
629 1417 761 1467 Rupit
790 1416 987 1454 Iarbitam
1017 1440 1072 1446 —
1100 1418 1267 1456 disertas
1292 1419 1444 1458 haberi.
1497 1417 1778 1456 Sententiarum

243 1487 358 1524 ordo:
388 1486 605 1536 „perversa
628 1485 702 1522 ista
729 1486 887 1524 imitatio
918 1500 994 1524 non
1026 1487 1141 1525 modo
1171 1499 1285 1537 vana,
1315 1501 1445 1526 verum
1474 1487 1587 1526 etiam
1615 1485 1782 1536 perridi-

243 1555 326 1593 cula
366 1555 433 1605 (de
464 1554 653 1591 sententia
687 1553 843 1591 aliorum
877 1555 1122 1605 „perniciosa
1148 1568 1192 1594 ac
1219 1555 1418 1606 funesta“)
1447 1559 1528 1603 est,
1562 1553 1667 1604 quod
1692 1553 1779 1591 Jar-

244 1624 342 1660 bitae
371 1624 484 1660 docet
511 1621 741 1672 exemplum,
783 1622 846 1672 qni
881 1636 995 1672 quum
1029 1622 1150 1661 laudis
1186 1636 1314 1662 amore
1351 1623 1599 1673 Timagenem
1624 1622 1665 1660 in
1697 1627 1780 1660 arte

244 1691 475 1728 declamandi
499 1691 727 1727 recitandive
756 1690 1028 1740 aemularetur,
1057 1691 1111 1728 ita
1138 1691 1354 1741 pulmonum
1382 1691 1503 1729 latera
1529 1689 1709 1741 intendit,
1737 1691 1782 1727 ut

244 1771 362 1809 prope
391 1759 684 1809 disrumperetur
699 1758 807 1810 **).“
850 1758 972 1809 Finge
1001 1759 1115 1809 igitur
1140 1759 1208 1796 tibi
1234 1760 1348 1798 istum
1366 1759 1553 1798 hominem
1578 1770 1684 1808 eum,
1713 1755 1779 1808 qui

244 1828 332 1862 (lum
362 1826 609 1863 urbanitatem
641 1827 825 1864 sermonis
854 1831 893 1864 et
921 1827 1134 1865 facundiam
1150 1827 1235 1879 ***)
1266 1827 1443 1877 affectat,
1481 1827 1621 1864 inflatis
1649 1826 1778 1864 buccis

355 1951 394 1996 *)
417 1952 519 1986 Conf.
539 1951 641 1987 Jahn.
664 1952 706 1986 ad
727 1953 794 1987 Od.
813 1956 844 1994 1,
866 1955 925 1998 12,
947 1953 1004 1988 35.
1026 1955 1128 1997 Heyn
1149 1954 1191 1988 ad
1208 1954 1308 1998 Virg.
1330 1953 1418 1987 Aen.
1435 1955 1467 1996 8,
1485 1954 1566 1990 670.
1587 1953 1717 1988 Rader.
1733 1952 1781 1987 ad

244 2010 354 2044 Mart.
382 2012 413 2053 1,
443 2011 464 2044 8
489 2010 560 2054 (9),
592 2011 624 2043 1.
652 2008 686 2052 5,
712 2008 758 2044 50
778 2008 884 2054 (51),
911 2007 945 2043 4.
969 2011 1002 2052 9,
1026 2012 1066 2046 21
1097 2011 1198 2054 (29),
1226 2010 1262 2044 3.
1296 2010 1411 2044 Halm.
1434 2011 1480 2044 ad
1500 2011 1579 2046 Cic.
1599 2021 1655 2055 pr.
1679 2011 1776 2044 Soet.

245 2066 301 2107 28,
324 2068 370 2101 60
384 2079 436 2112 sq.
458 2066 614 2111 interpp.
637 2066 680 2099 ad
702 2077 754 2099 or.
776 2077 829 2111 pr.
853 2067 992 2100 Muren.
1016 2067 1072 2110 29,
1093 2068 1150 2101 60.
1175 2067 1276 2100 cort.
1297 2066 1340 2100 ad
1361 2067 1447 2102 Sall.
1469 2068 1550 2102 Cat.
1573 2063 1631 2103 54.
1652 2066 1776 2102 Barth.

244 2124 290 2158 ad
310 2124 402 2158 Plin.
425 2123 493 2169 Ep.
507 2120 542 2165 4,
560 2124 616 2166 27,
632 2120 666 2156 4.
695 2122 834 2167 Gierig.
855 2123 899 2156 ad
915 2123 950 2166 3,
973 2124 1029 2165 12,
1050 2123 1084 2157 3.
1113 2123 1250 2157 Ruhnk.
1268 2124 1311 2157 ad
1328 2123 1454 2169 Vellej.
1473 2127 1505 2167 2,
1521 2123 1579 2159 35.
1600 2123 1712 2158 Brem.
1730 2122 1776 2157 ad

245 2183 347 2215 Suet.
372 2182 502 2215 Octav.
522 2181 580 2216 87.
611 2180 757 2225 Rupert.
778 2180 823 2214 ad
847 2181 938 2214 Tac.
954 2179 1045 2213 Ann.
1066 2181 1120 2222 16,
1149 2182 1205 2215 22.
1224 2182 1257 2215 2.
1283 2181 1408 2214 Senec.
1440 2179 1557 2226 Epist.
1580 2181 1639 2214 11.
1660 2183 1698 2214 et
1715 2177 1774 2214 95.

246 2240 326 2274 120.
347 2244 385 2272 et
404 2238 447 2272 de
468 2237 666 2272 laudatione
683 2236 762 2271 Cat.
779 2237 876 2275 Utic,
896 2236 971 2271 Cic.
992 2236 1037 2270 ad
1053 2236 1163 2271 Attio.
1182 2238 1236 2271 12.
1254 2233 1302 2279 4.,
1322 2237 1366 2270 de
1387 2237 1627 2272 Anti-Catone
1647 2237 1779 2271 Caesa-

245 2294 294 2329 ris
321 2294 398 2330 Cic.
430 2295 476 2329 ad
505 2293 612 2328 Attic.
635 2294 691 2336 13,
711 2291 771 2329 46.
800 2294 890 2329 Tac.
921 2294 1009 2327 Ann.
1029 2290 1062 2336 4,
1088 2290 1149 2336 34,
1173 2295 1191 2329 2
1225 2293 1288 2336 (ib.
1312 2292 1681 2339 Rupert.)Pluta1-cb.
1702 2291 1793 2328 Vit..

245 2352 371 2398 parall.
388 2352 570 2386 Demosth.
589 2356 626 2385 et
642 2351 718 2386 Cic.
733 2351 790 2386 39.
811 2363 847 2397 p.
863 2351 922 2386 79.
939 2349 994 2384 ed.
1016 2350 1183 2385 Frotsch.
1205 2350 1391 2386 Drumann.
1408 2350 1467 2385 IV.
1488 2361 1523 2395 p.
1539 2350 1619 2385 171.
1641 2351 1709 2392 186
1722 2361 1777 2396 sq.

335 2403 391 2452 **)
412 2408 530 2443 Minus
545 2413 641 2442 recte
655 2407 871 2454 Doeringias
888 2408 997 2442 verba
1012 2407 1063 2442 ita
1078 2407 1222 2452 copulat
1233 2433 1243 2451 ,
1267 2412 1304 2439 ut
1323 2407 1527 2453 Timagenis
1542 2406 1671 2453 lingua
1684 2407 1778 2452 eius-

246 2466 321 2500 dem
338 2465 503 2500 facundia
520 2470 557 2500 et.
571 2477 630 2499 ars
645 2465 693 2498 sit
704 2491 713 2508 ,
735 2475 825 2511 quae
837 2491 846 2509 ,
866 2476 968 2510 quum
981 2463 1142 2498 Jarbitae
1156 2463 1420 2497 aemulationem
1438 2462 1602 2497 excitarit
1613 2490 1622 2507 ,
1640 2464 1781 2498 aemula

246 2523 399 2556 dicatur.
450 2523 554 2556 Nullo
575 2527 688 2556 autem
714 2522 812 2564 loco,
839 2522 931 2567 quod
957 2526 1056 2556 recte
1079 2521 1286 2555 observavit
1310 2520 1544 2562 Weiclzertas,
1575 2519 1781 2555 aemulasis

246 2579 394 2622 dicitur,
429 2579 487 2624 qui
520 2579 598 2615 aliis
622 2579 889 2613 aemulationem
915 2578 1042 2623 injicit.
1097 2578 1262 2612 Ceterum
1296 2588 1362 2611 non
1384 2582 1455 2611 tam
1477 2576 1778 2622 declamationem,

246 2646 346 2678 quam
360 2635 603 2671 recitationem
622 2637 715 2670 idem
735 2635 781 2670 W
781 2636 946 2670 eichertus
963 2636 1073 2669 sentit
1086 2634 1122 2669 in
1139 2634 1315 2668 luculenta
1333 2633 1625 2668 commentatione
1639 2635 1682 2668 de
1693 2633 1780 2667 Jar-

246 2692 317 2725 bita
341 2693 545 2739 Timagenis
570 2694 785 2727 aemulatore
805 2692 840 2726 in
859 2693 964 2726 Poet.
983 2693 1045 2726 lat.
1064 2691 1180 2736 Reliq.
1204 2703 1238 2736 p.
1254 2691 1336 2726 397.

315 2743 397 2792 ***)
427 2749 590 2784 Urbanus
620 2750 663 2783 de
692 2749 870 2782 sententia
901 2748 1106 2795 Domingff,
1141 2747 1344 2790 Weicherti,
1374 2746 1519 2781 aliorum
1546 2757 1615 2781 non
1644 2744 1781 2778 indicat

248 2803 470 2839 dicacitatem
491 2806 584 2839 illam
604 2810 640 2840 et
665 2807 781 2839 facete
802 2806 974 2841 dictorum
994 2805 1218 2849 facultatem,
1243 2815 1311 2850 qua
1334 2803 1550 2849 Timagenes
1572 2799 1779 2835 excelluisse

248 2859 405 2901 dicatur,
426 2862 505 2904 sed,
531 2861 612 2907 quia
629 2863 769 2897 Jarbita
790 2862 934 2897 Maurus
954 2862 1080 2905 suerit,
1101 2861 1231 2896 idioma
1252 2862 1337 2896 illud
1358 2860 1457 2895 latini
1477 2857 1627 2903 eloquii,
1648 2856 1683 2889 in
1704 2866 1773 2901 quo

251 2916 368 2958 „nulla
387 2928 499 2962 neque
519 2918 700 2954 rusticitas
721 2929 835 2965 neque
860 2919 1095 2965 peregrinitas
1111 2920 1317 2954 resonaret“
1340 2917 1421 2952 coll.
1442 2913 1591 2957 Quintil.
1612 2912 1774 2954 Inst.11‚
