1910 3138
281 216 363 259 328
422 217 702 258 COMMENT.
721 217 777 256 IN
796 210 922 257 non.
939 217 1040 257 Lm.
1063 219 1094 259 1.
1125 218 1286 260 m’ls'r.
1306 221 1459 261 SEXT.
1478 220 1656 261 mom.
1708 223 1796 268 ωε
1875 178 1910 287 l

280 345 386 383 orob.
414 344 495 382 Sat.
527 343 565 393 1,
596 344 634 383 7.
660 342 825 394 interpp.
854 343 904 381 ad
931 342 1027 382 Plin.
1053 342 1207 396 Paneg'
1224 347 1294 396 67,
1318 345 1358 387 5.
1393 346 1533 386 Gatak.
1560 347 1611 385 ad
1634 345 1688 386 Μ.
1714 344 1799 387 Διι-

280 414 400 452 tonin.
429 413 477 461 3,
505 407 545 451 4.
585 424 624 461 Ρ.
654 411 719 451 69.
759 409 892 449 Matth.
922 411 1180 451 Broueriusl.
1208 412 1235 454 l.
1270 426 1311 465 p.
1345 413 1440 455 957.
1476 413 1573 458 964.
1619 405 1797 460 Psamer-

282 483 445 533 System.
474 478 611 517 Theol.
635 479 765 529 gentil.
795 480 864 528 16,
889 479 954 520 21.
980 492 1020 531 Ρ.
1041 479 1140 521 383·

391 548 438 586 V.
469 548 536 589 60
571 546 713 584 Labra
742 554 869 584 movet
897 553 1068 586 metuens,
1097 547 1245 586 audiri.
1286 548 1388 587 Vota
1415 552 1455 587 et
1480 562 1615 601 parum
1641 549 1802 589 honesta

277 620 319 655 et
346 616 533 654 invidiosa
559 616 688 665 tacite,
713 616 736 653 i.
765 629 799 654 e.
828 627 1046 661 murmure,
1073 628 1233 653 susum-o
1262 616 1578 668 concipiebantur.
1610 617 1670 655 lta
1691 617 1800 660 Pers.

279 685 328 735 5,
360 683 454 726 184.
497 683 639 722 Labra
665 697 796 721 moves
824 684 980 724 tacitus.
1014 682 1157 722 Lucan.
1184 684 1226 734 5,
1258 682 1352 726 104.
1375 683 1440 735 (ib.
1471 684 1596 737 Cort.)
1627 686 1676 723 de
1703 689 1802 724 tem-

272 823 407 872 piunt.
437 820 596 862 Petron.
627 821 695 863 85.
722 823 777 873 (p.
807 821 890 863 418
914 821 1058 871 Burm.)
1084 820 1332 858 timidissimo
1359 833 1559 868 murmure
1586 827 1678 858 vota
1697 819 1801 872 feei.

278 889 413 928 Senec.
443 889 491 927 de
521 889 655 930 Benef.
685 892 734 941 6,
764 891 831 931 38.
874 889 1007 940 Quam
1035 888 1167 926 multa
1195 896 1290 927 sunt
1316 895 1422 938 vota,
1448 902 1552 941 quae
1574 889 1696 926 etiam
1722 886 1803 926 sibi
1883 896 1899 934 j

267 957 401 1010 fateri
421 943 573 1008 pudet:
620 972 742 1011 quam
774 972 911 1009 pauca
926 987 940 1004 ,
988 971 1091 1010 quae
1116 957 1259 1010 facere
1289 971 1423 996 coram
1459 964 1553 996 teste
1575 969 1799 1008 possumus.
1873 971 1875 974 ⁴

277 1027 374 1066 Ibid.
406 1028 454 1077 2,
487 1028 527 1067 1.
582 1025 701 1064 Adeo
730 1028 849 1064 etiam
882 1027 996 1077 deos,
1034 1026 1179 1078 quibus
1212 1025 1481 1064 honestissime
1509 1024 1801 1077 supplicamus,

278 1096 398 1133 tacite
439 1094 644 1133 malumus
686 1101 723 1131 et
764 1096 872 1133 intra
917 1102 1066 1132 nosmet
1103 1097 1208 1146 ipsos
1243 1095 1416 1146 precari.
1472 1095 1546 1142 Id„
1571 1093 1697 1146 Epist.
1733 1093 1801 1134 10.
1850 1094 1857 1102 ”

285 1164 449 1215 Quanta
471 1163 667 1201 dementia
692 1170 750 1200 est
769 1163 1002 1201 hominum!
1040 1164 1290 1214 'stirpis-sima
1315 1170 1408 1200 vota
1435 1163 1498 1201 dis
1519 1163 1799 1200 insusurrant..-

277 1233 315 1270 si
341 1233 431 1285 quis
454 1233 675 1270 admoverit
699 1240 855 1278 aurem,
885 1232 1136 1269 conticiscent
1163 1238 1217 1278 et,
1248 1231 1357 1283 quod
1381 1231 1479 1269 scire
1503 1230 1701 1268 hominem
1729 1242 1803 1268 m-
1872 1226 1882 1244 '²

278 1301 392 1352 lunt,
433 1299 505 1338 deo
533 1307 715 1338 narrant.
769 1300 829 1339 De
858 1301 928 1338 hac
957 1303 996 1338 et
1022 1299 1094 1337 alia
1121 1313 1276 1351 precum
1303 1300 1498 1338 tacitarum
1527 1300 1674 1338 ratione
1702 1298 1804 1339 conf.

276 1368 391 1420 Vulp.
419 1370 468 1406 ad
496 1369 633 1410 catull.
663 1370 717 1410 63
748 1367 852 1421 (64),
887 1366 984 1409 104.
1006 1368 1176 1406 Broukh.
1206 1369 1255 1406 ad
1284 1367 1375 1408 Tib.
1403 1366 1446 1417 4,
1473 1367 1515 1417 5,
1544 1369 1608 1408 17.
1639 1366 1803 1406 Casaub.
1867 1371 1887 1420 f

276 1437 326 1475 ad
354 1435 463 1475 Pers.
495 1438 543 1485 2,
579 1437 619 1478 5.
660 1436 820 1488 Rupert.
848 1437 898 1474 ad
932 1437 1015 1476 Juv.
1057 1439 1107 1486 6,
1141 1437 1236 1478 539.
1282 1437 1360 1486 10,
1392 1436 1487 1478 289.
1537 1435 1723 1474 Wiistem.
1744 1435 1803 1473 nd
1866 1427 1873 1491 ᾗ

276 1504 313 1542 T
315 1505 443 1546 heocr.
479 1503 536 1544 Id.
566 1506 612 1552 2,
642 1506 708 1545 11.
738 1505 877 1544 Wund.
905 1506 955 1544 ad
985 1505 1165 1557 Sophocl.
1195 1504 1334 1556 Oedip.
1367 1504 1503 1542 colon.
1534 1503 1626 1545 130.
1662 1502 1803 1541 Electr.
1867 1498 1887 1544 ,ζ

277 1573 361 1613 630
389 1586 475 1624 sqq.
513 1572 672 1613 Brouer.
692 1572 727 1620 ¹1.
758 1573 783 1611 l.
820 1587 858 1625 p.
890 1573 987 1614 965.
1025 1577 1064 1611 et
1091 1585 1265 1623 magnam
1294 1575 1442 1624 partem
1475 1584 1513 1611 v.
1543 1571 1611 1613 59.
1646 1571 1801 1615 laudati.
1856 1570 1858 1572 ’

276 1640 335 1678 De
360 1640 521 1679 formula
547 1648 721 1678 metuens
746 1641 884 1681 audiri
909 1637 1177 1681 conf.³Heind.
1204 1642 1254 1679 ad
1281 1642 1364 1684 Sat.
1394 1643 1435 1691 2,
1467 1640 1508 1691 5,
1534 1638 1600 1680 65.
1629 1637 1804 1678 Lambh.
1868 1641 1888 1693 'z‘

276 1709 326 1745 ad
356 1708 431 1746 Od.
463 1711 503 1757 2,
536 1711 575 1758 2,
603 1711 643 1749 7.
668 1710 718 1750 Ο.
743 1710 852 1748 Jahn.
881 1711 931 1749 ad
958 1710 1065 1751 Pers.
1099 1711 1137 1760 1,
1162 1708 1230 1750 47.
1261 1708 1300 1760 4,
1329 1710 1396 1751 29.
1428 1729 1485 1736 -—
1511 1707 1802 1753 PulchraLoe-

276 1778 422 1813 verna!
453 1777 525 1814 Da
553 1777 655 1814 milu'
669 1778 823 1829 fallere
851 1783 922 1817 etc.
949 1779 975 1817 i.
998 1792 1032 1817 e.
1058 1773 1294 1828 λανθάνειν,
1321 1782 1363 1816 ut
1387 1789 1422 1816 v·
1445 1774 1513 1817 54·
1542 1775 1694 1815 Similes
1713 1777 1805 1816 ml:
1836 1818 1839 1819 γ
1886 1775 1891 1822 ἧ

275 1857 409 1895 preces
437 1846 657 1883 mercatoris
696 1859 757 1897 ap,
786 1846 898 1887 ovid.
928 1838 1035 1885 Fasf.
1063 1847 1113 1896 5,
1142 1846 1396 1887 681—690.
1432 1845 1498 1882 Da
1543 1843 1659 1881 modo
1687 1844 1802 1883 luem
1880 1867 1897 1876 =-

275 1912 402 1958 mihi,
437 1913 492 1951 cla
510 1914 631 1964 sacto
665 1914 825 1964 gaudia
858 1913 994 1952 lucro:
1036 1914 1092 1950 Et
1116 1914 1220 1966 sace
1257 1920 1302 1951 ut
1334 1913 1475 1950 emtori
1501 1910 1624 1949 verba
1651 1910 1802 1951 dedic&
1878 1907 1893 1934 ⁵

264 1983 397 2028 juvet.
429 1981 599 2019 Imitatur
622 1980 743 2019 locum
763 1981 869 2023 Pers,
901 1984 941 2031 2,
971 1984 1010 2023 9,
1040 1981 1124 2019 Illa
1150 1981 1231 2019 sibi
1256 1983 1471 2018 introrsum
1500 1987 1538 2017 et
1561 1979 1635 2018 sub
1659 1980 1803 2033 lingue
1894 1999 1904 2020 ¹.

277 2056 524 2087 murmurat.-
567 2077 603 2095 „
619 2049 655 2087 O
683 2050 718 2086 si
746 2049 934 2087 Ebulliat
962 2051 1166 2101 patruus!
1205 2049 1380 2088 Lactant.
1414 2048 1506 2088 Inst.
1542 2048 1590 2100 5,
1626 2047 1704 2100 19,
1732 2037 1802 2090 80.

276 2119 441 2156 veniunt
476 2117 744 2170 gladiatores,
782 2119 953 2156 latrones
965 2147 980 2164 ,
1009 2118 1131 2170 sures
1142 2145 1157 2163 ,
1193 2117 1356 2166 benefici
1393 2123 1431 2153 et
1450 2124 1671 2167 precantur
1697 2114 1805 2155 nibil
1887 2130 1898 2163 ‚³

275 2186 419 2232 aliud,
452 2200 575 2238 quam
604 2192 649 2222 ut
676 2185 825 2224 scelera
852 2188 1014 2237 impune
1042 2186 1301 2224 committant.
1347 2185 1528 2223 Prudent.
1560 2184 1732 2224 Cathem.
1759 2185 1801 2236 2,

280 2257 331 2296 21
357 2254 467 2308 (ibiq.
495 2254 635 2294 Weitz.
663 2269 703 2307 p.
733 2255 849 2307 550).
895 2255 1065 2293 Versata
1082 2254 1208 2306 fraus
1237 2260 1274 2290 et
1297 2252 1450 2290 callida
1477 2251 1611 2289 Amat
1635 2251 1803 2290 tenebris
1878 2275 1884 2316 ¹}

276 2323 407 2376 obtegi
432 2323 669 2375 Aptamque
695 2331 846 2361 noctem
876 2322 1058 2375 turpibus
1087 2321 1264 2360 Adulter
1291 2320 1467 2358 occultus
1485 2319 1615 2370 five-t.
1662 2319 1800 2361 Malch-

274 2393 416 2431 Ecbas.
446 2392 594 2444 captiv.
621 2393 715 2434 120.
744 2393 927 2430 Peccatis
953 2399 1122 2437 noctem,
1149 2392 1247 2442 quin
1263 2387 1489 2441 fraudibus
1512 2387 1619 2426 obice
1642 2387 1799 2433 nubem.

277 2462 390 2499 Conf.
421 2461 519 2502 Ouz,
543 2461 593 2498 ad
622 2460 762 2499 Minue.
787 2461 822 2499 F
825 2461 871 2500 el.
900 2461 1034 2500 Octav.
1064 2461 1131 2507 10,
1159 2461 1197 2501 2.
1256 2457 1315 2496 De
1341 2458 1532 2495 Lauerna
1560 2457 1644 2509 ipsa
1671 2454 1798 2497 Schol.

277 2529 412 2579 Cruq.:
452 2528 664 2579 „Laverna
693 2529 730 2566 in
759 2530 819 2567 via
847 2530 992 2567 Salaria
1018 2528 1140 2567 lucum
1174 2525 1308 2572 habet;
1338 2530 1397 2564 est
1425 2530 1550 2564 autem
1578 2526 1651 2564 dea
1677 2525 1800 2566 surum
1878 2531 1908 2577 ,ζ

277 2601 316 2634 et
343 2597 581 2635 simulacrum
617 2597 696 2647 ejus
730 2597 834 2635 fures
864 2597 991 2635 colunt
1024 2600 1062 2635 et
1101 2596 1166 2646 qui
1205 2594 1359 2632 consilia
1393 2607 1461 2632 sua
1497 2593 1630 2632 volunt
1665 2592 1799 2638 tacit⁸3

276 2678 360 2702 nam
397 2679 528 2717 preces
567 2664 647 2713 ejus
685 2677 768 2702 cum
806 2666 957 2704 silentio
996 2667 1235 2709 exercentur3
1275 2662 1330 2700 sic
1367 2663 1467 2700 dicta
1501 2663 1664 2701 fortasse
1692 2673 1716 2699 a
1742 2659 1800 2698 la-

276 2733 411 2784 tendo,
440 2747 528 2772 nam
553 2734 655 2771 sures
686 2733 775 2772 olim
802 2733 1030 2772 laterniones
1058 2736 1097 2771 et
1123 2731 1358 2770 laverniones
1388 2727 1648 2770 dicebantur.“
1694 2727 1798 2766 Idem
1837 2778 1842 2780 .
1880 2720 1910 2740 '²²

278 2797 358 2836 fere
388 2800 513 2850 Acro,
552 2801 620 2839 sed
659 2801 768 2838 dicit:
814 2801 962 2853 „Dicta
997 2800 1171 2839 Laverna
1195 2799 1232 2851 *)
1274 2814 1297 2838 a
1334 2790 1534 2844 lavando,
1572 2809 1659 2834 nam
1694 2795 1796 2832 fures

389 2931 424 2975 *)
452 2935 493 2968 ln
514 2936 662 2972 Acronis
683 2939 760 2975 loco,
782 2939 928 2974 Vossius
946 2939 1169 2985 (Etymolog.
1187 2950 1221 2973 v.
1240 2937 1474 2973 Lavernium
1490 2946 1526 2980 p.
1543 2932 1629 2975 282)
1647 2932 1794 2965 levando

1714 3053 1746 3073 Q,

1899 366 1910 400 ν’

1807 596 1824 622 s
1892 594 1910 609 ’Ἰ

277 752 342 804 plo
368 752 552 804 Apollinis
579 752 769 804 Delphici:
803 752 936 790 Haud
960 751 1046 789 illic
1071 753 1190 789 tacito
1214 752 1325 790 mala
1347 759 1440 790 vota
1462 764 1623 791 susurro
1657 752 1802 791 Conci-
