1910 3138
79 195 160 237 121
197 191 474 243 GomNT.
492 192 551 232 IN
568 191 691 232 HOR-
709 190 809 232 Lm.
828 191 859 230 1.
886 189 1056 230 EPIST.
1074 189 1477 233 nuoussvlcmm.
1512 189 1598 233 469

79 305 267 347 metionis
288 306 458 359 exempla
476 306 722 358 suppeditant
744 304 922 343 Schmid.
950 305 1000 343 ad
1026 304 1063 345 h.
1085 304 1110 343 l.
1145 304 1268 346 orell.
1284 307 1324 343 et
1342 303 1597 358 Dillenburg,

79 375 131 413 ad
158 374 236 415 od.
261 376 302 426 2,
331 375 401 423 20,
426 373 494 414 20.
533 374 679 411 Heim.
710 375 760 412 ad
786 373 902 412 Ovid.
930 373 1024 412 Her.
1054 375 1096 424 7,
1122 371 1214 415 145.
1252 371 1339 412 coll.
1376 372 1521 414 Burm.
1548 375 1599 412 ad

80 441 298 481 Nemesian-
343 441 492 492 Cyneg.
520 442 588 483 67.
620 446 660 480 et
695 443 855 494 .Unger.
892 442 1075 482 Paradox.
1113 441 1235 482 Theb.
1272 442 1321 490 2,
1357 440 1399 481 6.
1434 454 1474 492 p.
1503 440 1598 484 214.

79 509 227 554 Quodsi
249 509 499 562 Porphyrion
526 514 566 548 et
593 509 856 548 Britannicus
882 511 921 548 in
949 523 1007 547 vv.
1035 508 1136 546 bibit
1161 532 1217 538 —
1237 522 1375 561 pagus
1402 515 1598 564 „tropnm‚

78 577 359 629 mmwploev“
383 579 539 627 vident,
572 582 615 617 ut
638 580 708 617 sit:
742 579 910 630 „pagani
932 578 1109 628 bibunt,“
1135 578 1333 616 dicendum
1350 579 1501 629 potius,
1526 580 1600 619 nisi

78 654 147 691 ea,
179 657 291 695 qnam
322 658 437 698 supra
463 646 679 697 posuimus,
714 646 855 685 valeret
889 645 1175 697 interpretatio,
1215 645 1431 683 Mandela
1462 659 1599 686 nomen

76 723 149 762 pro
181 715 332 752 nomine
366 714 572 752 incolarum
604 714 771 766 positum
802 715 944 764 videri,
978 713 1286 765 quemadmodum
1322 717 1503 752 terrarum
1527 727 1599 753 no-

76 777 176 817 nina
200 792 271 830 pro
298 782 522 833 populorum
547 782 756 820 nominibus
784 787 986 834 ponantur.
1043 780 1102 819 De
1124 780 1196 818 hac
1223 781 1494 819 consuetudine
1521 782 1598 820 vid.

77 844 240 898 Ebu-big.
273 848 323 886 ad
346 849 451 899 Virg.
479 849 558 889 Ecl.
587 851 626 899 1,
655 849 722 890 68.
764 848 885 887 Fabr.
921 849 972 888 ad
1004 848 1092 889 Liv.
1122 850 1190 895 21,
1221 850 1262 898 1,
1292 849 1331 889 5.
1356 849 1425 899 23,
1460 851 1529 899 17,
1556 851 1599 891 7.

82 913 262 966 Seyffaet.
288 916 339 953 ad
366 916 446 958 Cic.
475 916 581 955 Lael.
614 918 680 966 16,
709 917 776 958 58.
806 931 845 969 p.
873 917 968 958 367.
1017 916 1250 968 Argutantur
1277 915 1316 953 in
1342 929 1401 954 vv.
1431 930 1601 968 mgna-us

64 980 225 1033 frigore
246 996 408 1035 pagus,
436 998 547 1036 quem
573 984 745 1022 Bollu‘us
766 989 957 1035 „tractum
982 988 1126 1034 totum,
1151 985 1306 1022 fundum
1325 982 1601 1022 Horatianum“

75 1061 211 1100 parum
237 1056 411 1090 accurate
444 1053 548 1091 dicit.
585 1052 784 1090 Mandela
813 1053 910 1091 enim
938 1065 1059 1104 pagus
1094 1052 1135 1090 in
1161 1051 1256 1090 colle
1285 1051 1357 1089 sita
1383 1052 1506 1090 ventis
1532 1051 1602 1089 sri-

77 1117 310 1170 goribusque
338 1121 459 1171 magis
486 1133 599 1171 quam
622 1119 831 1158 Horatiana
858 1120 951 1158 vina
973 1121 1143 1172 exposita
1170 1125 1273 1165 erat;
1304 1118 1404 1156 conf.
1438 1118 1603 1157 Wu'ste-

77 1197 214 1223 manti.
242 1186 291 1224 ad
319 1187 400 1225 Sat.
432 1191 472 1238 2,
499 1188 542 1237 3,
573 1188 637 1229 10.
681 1187 757 1233 Qui
781 1188 992 1225 accuratius
1018 1188 1222 1237 definiunt,
1257 1190 1323 1224 aut
1350 1188 1405 1224 uti
1428 1187 1602 1239 Porphy-

76 1253 160 1291 rion
182 1265 350 1306 „pagum
379 1255 544 1306 algidum
563 1256 717 1306 frigore
746 1260 787 1293 et
811 1268 952 1305 rugosa
970 1256 1167 1294 facientem
1184 1255 1371 1292 hominum
1396 1256 1602 1307 corpora‚“

76 1324 144 1359 aut
165 1322 220 1360 uti
245 1321 456 1360 Rodellius
493 1308 660 1374 „pagum
688 1324 792 1374 rugis
825 1336 901 1360 non
929 1335 1014 1361 raro
1043 1327 1187 1361 sectum
1204 1327 1373 1374 -propter
1407 1321 1494 1372 gelu
1522 1327 1601 1360 ter-

77 1401 141 1426 ras
166 1389 413 1440 astringens“
441 1391 651 1440 intelligunt
679 1391 762 1431 coll.
792 1391 868 1429 od.
891 1392 932 1438 2,
961 1389 1004 1439 9,
1031 1391 1068 1431 1·
1096 1393 1135 1432 2.
1174 1391 1259 1428 Vid.
1289 1391 1402 1428 etiam
1423 1390 1599 1431 Palmer.

0 1510 8 1515 -
78 1456 207 1508 spicil.
231 1457 283 1497 11.
322 1458 361 1497 in
390 1458 546 1496 Gruter.
582 1457 719 1510 Lamp.
758 1458 840 1499 crit.
880 1457 946 1497 IV.
980 1471 1021 1508 p.
1049 1458 1144 1499 805.
1196 1457 1258 1496 De
1285 1458 1534 1510 Mandela*)
1561 1459 1601 1496 in

79 1629 246 1664 Welcher
258 1630 424 1664 Mandela
434 1630 588 1676 bespiilt,
607 1649 655 1655 —
671 1631 733 1665 das
742 1630 920 1665 Dfirfcheu
931 1629 967 1663 in
981 1628 1109 1664 rauher
1118 1629 1379 1674 Gebirgslust.“
1390 1650 1447 1657 —
1457 1631 1492 1665 J.
1505 1631 1602 1666 Mer*

78 1686 155 1720 leel.-
183 1686 324 1730 „Wann
346 1686 409 1721 mit
432 1686 702 1722 erfrischendem
724 1688 849 1722 Trunk
869 1686 958 1721 mich
979 1686 1147 1730 Digentia
1165 1687 1281 1731 labet,
1310 1688 1375 1722 der
1392 1687 1599 1732 Waldbach‚

79 1741 146 1777 den
165 1742 329 1777 Mandela
347 1743 422 1777 sich
442 1740 603 1789 schfi'pft‚
625 1744 687 1779 das
705 1755 773 1789 von
794 1745 925 1778 Froste
944 1743 1146 1788 gernnzelte
1162 1743 1360 1778 Dfirflein.“

191 1797 228 1843 *)
252 1800 484 1834 Walckemoer
497 1800 675 1845 (Histoire
694 1802 726 1835 Ι.
744 1813 781 1846 p.
795 1798 914 1844 412.)=
934 1800 1010 1844 „Le
1026 1799 1156 1845 village
1170 1801 1215 1834 de
1228 1801 1419 1844 Bao-della,
1437 1803 1520 1846 pres
1539 1801 1602 1835 dn-

79 1855 162 1901 qnel
184 1867 228 1890 on
249 1855 326 1890 voit
351 1856 404 1891 les
425 1857 544 1891 ruines
574 1857 618 1891 de
648 1857 843 1901 Maudella,
873 1862 911 1891 et
927 1857 1009 1891 d'on
1027 1857 1054 1890 il
1080 1868 1102 1891 a
1124 1856 1195 1891 tire
1213 1869 1276 1892 son
1295 1869 1391 1901 nom,
1414 1857 1539 1892 n'etait
1557 1870 1602 1892 en

80 1909 173 1948 1834
191 1913 311 1954 habite
330 1925 399 1959 que
417 1925 482 1958 par
502 1915 567 1950 122
587 1913 785 1954 individns3
814 1913 900 1948 mais
920 1925 963 1947 en
982 1925 1008 1959 y
1027 1919 1253 1958 comprenant
1275 1915 1519 1960 Cermalum,
1540 1915 1600 1960 qui

81 1974 138 2003 est
155 1974 235 2003 tout
259 1974 410 2015 anpres,
439 1981 500 2004 sur
525 1970 560 2004 la
588 1970 732 2015 colline,
762 1982 806 2005 on
826 1983 847 2005 a
866 1981 932 2004 une
956 1970 1162 2016 population
1189 1971 1234 2004 de
1253 1971 1319 2005 691
1340 1970 1529 2005 individua.
1570 1974 1600 2004 Α

80 2025 263 2070 Bardella,
296 2038 339 2060 en
359 2026 535 2071 dirigeant
552 2038 610 2062 ses
636 2028 783 2072 regards
802 2039 884 2061 vers
901 2027 1051 2070 l'ouest,
1082 2038 1126 2061 on
1146 2027 1241 2072 jouit
1262 2027 1362 2061 d'nne
1383 2038 1451 2060 vue
1469 2026 1601 2070 magni-

80 2082 175 2127 fique
193 2082 256 2117 dea
283 2083 376 2118 deux
397 2083 528 2118 vallees
547 2084 592 2118 de
615 2084 727 2119 l’Anio
754 2090 791 2119 et
810 2085 854 2118 de
874 2083 1024 2118 Lieenza
1043 2089 1080 2117 ct
1098 2084 1143 2117 du
1172 2091 1324 2118 convent
1343 2083 1386 2117 de
1408 2083 1602 2116 San-Cosi-

81 2143 187 2175 navo.
231 2140 339 2174 Cette
357 2140 523 2174 situation
544 2141 633 2175 etait
651 2148 733 2187 trop
760 2148 997 2185 avantagense
1015 2151 1106 2184 pour
1125 2140 1175 2173 les
1201 2139 1343 2185 plaisirs
1370 2139 1432 2172 des
1452 2150 1544 2182 yeux
1564 2145 1602 2173 et

81 2194 133 2228 les
152 2194 291 2230 besoins
310 2197 355 2230 de
378 2196 411 2230 la
436 2207 563 2241 guerre
582 2209 672 2243 pour
690 2199 818 2244 qn'elle
838 2198 891 2231 ait
914 2207 960 2241 pn
981 2196 1056 2229 &tre
1076 2195 1236 2241 negligee
1258 2207 1323 2240 par
1351 2195 1403 2228 les
1422 2195 1599 2230 Romains.

80 2250 244 2286 Bardella
263 2263 308 2286 on
330 2253 516 2288 Mandella
534 2254 676 2299 antique
690 2260 746 2288 est
765 2256 785 2288 a
797 2251 821 2288 4
835 2253 945 2287 milles
958 2250 984 2303 ξ
1000 2253 1169 2294 romains,
1192 2264 1235 2286 ou
1255 2250 1400 2285 environ
1422 2262 1488 2284 nne
1509 2251 1600 2287 liene

82 2318 264 2358 commune·
277 2309 323 2343 de
340 2310 479 2343 France
491 2336 500 2353 ,
520 2311 541 2344 a
560 2310 686 2344 l'ouest
704 2311 748 2344 de
765 2311 935 2351 Licenza‚
956 2308 1120 2352 l'antique
1140 2308 1302 2343 Ustica.“
1336 2307 1474 2341 Laudat
1494 2308 1601 2342 Gell's

82 2363 324 2410 Topography
348 2366 390 2399 of
406 2366 512 2400 Rome
538 2368 606 2401 and
625 2367 672 2401 its
690 2365 838 2409 vicinity
856 2366 885 2400 Ι.
906 2377 939 2410 p.
958 2365 1059 2406 206„
1087 2363 1143 2398 cui
1162 2364 1321 2398 Diintzer
1339 2363 1438 2397 addit
1455 2363 1603 2399 Malim·

82 2420 335 2465 ‚,Campagna“
358 2423 389 2459 I.
408 2434 443 2467 p.
461 2423 552 2466 288„
579 2423 753 2457 Guattam‘
768 2419 975 2455 monumenti
990 2419 1115 2453 Sabini
1126 2420 1190 2461 ΠΙ,
1209 2419 1263 2454 15.
1295 2419 1467 2453 Audiatur
1484 2421 1601 2465 Byr-on

1 2477 10 2483 “
83 2487 222 2521 quoqne
241 2477 276 2510 in
302 2478 517 2520 ‚,Poesien.⁴‘
549 2481 603 2513 12.
629 2478 788 2513 Bindcb.
823 2477 1034 2511 Uibersetzt
1050 2487 1120 2509 von
1144 2476 1175 2511 J.
1200 2476 1240 2511 L.
1263 2476 1443 2510 Witthaus
1463 2487 1499 2521 p.
1522 2474 1600 2514 146.

83 2532 173 2575 „Am
196 2532 295 2566 Ende
322 2533 384 2566 des
413 2535 525 2568 Thala
547 2535 667 2578 (Valle
690 2534 854 2577 Rustica)
880 2534 968 2567 nach
997 2531 1073 2565 dem
1099 2531 1189 2565 Anio
1210 2543 1253 2565 zu
1273 2533 1369 2566 steht
1388 2532 1444 2566 ein
1464 2532 1599 2578 kahler,

83 2587 146 2622 mit
168 2587 266 2622 einer
283 2588 420 2622 kleincu
440 2589 566 2633 stadt,
597 2592 772 2633 Bur-dela,
797 2589 1008 2623 bekriinzter
1037 2587 1164 2632 Hiigel.
1203 2589 1264 2622 Am
1285 2588 1397 2622 Fusae
1415 2589 1599 2625 desselben

83 2644 198 2678 fliesst
217 2644 279 2678 das
299 2643 463 2678 Biichleiu
482 2645 648 2689 liewizo,
673 2646 735 2680 das
755 2656 823 2679 von
844 2645 954 2679 einem
974 2655 1121 2689 grossen
1141 2645 1337 2678 Sandbette
1356 2645 1506 2680 beinahe
1526 2646 1599 2681 ein-

85 2711 241 2745 gesogen
261 2699 370 2743 wird,
398 2699 463 2733 ehe
481 2711 519 2734 es
540 2701 607 2734 den
623 2702 712 2735 Anio
735 2701 901 2735 erreicht.
947 2699 1075 2734 Nichts
1100 2700 1191 2734 kann
1213 2700 1430 2746 gliicklicher
1449 2702 1512 2736 mit
1531 2703 1599 2738 den

85 2756 208 2791 Zeilen
227 2756 288 2791 des
308 2756 472 2790 Dichters
492 2758 833 2791 zusammentrefl'en:
861 2756 924 2791 Me
943 2756 1075 2800 quot-‘es
1095 2775 1140 2781 —-
1165 2769 1297 2804 pagus.
1335 2759 1409 2793 Der
1429 2759 1533 2794 Flnss
1549 2760 1600 2795 ist

86 2811 175 2847 hoel·
192 2814 228 2847 in
247 2813 326 2847 dem
344 2812 456 2847 Thale
478 2812 576 2854 klar;
594 2812 696 2856 aber,
717 2814 783 2847 elie
800 2825 840 2847 er
858 2811 946 2847 noch
967 2812 1025 2846 die
1039 2812 1154 2858 Hfigel
1173 2825 1242 2848 von
1266 2814 1417 2850 Bon-dela
1434 2817 1597 2861 erreicht,

86 2869 179 2904 aieht
198 2881 237 2904 er
255 2870 324 2904 wie
343 2869 400 2904 ein
417 2868 685 2904 Schwefelbach
702 2869 791 2915 grfin
811 2869 877 2904 nnd
898 2868 979 2914 gelb
999 2870 1100 2904 aus.“
