2034 3224
755 1049 1519 1125 COMMENTARI!

1105 1208 1164 1247 IN

392 1308 756 1381 floaAwn
801 1332 1298 1383 EPIS'POLAM
1355 1321 1901 1384 unnncfflan

1000 1459 1160 1513 Lm.
1209 1458 1262 1514 1.
1871 1438 1874 1441 ’

357 1734 443 1796 De
470 1758 573 1797 nulla
600 1758 791 1810 Epistola,
822 1761 855 1796 si
885 1762 1079 1811 exceperis
1105 1765 1264 1812 sextam,
1293 1766 1402 1800 tanta
1431 1765 1492 1800 est
1516 1761 1683 1798 virorum
1711 1759 1909 1797 doctorum

357 1827 569 1877 dissensio,
620 1831 762 1877 quanta
789 1828 837 1865 de
865 1827 957 1878 hac,
1005 1841 1118 1879 quam
1152 1830 1191 1867 in
1216 1830 1580 1881 elegantissimamm
1607 1839 1764 1866 numero
1793 1839 1908 1877 repo-

357 1907 451 1934 nere
476 1907 555 1932 non
585 1894 811 1932 dubitamus,
871 1895 984 1932 Acro
1012 1895 1111 1933 enim
1141 1900 1181 1934 et
1208 1898 1320 1948 Porp
1329 1899 1434 1949 ÷yrio
1462 1897 1680 1948 opinantur,
1709 1894 1909 1933 Horatium

357 1962 530 2014 „alloqui
558 1961 776 2011 Bullatium,
810 1963 872 2012 qui
902 1963 1027 2000 omnia
1049 1962 1219 2001 villarum
1244 1970 1283 2004 et
1309 1966 1509 2016 regionum
1531 1977 1576 2003 ac
1604 1964 1797 2002 civitatum
1823 1973 1908 2000 sor-

357 2031 449 2070 dida
474 2031 668 2082 putaverit
693 2030 743 2067 ad
766 2031 1088 2081 comparationem
1118 2031 1270 2070 Tiberis
1300 2036 1341 2071 et
1365 2033 1522 2083 Campi,
1550 2033 1578 2070 i.
1604 2045 1639 2070 e.
1662 2032 1831 2076 Romae3
1860 2041 1907 2067 eo

358 2099 462 2150 quod
494 2111 648 2148 semper
682 2098 740 2135 ibi
778 2111 1031 2135 commanens
1071 2099 1120 2137 ad
1147 2099 1220 2137 alia
1247 2114 1325 2138 non
1354 2101 1600 2140 transisset.“
1658 2098 1760 2150 „Cui
1783 2095 1908 2148 jam,“

358 2171 402 2205 ut
439 2167 547 2205 addit
573 2165 700 2216 Acro,
749 2165 990 2215 „Horatium
1027 2179 1324 2206 commemorare
1359 2168 1478 2206 multa
1503 2167 1588 2205 loca
1618 2165 1845 2218 jucundiora
1868 2168 1906 2201 et

356 2235 523 2285 majora,
570 2234 709 2286 quibus
738 2233 828 2271 nihil
854 2234 905 2270 ad
929 2238 1059 2272 votum
1085 2234 1228 2272 desit.“
1287 2235 1430 2273 Contra
1463 2234 1703 2272 scholiastes
1740 2232 1908 2283 Cmquis'

356 2305 491 2353 putat,
519 2301 761 2352 „Bullatium
790 2302 893 2337 varia
924 2301 1007 2338 loca
1035 2302 1246 2340 accessisse
1276 2315 1437 2352 eumque
1464 2302 1712 2351 interrogari,
1743 2313 1835 2338 num
1861 2311 1906 2338 ea

355 2369 416 2408 hic
452 2370 501 2407 ad
536 2369 858 2421 comparationem
895 2368 1046 2407 Tiberis
1091 2374 1131 2408 et
1166 2370 1300 2420 Campi
1338 2370 1464 2408 Martii
1503 2369 1656 2407 sordida
1695 2369 1904 2415 videantur,

357 2438 462 2486 quod
491 2451 603 2488 quum
632 2441 749 2487 neget
771 2435 955 2474 Bullatius
981 2442 1019 2476 et
1039 2437 1238 2477 Lebedum
1264 2437 1469 2488 praeferat,
1496 2438 1651 2475 tandem
1679 2435 1904 2474 concludere

355 2502 569 2555 Horatium,
600 2505 724 2543 omnia
752 2504 836 2542 loca
862 2505 942 2542 sive
971 2507 1119 2544 minora
1148 2506 1226 2545 sive
1254 2506 1397 2555 majora
1425 2504 1596 2554 aequalia
1619 2517 1706 2542 esse
1729 2503 1779 2542 ad
1807 2503 1904 2542 bene

356 2570 602 2610 vivendum.“
661 2571 722 2612 Ad
749 2572 845 2610 hanc
859 2573 1087 2612 sententiam
1115 2574 1285 2625 proxime
1314 2573 1500 2610 accedunt
1515 2571 1743 2621 Landinus,
1774 2571 1901 2609 Irene-

357 2649 445 2681 cus,
480 2637 714 2687 (habenas,
744 2645 1011 2692 praeterquam
1039 2644 1143 2691 quod
1171 2642 1268 2680 hanc
1295 2640 1435 2677 variam
1463 2641 1806 2691 peregrinationem
1826 2651 1903 2676 non

355 2708 435 2742 tam
463 2705 574 2741 animi
603 2719 714 2756 quam
738 2712 920 2759 quaestus
952 2709 1076 2758 gratia
1107 2722 1130 2746 a
1156 2708 1320 2747 Bullatio
1351 2713 1566 2759 susceptam
1590 2706 1791 2757 significari
1820 2718 1902 2743 cre-

357 2771 465 2809 dunt·
535 2771 620 2815 Qua
665 2777 817 2823 quidem
859 2776 1013 2815 sordida
1056 2780 1237 2826 quaestus
1276 2776 1431 2812 notione
1469 2775 1616 2825 abjecta
1658 2772 1902 2817 Lambinus,

362 2838 562 2889 Cbuquius
578 2866 590 2882 ,
631 2841 882 2889 Torrentius,
925 2843 1133 2881 Rodelliue
1145 2872 1159 2889 ,
1204 2843 1265 2881 alii
1293 2842 1492 2881 Horatium
1514 2840 1700 2890 Bullatio,
1744 2841 1807 2891 qui
1841 2841 1901 2878 vel

355 2906 549 2946 molestiae
579 2908 770 2956 eujusdam
801 2910 976 2950 vitandae
1001 2923 1140 2961 causa,
1189 2910 1246 2949 vel
1276 2924 1392 2960 aegro
1421 2910 1544 2949 animo
1582 2921 1650 2947 suo
1692 2908 1896 2946 remedium
