1910 3138
103 0 157 13 „¹75
194 7 199 19 Ι

87 20 101 35 κέ

0 0 45 119 P:
78 39 91 76 ὲ

0 123 11 131 .,
27 116 52 127 ,ο

84 226 141 268 15
226 224 507 268 comm.
525 226 582 267 ιΝ
603 225 725 269 uon.
746 224 847 264 Lm.
869 225 895 264 ι.
935 222 1101 262 ΕΡιετ.
1120 221 1459 263 smfflncm.
1518 219 1605 285 βαι

0 383 10 390 ²
85 351 157 379 vae
183 338 402 379 Gemini
415 339 456 391 *)
482 340 618 378 virtute
646 333 781 377 bellica
807 337 964 388 insignis
995 336 1127 374 fuisse.
1193 335 1428 376 scholiastae
1455 337 1606 387 quidem

86 406 267 459 Senem
293 419 377 445 eum
399 405 522 446 Lollio
549 406 742 457 sequentis
770 404 965 456 Epistolae
987 404 1066 452 hic,
1090 417 1168 442 non
1194 405 1304 454 istie,
1328 403 1544 443 confudisse
1568 408 1608 441 et

84 474 192 524 quasi
218 473 500 525 conglutinasse
527 475 714 513 videntur.
771 473 855 511 Huc
887 473 1053 520 accedit,
1090 473 1193 522 quod
1219 471 1388 521 Lollius,
1421 471 1472 509 ad
1494 483 1606 522 quem

83 540 255 592 Epistola
283 543 349 583 18.
376 542 518 593 scripta
542 546 621 591 est,
664 542 752 579 licet
778 544 939 591 utraque
969 540 1127 590 epistola
1151 539 1281 578 similis
1307 539 1515 590 argumenti
1542 538 1607 587 sit,

83 607 194 646 aliam
220 620 265 646 ac
291 609 436 647 Scaeva
463 611 538 649 sert
570 621 793 661 personam,
832 614 1062 659 quapropter
1099 608 1190 645 nihil
1227 611 1369 658 agunt,
1409 607 1472 657 qui
1510 606 1607 645 hauc

83 674 313 726 Epistulam,
343 676 517 714 Baxtero
543 682 582 715 et
608 677 780 714 Ger—nero
802 688 878 713 non
912 675 1230 726 improbantibus,
1266 673 1402 712 Lollio
1434 674 1609 712 Scaevae

84 743 293 782 inscribunt
319 748 359 782 et
383 745 444 782 vel
471 745 568 782 adeo
598 745 651 782 uti
681 743 966 781 Praedieovius
992 755 1073 781 cum
1102 746 1286 793 sequente
1322 742 1500 794 epistolio
1531 755 1607 781 uno

83 811 189 861 quasi
216 815 349 850 tenore
373 812 604 861 conjungunt
631 815 668 849 et
689 812 921 850 continuant.
1097 859 1105 861 -
1541 800 1545 803 ’

196 878 321 922 Quum
351 879 522 930 Epistola
546 880 728 930 temporis
757 879 986 917 notationem
1004 878 1117 929 plane
1138 878 1273 917 nullam
1292 878 1451 926 habeat,
1479 889 1607 915 eorum

82 957 234 997 quoque
260 948 356 985 ratio
372 945 459 995 **)‚
498 946 562 996 qni
591 958 672 983 eam
702 946 1000 985 duodevicesima
1025 947 1272 997 posteriorem
1299 949 1452 999 putant,
1480 943 1609 982 solidis

48 1005 51 1013 ¹
82 1015 269 1053 radicibus
296 1015 454 1053 fundata
473 1027 548 1052 non
567 1014 725 1052 videtur.
780 1014 824 1051 {n
851 1014 1013 1064 patrium
1036 1028 1247 1053 sermonem
1266 1013 1475 1066 Epistolam
1497 1023 1608 1062 sepa—

84 1083 194 1120 ratim
220 1083 491 1121 transtulerunt
527 1083 622 1121 liber
646 1081 738 1119 baro
773 1081 822 1119 de
855 1081 995 1118 Caniez
1029 1082 1088 1119 in:
1135 1082 1362 1131 „Gedichte
1387 1101 1443 1109 -
1469 1101 1525 1108 -—
1547 1101 1605 1111 .—

83 1151 334 1201 ausgefertigt
350 1163 426 1188 von
442 1149 528 1187 Joh.
554 1150 632 1190 Ulr.
651 1148 848 1199 Koenig.“
874 1147 1012 1199 Leipz.
1033 1162 1069 1186 u.
1088 1149 1188 1187 Berl.
1209 1151 1330 1190 1727.
1356 1162 1394 1199 p.
1421 1146 1501 1188 146
1522 1160 1607 1197 sqq.

84 1223 123 1257 et
156 1219 261 1258 aaz
286 1219 325 1257 in
351 1218 492 1257 Hauffii
521 1217 761 1267 „Philologie
790 1216 819 1265 l,
848 1216 888 1256 3.
912 1229 951 1267 p.
971 1216 1065 1257 179
1091 1230 1176 1267 sqq.

194 1287 242 1325 V.
269 1289 292 1328 1
312 1308 368 1315 —
389 1285 426 1325 5.
484 1285 668 1324 Allocutio
691 1297 835 1322 summa
862 1284 1091 1322 humanitate
1115 1284 1287 1334 condita,
1314 1296 1389 1333 qua
1412 1283 1507 1321 Hor.
1528 1294 1607 1320 om-

83 1366 170 1393 nem
196 1355 398 1405 importuni
423 1354 593 1404 magistri
629 1352 689 1390 vel
714 1352 912 1389 monitoris
943 1364 967 1388 a
1003 1365 1046 1390 se
1084 1356 1252 1390 removet
1288 1352 1454 1403 culpam3
1493 1352 1537 1388 Δ.
1561 1349 1607 1388 P.

85 1422 182 1462 367.
223 1422 414 1473 Praecipit
431 1422 551 1471 enim,
581 1431 791 1471 quanquam
810 1421 1029 1471 praecipere
1047 1433 1124 1458 non
1149 1419 1229 1457 vult
1245 1420 1383 1468 videri,
1410 1419 1459 1456 de
1477 1418 1606 1466 modo,

83 1502 160 1539 quo
189 1491 272 1540 quis
301 1501 343 1527 se
376 1490 414 1526 in
439 1488 602 1526 amicitia
626 1487 881 1537 potentiorum
914 1500 1006 1540 erga
1038 1488 1121 1525 illos
1154 1488 1259 1538 ipsos
1295 1500 1429 1537 gerere
1457 1486 1605 1525 debeat.

16 1589 31 1595 ,
83 1554 292 1608 Praecepta
314 1561 440 1594 autem
476 1556 531 1592 ita
559 1553 703 1602 elevat,
742 1557 807 1603 ut,
841 1567 936 1605 quae
963 1556 1109 1593 Scaeva
1136 1556 1175 1592 in
1215 1567 1319 1592 suam
1344 1567 1423 1591 rem
1449 1566 1607 1591 conver-

83 1627 167 1662 tere
194 1626 336 1675 possit,
372 1635 414 1660 se
437 1634 512 1660 non
542 1622 698 1683 docere,
734 1622 875 1673 quippe
902 1623 965 1672 qui
993 1624 1076 1674 ipse
1105 1623 1324 1661 edocendus
1354 1622 1426 1670 sit,
1456 1621 1525 1659 sed
1547 1621 1607 1658 lo-

194 1790 235 1836 *)
254 1793 333 1828 Viri
350 1793 443 1828 illius
460 1794 644 1829 fortissimi
663 1795 878 1830 mentionem
896 1795 1031 1830 faciunt
1045 1796 1149 1830 Caes.
1170 1795 1213 1829 B.
1230 1795 1271 1830 C.
1287 1795 1323 1838 3,
1346 1794 1405 1829 53.
1427 1794 1508 1829 coll.
1529 1794 1606 1829 Cic.

85 1849 131 1883 ad
144 1850 255 1884 Attio.
273 1847 336 1894 14,
357 1852 412 1885 10.
432 1851 614 1886 Plutarch.
634 1852 701 1886 vit.
720 1852 792 1887 Jul.
809 1853 915 1887 Caes.
939 1854 995 1888 16.
1015 1851 1168 1898 Appian.
1186 1853 1229 1886 B.
1250 1853 1293 1886 C.
1315 1853 1334 1887 2
1372 1852 1430 1887 60.
1455 1851 1531 1896 [ubi
1546 1853 1606 1885 20-

86 1904 217 1951 χαγός,
238 1899 267 1953 ᾦ
289 1907 430 1946 Σκευᾶς
450 1900 643 1952 ὄνομαῆν,
667 1909 831 1953 vocatur]
863 1910 965 1944 Suet.
992 1909 1062 1944 Jul.
1089 1911 1147 1944 68.
1167 1909 1266 1943 Flor.
1294 1905 1339 1951 4,
1367 1910 1407 1950 2,
1437 1905 1496 1943 40.
1525 1908 1604 1947 val.

85 1962 184 1997 Max.
199 1963 235 2007 3,
252 1964 286 2006 2,
306 1963 363 1999 23.
382 1964 515 1998 Lucan.
531 1967 565 2007 6,
586 1961 667 2000 144.
687 1966 783 2000 Stat.
803 1965 924 2003 Theb.
940 1968 974 2010 2,
993 1967 1062 2001 606
1081 1966 1149 2010 (ib.
1168 1965 1325 2008 Barth.).
1357 1965 1457 1999 Alius
1475 1965 1606 1999 mentio

85 2019 130 2053 fit
142 2031 202 2065 ap.
218 2019 295 2063 Cic.
308 2014 357 2054 ad
370 2020 482 2055 Attic.
498 2021 555 2065 13,
571 2022 627 2057 23.
648 2022 815 2057 Ceterum
828 2023 1004 2068 scriptura
1023 2023 1160 2056 Scaeva
1173 2033 1259 2056 vere
1274 2021 1385 2055 latina
1400 2027 1473 2064 est,
1494 2021 1607 2065 scrip-

85 2081 167 2111 tura
181 2077 291 2111 Sceva
305 2088 327 2110 a
348 2077 458 2112 verbo
476 2077 619 2117 Σκευᾶς
639 2079 745 2113 ducta
760 2091 830 2113 non
843 2080 941 2114 item.
963 2080 1069 2114 Conf.
1094 2079 1258 2113 Torreat.
1273 2080 1316 2112 ad
1332 2079 1367 2113 h.
1384 2078 1408 2112 l.
1428 2077 1606 2111 Drakenb-

86 2133 133 2167 ad
146 2133 226 2168 Liv.
246 2135 279 2175 2,
299 2133 354 2176 13,
372 2137 404 2168 1.
422 2135 455 2177 8,
474 2134 539 2177 29,
556 2137 589 2171 2.
614 2135 769 2181 interpp.
789 2135 832 2170 ad
856 2140 935 2170 Act.
955 2138 1082 2182 Apost.
1104 2136 1160 2177 19,
1184 2132 1240 2171 14.
1275 2135 1359 2168 Cum
1381 2135 1447 2167 hoc
1470 2135 1607 2167 Scaeva

86 2199 174 2222 eave
199 2188 392 2224 confundas
419 2191 588 2225 Scaevam
614 2198 774 2237 nepotem
794 2193 872 2227 Sat.
896 2195 928 2233 2,
951 2196 984 2235 1,
1002 2192 1083 2235 53.‚
1110 2191 1172 2224 ubi
1191 2192 1306 2225 Poeta
1330 2190 1415 2223 lusit
1443 2190 1479 2223 in
1506 2189 1605 2222 verbi

87 2245 244 2290 origine,
266 2245 303 2279 id
325 2247 418 2291 quod
431 2258 553 2292 parum
578 2248 782 2282 observavit
806 2250 868 2282 Fr.
891 2249 1028 2282 Jacobs.
1050 2249 1095 2281 V.
1113 2259 1148 2291 p.
1167 2247 1248 2282 370.
1277 2247 1332 2281 De
1355 2246 1416 2279 illa
1435 2245 1606 2280 nominum

87 2301 381 2346 interpretatione
405 2302 479 2336 vid.
502 2315 582 2338 ann.
606 2305 652 2338 ad
671 2305 727 2346 13,
757 2306 792 2339 9.
829 2305 882 2337 De
909 2306 1044 2338 Scaeva
1067 2303 1226 2337 Memor-e
1244 2303 1410 2336 dixerunt
1428 2303 1556 2348 Lange
1568 2302 1605 2336 in

87 2357 192 2391 Vind.
212 2358 358 2393 Roman.
373 2371 410 2404 p.
429 2359 463 2395 9.
485 2365 522 2392 et
540 2361 705 2405 Schopen
725 2361 771 2394 ad
785 2361 906 2394 Schol.
926 2360 1007 2396 Juir.
1032 2362 1065 2402 1,
1086 2361 1143 2393 20.

172 2410 228 2460 **)
249 2413 440 2449 Sanadon:
458 2415 564 2457 „Eue
582 2417 701 2461 paroit
720 2416 820 2450 avoir
842 2419 899 2450 ete
920 2416 1031 2449 ecrite
1052 2415 1139 2448 dans
1160 2414 1212 2447 les
1231 2414 1392 2447 derniers
1410 2415 1539 2447 annees
1558 2414 1606 2448 du

89 2470 217 2511 poete,
246 2463 337 2502 c'est
356 2470 375 2502 a
395 2470 471 2504 dire
490 2471 679 2516 long-tems
700 2476 805 2518 apres
826 2472 965 2517 l'e'pitre
988 2471 1028 2503 Su·
1045 2472 1129 2504 bene
1149 2476 1183 2504 te
1199 2470 1290 2504 novi.
1328 2471 1440 2504 Parce
1459 2469 1604 2515 qu'elles

90 2528 151 2557 ont
170 2527 288 2556 tontes
306 2523 396 2558 deux
414 2537 461 2559 un
478 2529 570 2571 sujet
592 2539 744 2563 commun
758 2554 767 2571 ,
787 2529 840 2562 les
865 2527 1126 2572 grammairiens
1151 2526 1203 2559 les
1224 2531 1286 2560 ont
1303 2525 1409 2560 mises
1428 2526 1473 2560 de
1492 2527 1603 2567 suite;

90 2580 134 2613 ils
153 2584 215 2612 ont
232 2580 338 2613 meme
363 2586 531 2616 renverse
549 2583 679 2619 l'ordre
707 2585 769 2617 des
798 2590 907 2626 tems,
939 2595 982 2616 en
1010 2582 1152 2626 placant
1177 2582 1211 2615 la
1238 2582 1410 2626 premiere
1437 2583 1526 2617 celle
1545 2583 1604 2629 qui

90 2639 147 2669 est
165 2635 209 2668 de
228 2635 408 2680 beaucoup
425 2639 646 2681 poste'rieure
666 2641 687 2673 a
710 2638 862 2673 Paua-0⁸⁴
877 2646 946 2672 etc.
998 2639 1085 2671 Cum
1115 2639 1307 2672 Sanadono
1331 2639 1480 2684 quodam
1500 2641 1615 2675 modo*

89 2691 223 2725 faciunt
239 2691 408 2725 Kirchner
421 2698 458 2724 et
479 2693 719 2738 Vah-henam,
742 2706 885 2740 quorum
902 2695 958 2727 hic
974 2694 1170 2738 Epistulam
1193 2693 1237 2727 ad
1256 2706 1289 2728 a.
1309 2692 1405 2737 734„
1424 2695 1485 2730 ille
1504 2697 1551 2731 ad
1567 2708 1600 2732 a.

89 2746 170 2782 735.
199 2749 322 2790 refert.
344 2747 515 2781 Similiter
532 2748 708 2784 Diintzer:
747 2751 852 2793 „wir
869 2750 1029 2783 mochten
1050 2750 1118 2783 den
1137 2749 1239 2783 Brief
1258 2762 1311 2784 am
1330 2751 1498 2787 Liebsten
1520 2755 1603 2799 spfit

92 2809 211 2838 setzen
221 2831 232 2847 ,
252 2805 339 2838 kurz
354 2814 419 2837 vor
435 2802 493 2836 die
510 2804 742 2850 Rerausgabe
756 2807 819 2839 des
834 2807 970 2839 Buches
981 2831 990 2848 ,
1011 2805 1099 2849 735,
1118 2805 1320 2842 sriihestens
1334 2806 1446 2844 734.“
1463 2810 1600 2845 Rursus

97 2858 219 2894 treber
238 2865 384 2905 propter
402 2859 515 2893 simile
537 2867 795 2905 argumentum,
824 2862 917 2907 quod
939 2862 1027 2895 lianc
1049 2871 1123 2896 cum
1148 2862 1220 2909 Ep.
1250 2865 1403 2900 secunda
1425 2877 1600 2901 commune

92 2914 223 2949 habere
243 2917 347 2959 dicit,
368 2921 550 2961 utramque
570 2928 660 2950 anno
675 2917 755 2953 731.
787 2925 963 2952 exaratam
987 2917 1164 2963 opinatur.
