1910 3138
242 221 325 263 482

821 218 1205 264 HORATII

1702 225 1783 267 134

309 339 421 384 Vina
447 338 539 383 fere
567 339 717 383 dulces
747 340 946 384 oluerunt
974 353 1099 384 mane
1131 338 1372 386 Camenae.
1755 341 1783 384 5

308 419 529 463 Laudibus
567 418 766 478 arguitur
800 420 884 462 vini
921 420 1097 463 vinosus
1131 419 1366 480 Homerus,

308 498 473 542 Ennius
503 499 596 558 ipse
625 500 750 558 pater
779 513 993 557 nunquam
1022 500 1102 542 nisi
1136 502 1262 558 potus
1296 499 1353 544 ad
1387 513 1510 544 arma

308 578 512 621 Prosiluit
548 577 745 621 dicenda.

806 578 1005 638 „Forum
1034 580 1265 637 putealque
1292 578 1468 624 Libonis

307 655 527 702 Mandabo
559 658 683 701 siccis
712 657 896 702 adimam
927 659 1106 702 cantare
1135 654 1367 701 severist“

306 736 405 780 Hoc
429 738 557 781 simul
582 736 719 797 edixi,
746 751 832 781 non
859 750 1091 781 cessavere
1119 739 1278 796 poetae

1728 737 1783 780 10

306 815 529 860 Nocturno
565 820 737 860 certare
773 830 918 875 mero,
954 817 1107 876 putere
1143 815 1312 861 diurno.

309 894 447 956 Quid,
480 897 517 939 si
548 897 638 954 quis
665 896 786 940 voltu
811 898 937 941 torvo
963 894 1082 939 ferus
1110 898 1153 939 et
1180 895 1292 956 pede
1321 896 1435 942 nudo

238 1059 274 1087 et
288 1060 329 1089 ut
347 1053 585 1099 „postquam“
606 1054 913 1100 interpretandum
933 1053 988 1089 di-

238 1111 300 1145 cit.
330 1110 422 1145 Mire
443 1111 676 1146 Praedicov.=
699 1117 737 1146 at
760 1113 853 1146 male
878 1123 988 1147 sanus

237 1168 430 1213 Adscripsit
449 1169 586 1212 Lib‘ro,
614 1169 766 1212 Satyris,
785 1169 988 1213 Fauno‘sque

234 1230 370 1270 poetas.
401 1225 491 1258 Vina
509 1230 578 1259 etc,
607 1226 699 1259 Post
717 1224 807 1259 hunc
836 1236 988 1269 versum,

237 1292 339 1326 quem
362 1282 510 1316 Servius
538 1282 581 1316 ad
604 1282 705 1326 Virg.
735 1281 862 1328 Eclog.
883 1283 917 1327 9,
942 1281 986 1317 25

236 1338 376 1382 laudat,
397 1338 580 1373 Marcilius
601 1339 684 1384 poni
701 1339 835 1374 mavult
852 1351 912 1375 W.
930 1341 986 1374 10.

239 1398 298 1430 11.
351 1397 425 1429 Hoc
457 1397 533 1430 sim.
573 1396 698 1441 edixit,
738 1408 814 1431 eum
852 1396 988 1431 refutat

237 1452 435 1497 BentlejuS.

295 1510 339 1543 V.
360 1509 394 1544 5.
429 1509 461 1543 V
459 1509 519 1543 im'.
539 1509 609 1543 ΜΒ.
630 1509 728 1544 Mon.
743 1509 770 1544 f.
787 1509 891 1544 Hunc
906 1521 987 1544 ver—

238 1578 312 1601 sum
331 1566 451 1600 laudat
475 1566 650 1601 Priscian.
672 1566 739 1601 IX.
769 1578 807 1612 p.
827 1566 909 1602 375.
931 1567 989 1601 ed.

238 1625 322 1658 Bas.
341 1621 435 1666 554„
459 1624 512 1657 uti
531 1635 566 1657 V.
582 1625 616 1658 6.
638 1624 698 1658 Jo.
719 1623 987 1660 Saresberiem.

239 1681 286 1714 N.
309 1681 394 1714 Cur.
418 1682 451 1722 8,
474 1683 528 1716 10.
551 1692 587 1725 p.
604 1677 685 1715 574.
715 1699 763 1706 —
792 1682 989 1716 Homerus?

240 1736 302 1770 Sic
322 1736 467 1781 disting.
487 1737 650 1771 Praedic.
676 1757 732 1763 -—
760 1738 805 1773 V.
819 1739 854 1773 7.
886 1743 989 1784 potus

238 1794 306 1827 ‘nisi
330 1793 400 1827 Ms.
429 1793 574 1829 Corbei.
608 1813 656 1819 —
689 1795 733 1829 V.
757 1796 792 1830 8.
822 1795 986 1830 Pratum.

239 1850 329 1884 Mss.
350 1850 473 1883 Lamb.
494 1851 577 1895 aliq.
594 1856 631 1884 et
652 1850 774 1896 Fabr„
793 1851 854 1897 qui
873 1850 990 1898 dupli-

239 1919 314 1941 cem
340 1907 528 1940 lectionem
553 1907 590 1940 in
619 1907 724 1941 simili
743 1907 822 1942 loco
847 1907 987 1952 Virgilii

238 1962 457 1998 Priscianum
473 1965 682 1997 observasse
699 1963 799 1998 dicit.
818 1984 865 1989 —
890 1976 985 2009 pros.

239 2021 413 2056 dicenda?
441 2020 503 2055 Sic
517 2020 603 2055 dist.
618 2018 782 2055 Praedic.
796 2040 853 2046 —
868 2021 987 2056 Verba

239 2078 373 2112 Forum
392 2095 447 2102 —-
467 2077 602 2112 Severis
627 2076 682 2111 lit.
707 2078 852 2122 maJusc.
876 2077 983 2112 scrib.

240 2135 322 2170 edd.
343 2134 423 2169 Val.
444 2139 482 2169 et
499 2134 714 2179 Campenon.
731 2153 781 2161 -
797 2134 842 2167 V.
856 2134 892 2168 9.
912 2146 986 2168 cer-

238 2197 318 2226 tare
332 2203 401 2226 sev.
420 2191 516 2227 Mon.
532 2203 565 2226 c.
583 2197 748 2235 cantare,
762 2202 902 2226 severus
910 2191 986 2226 Ηοο

239 2249 311 2284 sim.
342 2248 445 2286 edixi.
489 2248 560 2284 Ed.
591 2247 753 2283 Praedic.
778 2266 835 2273 -—
860 2247 902 2282 V.
927 2249 985 2283 10.

239 2306 336 2340 llaec
354 2306 469 2340 simul.
510 2306 607 2340 Mon.
628 2317 661 2340 e.
685 2323 734 2331 ——
757 2303 862 2340 edi-'m‘-
896 2304 984 2340 Mes.

239 2362 360 2396 Lamb-
372 2363 405 2405 8,
422 2373 480 2397 un.
497 2374 517 2396 a
534 2364 567 2398 2.
584 2374 629 2398 m.
647 2361 859 2397 Bersm-duo
875 2361 984 2396 Torr.

240 2430 297 2452 un.
321 2417 588 2466 (Laurentian.)
605 2419 722 2454 Bentl.
738 2420 773 2455 6.
794 2417 874 2452 Val.
893 2423 986 2464 sept.

241 2475 365 2509 Comb.
385 2476 426 2510 B.
450 2476 535 2511 Bos.
562 2486 619 2510 un.
641 2477 685 2520 (i.
705 2488 738 2512 e.
753 2475 930 2521 Franeq.)
950 2487 985 2521 p.

240 2533 295 2566 69.
325 2533 417 2567 Βοᾱ.
442 2537 559 2577 tacet,
581 2533 647 2567 Fe.
668 2535 702 2576 2,
721 2545 755 2567 8.
781 2533 870 2576 (81.
890 2532 938 2576 111)
954 2545 987 2567 c.

241 2590 279 2626 (a
300 2591 331 2623 1.
351 2590 416 2632 m.)
434 2591 468 2633 6,
493 2602 526 2625 8.
544 2590 584 2633 (a
600 2592 634 2626 1.
651 2589 714 2633 m.)
735 2590 832 2624 Pott.
848 2591 882 2625 2.
901 2589 936 2625 3.
952 2591 986 2626 6.

242 2645 360 2682 Schol.
385 2647 566 2692 Porphyr.
598 2658 659 2692 ap.
685 2646 847 2681 Hoched.
871 2647 985 2681 Orell.

242 2701 336 2736 SEc.
355 2709 391 2737 et
406 2715 462 2747 pr.
478 2704 512 2738 b.
534 2703 619 2747 (sed
635 2708 733 2738 errat
751 2702 786 2736 in
802 2715 833 2738 c.
852 2707 889 2738 et
903 2704 984 2747 E.);

242 2768 260 2789 e
285 2758 414 2792 nostris
440 2760 560 2795 Guelf.
579 2761 614 2795 3.
645 2761 748 2794 Dess.
769 2761 804 2795 1.
829 2760 931 2806 Lips.
953 2762 985 2795 1.

242 2814 282 2852 (a
295 2816 325 2847 1.
339 2815 399 2857 m.)
414 2817 524 2850 Goth.
542 2816 623 2860 (sed
635 2828 814 2862 suprascr.
826 2818 870 2861 t.)
887 2817 984 2851 Mon.

242 2869 276 2901 b.
293 2870 373 2910 (sed
390 2877 403 2905 t
422 2873 561 2907 addidit
575 2885 698 2908 recens
713 2874 862 2918 manus).
885 2874 985 2908 Hanc

242 2926 450 2970 scripturam
469 2930 700 2974 comprobant
718 2929 843 2966 Lamb.
875 2931 983 2965 Torr.

1034 1051 1141 1088 Talb.
1159 1054 1262 1088 Cost.
1279 1054 1372 1100 apud
1389 1055 1534 1090 Tartar.
1554 1067 1591 1101 p.
1607 1050 1703 1098 344„
1723 1065 1780 1088 re-

1033 1110 1151 1144 stituit
1170 1111 1300 1155 Bentl„
1321 1123 1425 1158 quem
1444 1118 1639 1159 sequuntur
1657 1111 1779 1158 paucis

1033 1168 1195 1214 exceptis
1232 1169 1453 1204 recentiores
1485 1169 1665 1210 editui-033
1707 1169 1780 1205 def.

1032 1224 1151 1258 Bentl.
1182 1225 1313 1260 Sanad.
1341 1226 1408 1260 Fe.
1435 1226 1554 1261 Scbm.
1580 1225 1781 1260 Weichert.

1031 1280 1165 1325 (Lectt.
1183 1282 1313 1316 Venus.
1330 1294 1366 1328 p.
1382 1283 1461 1326 88.)
1476 1282 1557 1325 alii,
1571 1283 1689 1317 edixti.
1709 1282 1780 1317 Ms-

1031 1338 1097 1373 Fe.
1112 1339 1148 1380 6,
1171 1349 1204 1372 8.
1233 1350 1254 1373 8
1273 1341 1307 1377 2.
1327 1350 1372 1374 111.
1409 1340 1473 1374 Sic
1493 1341 1599 1374 etiam
1625 1339 1779 1385 conjecit

1031 1395 1076 1429 D.
1101 1394 1291 1440 Heinsius,
1314 1397 1451 1442 recepit
1477 1396 1642 1442 Sivryus.
1661 1395 1780 1432 edixit.

1031 1452 1123 1487 Mss.
1144 1458 1182 1486 et
1201 1453 1283 1486 edd.
1307 1453 1404 1498 vulg.
1427 1453 1532 1488 etiam
1561 1454 1651 1492 Dae.
1671 1454 1778 1488 Baxt.

1032 1508 1111 1555 (qui
1139 1509 1212 1543 def.
1239 1509 1462 1556 improbante
1483 1510 1668 1553 Gesnero)
1697 1510 1780 1544 Jon.

1033 1567 1153 1600 Wetz.
1194 1567 1274 1611 (qui
1302 1567 1393 1611 def.)
1427 1568 1540 1602 Zeun.
1580 1566 1658 1613 (qui
1689 1566 1780 1611 def.)

1030 1623 1154 1658 Jaeck.
1185 1623 1380 1672 Charpent.
1411 1624 1491 1667 (sed
1514 1625 1552 1660 in
1579 1635 1660 1660 ann.
1688 1623 1784 1660 edixi

1032 1680 1105 1726 legi
1132 1680 1276 1726 jubet),
1311 1682 1489 1728 approbat
1522 1680 1690 1717 Rosellus
1719 1691 1780 1725 ap.

1031 1736 1180 1782 Dorigh.
1210 1755 1260 1764 -—
1291 1749 1356 1773 neo
1379 1750 1508 1773 ceswv-
1541 1738 1613 1773 Ms.
1636 1737 1736 1772 Mon.
1757 1736 1781 1772 l.

1032 1795 1128 1830 Edd.
1149 1795 1237 1831 Ven.
1256 1793 1339 1835 479.
1356 1796 1414 1832 81.
1429 1796 1488 1832 83.
1502 1796 1562 1831 86.
1581 1794 1682 1830 Flor.
1696 1790 1780 1829 482.

1033 1851 1143 1887 Loch.
1172 1848 1256 1887 498.
1284 1851 1385 1897 Lips.
1413 1849 1496 1888 492.
1521 1852 1580 1888 98.
1609 1852 1668 1887 99.
1694 1849 1779 1886 502.

1031 1908 1140 1954 Cruq.
1153 1908 1233 1952 (sed
1244 1908 1279 1942 in
1291 1907 1539 1943 commentario
1548 1908 1683 1954 legitur
1691 1906 1782 1950 non)

1031 1965 1199 1998 Ceterum
1214 1964 1270 1998 hic
1286 1976 1320 1998 v.
1336 1964 1370 1999 in
1388 1976 1448 2000 ms.
1468 1965 1569 2012 Lips.
1589 1968 1625 2002 2.
1646 1969 1731 2011 post
1743 1974 1779 1998 v.

1029 2023 1086 2057 11.
1108 2020 1244 2066 positus
1262 2026 1333 2056 est.

1086 2078 1130 2113 V.
1157 2080 1214 2113 11.
1240 2089 1391 2114 coenare
1418 2090 1526 2114 mero.
1566 2079 1634 2115 ΜΒ»
1659 2078 1719 2114 rk.
1740 2073 1778 2112 4.

1029 2135 1190 2180 [cantare
1203 2134 1240 2179 5]
1260 2153 1307 2160 ·-
1328 2140 1468 2180 potare.
1497 2135 1566 2170 Fe.
1586 2138 1620 2180 1,
1640 2147 1676 2181 q.
1690 2135 1727 2177 6,
1745 2144 1778 2167 c·

1032 2191 1101 2224 Ed.
1128 2191 1215 2226 Ven.
1234 2190 1315 2227 650.
1341 2196 1436 2227 teste
1456 2192 1544 2228 Fen.
1567 2197 1678 2228 utero.
1707 2189 1780 2225 Ms.

1032 2246 1143 2282 Goth.
1170 2266 1228 2274 --·
1254 2247 1430 2284 Nocturm'
1456 2266 1502 2274 —-
1538 2247 1668 2283 ἀίειν-πί.
1705 2246 1780 2283 Ed.

1030 2303 1196 2340 Praedic.
1233 2304 1288 2339 De
1319 2304 1489 2340 versiculi
1509 2315 1597 2339 sono
1623 2302 1780 2339 Orellius

1031 2365 1212 2406 comparat
1236 2362 1268 2403 2,
1291 2362 1347 2397 12.
1369 2367 1407 2395 et
1425 2361 1469 2396 A.
1486 2361 1528 2395 P.
1549 2361 1634 2396 268.-
1659 2360 1780 2402 Verba

1030 2422 1147 2454 autem
1161 2418 1217 2455 ,10.
1233 2417 1418 2454 Saresber.
1433 2418 1469 2453 in
1481 2417 1626 2462 Proleg.
1646 2417 1685 2453 in
1698 2417 1780 2453 Me-

1031 2475 1143 2521 talog.
1170 2486 1208 2520 p.
1231 2474 1312 2510 733.
1337 2475 1459 2511 laudat
1476 2475 1548 2510 sic:
1581 2474 1630 2511 N.
1656 2479 1781 2521 putero

1033 2545 1099 2577 m.,
1118 2537 1242 2577 putere
1266 2531 1406 2567 diurno.
1438 2551 1488 2558 -
1523 2532 1567 2567 V.
1588 2533 1645 2569 12.
1678 2531 1781 2575 Quod

1031 2589 1071 2624 εἰ.
1091 2588 1160 2624 Ms.
1180 2588 1315 2625 Bersm.
1338 2600 1393 2623 un.
1415 2588 1479 2623 Fe.
1495 2587 1529 2632 5,
1549 2600 1582 2623 8.
1602 2589 1644 2634 (ι
1662 2589 1696 2624 2.
1710 2586 1779 2631 m.)

1032 2647 1067 2690 6,
1081 2657 1114 2680 8.
1130 2646 1235 2680 Desa.
1249 2647 1283 2681 1.
1300 2646 1398 2681 Mon.
1409 2646 1477 2691 fig.
1497 2646 1612 2690 Quid?
1623 2645 1664 2680 εἰ.
1681 2643 1777 2678 Edd-

1031 2702 1151 2738 Bentl.
1172 2702 1270 2738 Pott.
1300 2702 1364 2739 Fe.
1389 2704 1436 2739 al.
1474 2703 1584 2746 Quid,
1608 2702 1650 2737 εἰ.
1680 2699 1777 2734 Edd.

1030 2759 1133 2794 Jahn.
1148 2759 1267 2795 Schm.
1283 2759 1395 2796 Orell.
1416 2759 1483 2801 al.;
1502 2763 1620 2800 recte,
1641 2755 1716 2793 vid.
1730 2755 1776 2791 ad

1033 2818 1089 2860 16,
1115 2818 1149 2852 8.
1179 2835 1227 2843 —-
1263 2822 1361 2851 torvo
1388 2818 1500 2852 vultu.
1537 2814 1634 2849 Mon.
1661 2824 1693 2846 e.
1719 2831 1777 2838 —-

1032 2885 1073 2908 ac
1083 2875 1181 2919 pede.
1199 2873 1292 2908 Edd.
1310 2874 1400 2910 Cun.
1415 2874 1499 2908 San.
1516 2870 1630 2904 Merv.
1645 2869 1775 2904 Franz.

1029 2930 1138 2965 Bask.
1161 2930 1257 2964 Sivr.
