1910 3138
321 180 405 224 224
461 184 744 224 COMMENT.
763 183 821 222 IN
839 183 966 224 HoR.
984 183 1085 224 LIB.
1100 185 1129 224 1.
1155 184 1535 233 EPIST.‘QUART.
1553 186 1727 228 DECIM.
1784 187 1840 232 64

323 310 434 349 animi
469 309 709 348 affectionem
743 307 817 346 rite
852 309 1141 349 describendam
1165 311 1323 350 notione
1356 311 1518 362 quadam
1554 313 1604 350 ad
1638 317 1842 366 utrumque

323 378 512 417 hominum
539 390 661 427 genus
685 379 827 415 sortem
855 377 1008 416 alterius
1027 379 1321 430 praedicantium
1340 380 1462 418 relata
1492 377 1552 432 (ut
1572 392 1607 419 ν.
1633 381 1718 432 12.)
1748 394 1844 433 opus

325 459 412 485 esse
449 445 610 484 videtur.
671 443 917 497 Quapropter
950 446 1083 486 lubens
1119 447 1260 486 accedo
1303 447 1353 486 ad
1389 446 1696 499 Dillenburgeri
1729 452 1768 486 et
1805 449 1843 487 in

324 514 459 564 Progr.
498 512 614 552 schol.
654 510 846 563 (Aachen,
887 511 1008 556 1841.
1044 528 1082 566 p.
1114 514 1196 566 15.)
1233 519 1272 553 et
1307 516 1356 554 ad
1386 515 1421 554 h.
1450 516 1500 566 l.‚
1542 516 1595 554 L.
1629 529 1712 554 van
1746 517 1848 554 Iani

326 581 549 632 (,‚Miinchn.
575 579 743 630 gelehrte
771 581 996 631 Anzeigen“
1029 581 1150 624 1840.
1179 580 1232 622 N.
1258 584 1328 625 30.
1359 598 1402 636 p.
1433 583 1547 634 285.)
1579 588 1619 623 et
1654 585 1850 623 Wntzeri

325 649 559 700 Adjectivum
588 648 1014 705 duobusxSubstantivis
1037 651 1274 701 iungentium
1299 652 1533 690 commodam
1559 651 1669 703 hujus
1689 653 1764 691 loci
1791 653 1847 691 in-

326 716 648 768 terpretationem.
663 712 703 769 ¹⁸¹)
744 717 910 755 Mediam
939 719 1045 770 quasi
1075 718 1172 756 viam
1208 718 1295 757 olim
1322 718 1442 757 tenuit
1474 718 1696 767 Gesnerus,
1733 734 1848 772 quum

321 785 488 836 pigrum
516 797 661 835 „quem
683 786 814 836 pigeat
837 785 977 824 laboris
1006 785 1094 823 sui“
1122 785 1288 835 diceret,
1315 786 1442 836 itaque
1463 785 1555 824 nihil
1576 787 1741 838 referre,
1770 788 1849 826 sive

327 855 377 893 ad
403 853 561 903 bovem,
600 853 681 891 sive
708 853 758 891 ad
785 866 923 903 equum
950 853 1125 892 referres.
1177 854 1413 892 Sententiam
1439 853 1629 894 illustrant
1657 854 1847 894 Plutarch.

329 923 377 961 de
403 921 551 972 Tranq.
577 933 639 958 an.
667 919 751 961 Vll.
779 934 817 972 p.
843 919 939 962 846.
961 921 1010 963 R.
1041 917 1142 963 ὅθεν
1171 919 1221 963 οὖ
1251 917 1384 962 πάντα
1405 917 1567 962 πάντων
1593 921 1723 971 ἐστίν,
1749 918 1849 963 ἄλλά

330 991 394 1032 δεῖ
407 992 462 1046 τῷ
485 990 660 1044 Πυθικῷ
678 982 878 1041 γράμματι
898 985 1168 1041 πειθόμενον,
1201 987 1324 1030 αὑτόν
1343 993 1592 1042 καταμαθεῖν
1604 1003 1614 1014 ·
1649 987 1732 1032 εἶτα
1749 993 1851 1045 χρῆ-

331 1063 431 1100 σθαι
457 1054 558 1112 πρὸς
591 1055 656 1106 ἕν,
697 1052 721 1097 ὅ
749 1055 925 1108 πέφυκε,
967 1056 1036 1097 καὶ
1065 1054 1120 1110 μή
1146 1054 1248 1111 πρός
1277 1054 1399 1098 ἄλλον
1425 1053 1563 1099 ἄλλοτε
1600 1058 1693 1110 βίον
1731 1059 1850 1111 ζῆλον

332 1126 458 1168 ἕλκειν
475 1123 544 1166 καὶ
562 1121 881 1177 παραβιάζεσθαι
899 1121 974 1176 τήν
1002 1120 1140 1174 φύσιν.
1181 1121 1246 1165 Ἐν
1275 1122 1447 1179 ἅρμασιν
1474 1126 1621 1174 ἵππος,
1653 1125 1698 1167 ἐν
1716 1122 1850 1181 δ’ἅρᾶ·

331 1211 410 1252 τρῳ
434 1195 534 1247 βοῦς
551 1197 624 1232 etc.
654 1196 694 1231 et
720 1192 871 1232 Maxim.
899 1192 994 1242 Tyr.
1020 1194 1060 1242 2,
1089 1193 1128 1234 3.
1160 1191 1216 1244 (Ρ.
1240 1190 1280 1233 4.
1309 1193 1368 1232 ed.
1397 1190 1547 1247 Diibn.)
1583 1192 1709 1247 Φέρε,
1736 1194 1777 1236 εἷ’
1795 1210 1854 1243 τις

331 1263 540 1316 ἐπεχείρει,
575 1256 644 1301 τὸν
676 1260 779 1313 βοῦν
813 1255 1020 1307 ὑπολύσας
1050 1263 1130 1300 τῶν
1160 1256 1360 1313 ἀρότρων,
1399 1259 1468 1301 καὶ
1501 1258 1573 1302 τὸν
1608 1261 1737 1303 ἵππον
1771 1265 1854 1304 τῶν

333 1326 543 1385 ἁρμάτων,
582 1324 814 1378 ’ὑπαλλάξας
850 1326 1039 1381 ἑκατέρου
1067 1325 1141 1380 τήν
1173 1326 1380 1380 ἐργασίαν,
1417 1327 1637 1384 ’ὑπαγαγεῖν
1672 1327 1744 1371 τόν
1780 1329 1855 1384 μὲν

333 1402 436 1455 βοῦν
463 1399 520 1453 τῷ
547 1392 708 1450 ἅρματι,
733 1394 801 1438 τὸν
830 1394 874 1438 δὲ
898 1396 1025 1438 ἵππον
1045 1398 1103 1452 τῷ
1118 1391 1290 1452 ἀρότρῳ·
1319 1391 1382 1451 ἆρ’
1405 1392 1482 1438 οὐκ
1506 1394 1559 1438 ἄν
1584 1391 1640 1450 ἦν
1662 1395 1764 1452 πρός
1781 1398 1856 1452 μὲν

333 1465 407 1521 τήν
435 1462 561 1518 φύσιν
583 1463 822 1518 παράνομος
846 1469 918 1504 ete.
1779 1501 1782 1505 ¹

445 1535 492 1574 V.
520 1532 590 1576 44.
635 1534 767 1584 Quam
794 1534 869 1571 scit
891 1539 1053 1585 uterque
1079 1554 1134 1561 -—
1162 1539 1300 1574 artem.
1344 1526 1590 1573 Proverbium
1617 1531 1665 1572 ab
1693 1533 1857 1584 antiquis

335 1601 586 1655 scriptoribus
613 1601 834 1640 multimodo
863 1600 1059 1642 variatum.
1103 1599 1260 1640 Fundus
1288 1605 1346 1639 est
1373 1601 1649 1653 Aristophanes
1676 1601 1715 1639 in
1741 1601 1857 1654 vesp.

339 1671 459 1714 1431.
496 1666 639 1724 ’Έρδοι
667 1684 727 1717 τις
755 1665 808 1720 ἣν
838 1667 1000 1718 ἕκαστος
1029 1668 1152 1721 εἰδείη
1179 1668 1343 1722 τέχνην,
1372 1682 1396 1708 a
1419 1683 1494 1721 quo
1516 1682 1595 1708 non
1614 1669 1769 1708 multum
1790 1670 1860 1709 ab·

335 1739 492 1777 horrent
515 1737 628 1776 Pind.
657 1737 771 1778 Nem.
804 1738 852 1786 1,
881 1736 949 1779 25.
989 1735 1094 1787 (ibiq.
1122 1735 1227 1780 Dlss.
1257 1751 1299 1789 Ρ.
1325 1736 1441 1788 362),
1473 1736 1641 1788 Euripid.
1672 1750 1732 1790 ap.
1759 1737 1858 1777 Plat-

336 1809 375 1846 in
406 1808 528 1857 Gorg.
555 1805 625 1847 40.
662 1803 717 1855 (p.
748 1802 830 1844 140
859 1803 1013 1856 Stallb.)
1051 1804 1136 1843 coll.
1173 1805 1220 1843 A.
1264 1804 1363 1843 Gell.
1395 1804 1469 1854 10,
1499 1805 1566 1847 22.
1601 1809 1640 1844 et
1676 1805 1774 1845 Plat.
1811 1808 1861 1846 de

336 1874 503 1927 Republ.
531 1872 579 1923 4,
611 1873 677 1913 10.
720 1871 865 1911 Locum
900 1873 1005 1910 illum
1040 1873 1194 1923 repetiit
1231 1872 1469 1912 Stratonicus
1505 1885 1568 1925 ap.
1605 1872 1791 1912 Athenae.
1818 1875 1863 1925 8,

345 1943 407 1984 10.
435 1956 473 1994 p.
500 1941 598 1982 351.
646 1938 732 1977 Cas.
763 1938 820 1990 (p.
851 1940 946 1980 295.
975 1939 1188 1992 Schwgh.),
1227 1943 1496 1993 expresserunt
1518 1940 1613 1980 Plat.
1641 1941 1766 1994 Epist.
1795 1943 1861 1986 10,

339 2026 378 2063 Ρ.
408 2010 534 2052 1299.
561 2007 609 2045 D.
640 2004 829 2046 Phalarid.
858 2007 981 2058 Epist.
1012 2009 1079 2048 86.
1111 2022 1150 2059 Ρ.
1176 2009 1271 2050 269.
1305 2008 1491 2060 (Schaef.)
1519 2008 1696 2048 Antonin.
1725 2008 1767 2061 4,
1793 2011 1863 2060 31,

340 2078 431 2129 ibiq.
459 2075 599 2114 Gatak.
627 2087 666 2126 Ρ.
693 2075 788 2115 118.
817 2078 855 2112 et
883 2074 923 2111 in
951 2073 1053 2113 Diss.
1079 2076 1126 2113 de
1151 2076 1253 2115 Nov.
1280 2076 1456 2117 Instrum.
1483 2076 1579 2126 Styl.
1609 2077 1675 2118 25.
1702 2092 1742 2130 p.
1766 2077 1862 2120 129.

343 2144 426 2186 coll.
457 2145 622 2195 interpp.
656 2142 706 2179 ad
734 2140 840 2179 Paul.
872 2141 996 2192 Epist.
1023 2143 1073 2181 ad
1101 2142 1271 2182 Corinth.
1304 2145 1351 2192 1,
1382 2144 1431 2193 7,
1461 2144 1589 2186 20-
1607 2142 1701 2195 24.‚
1730 2145 1862 2184 imitati

343 2202 433 2253 sunt
449 2210 600 2260 Latini,
624 2212 665 2248 ut
687 2209 767 2248 Cic.
794 2207 913 2250 Tusc.
941 2210 979 2258 1,
1008 2210 1075 2260 18,
1096 2208 1164 2251 41.
1185 2209 1279 2247 bene
1297 2211 1401 2248 enim
1417 2210 1488 2248 illo
1501 2212 1711 2262 proverbio
1737 2213 1864 2251 Grae-

345 2295 480 2321 corum·
499 2278 766 2332 praecipitur.-
802 2277 934 2328 Quam
953 2278 1120 2329 quisque
1142 2279 1252 2316 novit
1272 2285 1424 2325 artem,
1452 2280 1496 2316 in
1515 2278 1595 2317 hac
1615 2293 1655 2318 se
1678 2283 1863 2320 exerceat.

461 2430 495 2478 *)
515 2432 690 2468 Mendosa
707 2432 790 2466 sunt
808 2441 898 2476 quae
918 2429 962 2464 de
982 2427 1148 2475 ephippiis
1165 2429 1275 2464 habet
1287 2428 1381 2464 Acro
1401 2441 1460 2475 ap.
1480 2429 1657 2465 Braunh.=
1677 2423 1766 2476 „inii
1784 2441 1865 2476 seg-

347 2494 464 2526 menta
474 2517 484 2535 ,
499 2488 657 2524 nonnulli
670 2499 712 2522 ea
726 2499 792 2534 per
801 2488 921 2533 jugum
937 2485 1035 2532 equis
1045 2511 1055 2530 ‚
1071 2486 1231 2520 curribus
1244 2486 1522 2532 imponuntur;“
1540 2487 1674 2522 rectius
1688 2499 1746 2534 ap.
1762 2487 1866 2522 Lam-

349 2547 468 2583 binum
481 2545 548 2581 nisi
563 2546 667 2581 fallor
683 2557 728 2580 ex
742 2545 830 2580 edit.
846 2545 930 2580 Bas.
946 2542 1053 2578 1527:
1073 2542 1161 2592 „alii
1181 2547 1355 2588 sagmata,
1376 2543 1402 2578 i.
1418 2556 1450 2578 e.
1470 2556 1597 2588 onera,
1617 2544 1680 2579 alii
1695 2555 1755 2589 ea,
1777 2555 1866 2591 quae

349 2616 464 2651 prope
474 2605 598 2649 jugum
613 2603 713 2649 equis
723 2602 904 2637 curulibus
917 2600 1180 2647 imponuntur.“
1199 2601 1374 2647 Ephippia
1386 2601 1572 2636 secundum
1585 2601 1724 2636 Placidi
1737 2600 1865 2647 gloss.=

352 2672 546 2707 „equorum
563 2661 683 2701 frena3
695 2660 719 2678 ·‘
744 2659 877 2694 rectius
896 2657 1035 2693 Nonius
1054 2657 1106 2702 (2,
1122 2656 1245 2700 312.):
1269 2657 1448 2702 „tegimen
1469 2659 1551 2704 equi
1569 2658 1615 2692 ad
1634 2658 1771 2692 mollem
1784 2667 1869 2690 vec-

352 2722 467 2752 turam
480 2716 681 2762 paratum.“
707 2715 897 2750 Erasmus.-
916 2713 1109 2761 „ephippia
1120 2718 1309 2759 vocantur,
1332 2726 1418 2761 quas
1437 2715 1543 2761 vulgo
1559 2714 1665 2749 sellas
1681 2715 1865 2759 equestres

356 2774 556 2818 appellant,
583 2773 724 2808 additas
744 2773 782 2807 in
800 2773 868 2806 hoc
881 2798 890 2816 ,
918 2775 959 2806 ut
979 2770 1187 2806 commodius
1204 2771 1329 2806 sedeat
1351 2783 1472 2818 eques.
1484 2773 1507 2791 “
1541 2770 1639 2804 Voss.-
1666 2768 1866 2813 „Reitzeug

355 2828 517 2863 wiinscht
535 2830 692 2875 unlustig
709 2830 774 2864 der
793 2829 909 2873 Stier,
933 2828 1004 2862 und
1022 2839 1066 2862 zu
1083 2827 1229 2874 pfliigen
1248 2828 1312 2863 der
1325 2827 1524 2874 Klepper.“
1553 2826 1765 2869 Campenon:
1783 2824 1864 2868 „Le

355 2884 468 2919 boens
481 2897 673 2931 paresseux
692 2882 866 2921 voudrait*
878 2888 1002 2932 porter
1020 2886 1055 2920 la
1073 2884 1179 2927 selle3
1200 2884 1230 2918 le
1251 2885 1395 2929 cheval,
1415 2884 1504 2918 tirer
1525 2881 1560 2916 la
1577 2880 1766 2915 charrue.“
