1910 3138
65 191 135 235 ss
178 187 456 233 comt
474 188 533 228 IN
551 187 678 230 HOR.
696 187 800 227 LlB.
816 187 844 225 Ι.
884 186 1049 227 EPIST.
1066 185 1475 229 nuonnvlcRsm
1519 181 1604 227 447

74 301 174 342 mre
198 301 330 346 Schol.
358 299 499 352 Crnq.:
546 327 575 351 „
583 301 765 346 Quamvis
793 301 944 351 sapiens
972 302 1026 338 sis
1058 304 1098 339 et
1129 300 1254 338 omnia
1277 299 1475 338 moderate
1502 298 1605 349 sapi-

75 375 258 421 enterque
292 369 432 419 facim,
470 372 596 407 tamen
624 369 824 419 aliquoties
851 367 960 405 ludus
994 369 1150 418 propius
1187 365 1417 404 simulandae
1443 370 1527 416 est,
1562 369 1606 403 ut

75 437 196 477 amico
222 436 405 486 satisfiat,
434 449 484 475 ne
512 437 595 474 sine
625 436 863 474 excusatione
890 428 1038 473 absis.“
1079 433 1247 471 Similem
1275 445 1442 472 errorem
1468 425 1605 472 err'avit

76 503 251 545 Bestius
271 503 324 543 ad
348 503 485 543 Feam:
524 503 734 554 „Quamvis
761 502 913 554 sapiens
945 515 1031 541 esse
1058 501 1175 550 velis,
1205 505 1331 540 tamen
1356 501 1512 552 nugaris
1537 513 1606 542 seu

76 573 175 611 hidis
210 585 476 622 nonnunquam
505 573 544 610 in
571 571 659 609 villa
696 571 881 622 paterna“
906 574 978 607 etc.
1032 568 1157 607 Dictio
1184 573 1310 607 antem
1336 573 1441 607 extra
1466 582 1607 607 numo-

76 652 170 678 rwn
200 639 440 691 modumque
465 636 591 690 (παρὰ
617 636 688 679 τόν
715 635 877 690 ῥυθμόν
903 637 972 678 καὶ
996 634 1105 689 παρᾶ
1129 635 1263 688 μέλος)
1293 635 1353 674 vel
1380 648 1403 674 a
1428 636 1608 688 sympho-

76 707 174 757 niis,
205 706 265 745 vel
290 719 315 744 a
342 707 627 758 saltationibus,
665 705 724 744 vel
760 706 874 744 etiam
907 717 930 742 a
961 705 1151 757 palaestra
1185 704 1310 755 petita
1343 708 1427 752 est,
1461 705 1502 742 in
1533 717 1608 756 qna

77 773 115 816 h.
137 773 162 814 l.
189 774 253 812 alii
281 774 471 812 notionem
499 775 647 823 decori,
684 773 746 811 alii
773 773 876 811 modi
904 785 1203 823 mensuraeque,
1241 771 1303 809 alii
1331 771 1514 822 temporis
1537 784 1608 823 op-

77 842 252 893 portuni,
291 855 370 880 non
396 841 507 880 alieni
532 841 674 881 vident.
724 841 948 890 Quanquam
977 853 1027 880 ea
1056 841 1227 878 diversae
1253 851 1379 877 rerum
1404 839 1608 880 conditioni

79 914 170 960 apte
196 909 522 959 accommodatur,
561 912 687 946 tamen
724 908 862 947 dubito⁴
894 909 944 946 de
985 906 1128 946 orella·
1162 906 1430 958 explicatione:
1468 934 1496 956 „
1506 907 1608 958 quia,

79 981 122 1014 ut
154 977 359 1027 ingenimm
386 976 518 1026 decet,
551 975 591 1013 in
617 975 691 1013 hoc
730 989 882 1026 quoque
914 976 1025 1026 ludo,
1059 975 1374 1027 quemadmodum
1408 975 1545 1013 ceteris
1570 976 1610 1013 in

79 1042 215 1094 rebus,
251 1044 406 1082 modum
441 1045 620 1082 servas-‘⁶
661 1042 780 1081 Immo
812 1044 928 1082 Poeta
962 1044 1012 1082 ad
1050 1043 1303 1082 excusandum
1338 1040 1430 1079 illud
1459 1043 1612 1093 nugari

79 1111 190 1163 eique
225 1110 334 1160 quasi
369 1111 618 1162 praefandum
653 1109 753 1159 (Sat.
786 1113 827 1159 2,
859 1111 996 1160 1s73.
1031 1111 1154 1162 Epist.
1182 1112 1221 1160 2,
1250 1111 1288 1158 1,
1319 1108 1406 1159 93.)
1443 1109 1608 1148 Lollium

79 1178 172 1218 nihil
209 1182 376 1228 temere,
411 1179 611 1228 indecore,
646 1179 867 1229 insipienter
900 1179 1025 1216 facere
1062 1179 1164 1219 dicit.
1222 1176 1409 1216 Dictionis
1439 1177 1610 1228 exempla

81 1245 327 1298 suppeditant
349 1244 487 1285 Lamb.
515 1251 555 1284 et
583 1246 749 1284 Schmid.
777 1247 827 1284 ad
853 1246 892 1284 h.
922 1246 946 1287 l.
974 1247 1138 1297 interpp.
1164 1246 1214 1284 ad
1238 1246 1320 1283 Cic.
1348 1246 1459 1284 Brut.
1477 1248 1516 1293 8,
1536 1247 1607 1294 32,

79 1314 212 1353 Burm.
239 1315 288 1352 ad
314 1314 432 1365 Prop.
463 1315 504 1363 2,
528 1313 570 1363 2,
599 1315 667 1355 27.
697 1313 730 1351 F
733 1313 853 1363 orbig.
880 1314 930 1351 ad
959 1313 1063 1365 Virg.
1093 1314 1173 1352 Ecl.
1200 1315 1240 1363 6,
1272 1315 1338 1356 27.
1366 1314 1436 1366 (ib.
1465 1315 1607 1367 Sena).

79 1382 131 1420 0.
154 1382 265 1421 Jahn.
291 1383 344 1421 ad
370 1381 477 1420 Pers.
499 1382 541 1430 5,
568 1381 663 1423 123.
691 1380 835 1422 Gernh.
863 1381 913 1418 ad
938 1381 1019 1420 Cic.
1049 1381 1186 1420 Parad.
1213 1381 1253 1429 3,
1285 1383 1325 1430 2,
1356 1383 1423 1423 26.
1458 1382 1532 1420 Ell.
1556 1383 1607 1420 ad

81 1449 167 1488 Cic.
192 1449 242 1488 de
269 1449 339 1492 Or.
367 1449 411 1498 3,
437 1450 504 1495 22,
533 1448 601 1488 83.
631 1447 805 1486 Frotsch.
830 1449 879 1486 ad
908 1448 1062 1493 Quintil.
1091 1449 1182 1486 Inst.
1212 1448 1279 1497 10,
1308 1451 1347 1498 1,
1377 1450 1418 1490 4.
1445 1450 1606 1502 Rupert.

0 1515 17 1541 l*
80 1517 132 1555 ad
154 1516 251 1557 Tac.
277 1516 377 1557 Ann.
409 1514 476 1564 14,
507 1515 575 1563 15,
602 1516 638 1555 1.

12 1722 14 1727 ,
81 1687 216 1734 inquit,
238 1687 455 1733 „simplicior
468 1686 644 1722 sententia
658 1691 715 1722 ωε
724 1714 735 1733 ,
755 1691 796 1722 ut
809 1688 956 1723 Lollium
970 1698 1204 1734 perseverare
1220 1688 1325 1722 etiam
1339 1694 1490 1734 moneat,
1505 1700 1609 1735 quum

84 1755 176 1791 opus
194 1750 270 1788 est,
286 1744 326 1781 ¹in
340 1744 528 1778 venatione
543 1744 692 1790 aliisque
708 1745 1039 1779 exercitationibus:
1060 1744 1224 1788 maxime,
1243 1743 1358 1790 inquit
1369 1772 1379 1789 ‚
1400 1757 1503 1792 quum
1517 1758 1609 1781 nunc

81 1812 242 1848 qnoque,
282 1801 442 1848 quamvis
466 1800 551 1835 nihil
575 1801 776 1836 inordinate
803 1807 865 1836 sut
891 1802 1118 1838 immoderate
1145 1801 1264 1836 facere
1290 1802 1399 1846 velis,
1433 1803 1607 1837 interdum

82 1863 199 1893 tamen
219 1857 315 1893 hisce
334 1862 373 1892 te
386 1857 479 1892 ludis
499 1869 665 1893 exerceas
680 1869 748 1893 una
766 1869 843 1896 cum
859 1859 971 1893 fratre
990 1871 1031 1894 ac
1044 1859 1166 1904 pueris
1180 1857 1268 1901 tuis,
1285 1859 1454 1894 Actiacae
1467 1872 1609 1906 pugnae

14 1923 17 1925 '
80 1914 269 1950 simulacra
291 1914 491 1948 referens.“
539 1915 694 1950 Lubinus
718 1916 810 1949 hunc
836 1915 991 1950 ordinem
1014 1915 1266 1950 sententiarum
1289 1915 1430 1950 statuit=
1464 1917 1609 1961 „Quum

82 1964 168 2006 vero
187 1971 224 2006 in
244 1971 300 2005 his
313 1971 419 2005 rebus
437 1969 571 2005 bellicis
590 1983 747 2017 magnam
760 1971 907 2017 gloriam
926 1984 968 2006 ac
987 1973 1123 2007 laudem
1139 1977 1201 2005 tuo
1223 1972 1348 2007 merito
1372 1973 1523 2018 adeptus
1544 1973 1607 2016 sis,

84 2027 275 2073 summique
291 2027 518 2073 imperatoris
533 2039 682 2062 amorem
698 2034 735 2062 et
748 2029 1020 2063 benivolentiam
1041 2029 1276 2074 promerueris
1289 2054 1299 2070 ,
1321 2035 1423 2073 grata
1436 2034 1553 2062 mente
1572 2034 1609 2062 et

24 2080 36 2107 i
78 2084 330 2119 recordatione
349 2084 442 2119 bella
467 2085 532 2118 sub
549 2084 709 2130 Augusto
730 2091 831 2130 gesta
850 2097 956 2130 saepe
978 2084 1107 2120 recolis
1121 2110 1131 2128 ,
1155 2084 1311 2129 quamvis
1334 2086 1405 2129 jam
1434 2085 1608 2129 privatam

86 2139 194 2176 vim
213 2141 324 2176 colas.
366 2142 458 2177 Nam
475 2151 520 2174 ne
534 2151 556 2178 a
575 2141 713 2178 bellicis
730 2147 767 2176 et
789 2142 1000 2176 militaribus
1025 2141 1130 2176 rebus
1153 2141 1219 2174 hac
1237 2147 1299 2175 tua
1317 2141 1391 2175 vita
1415 2141 1556 2185 privata
1575 2147 1609 2175 te

18 2205 31 2248 ‘⁸
85 2198 246 2233 retrahas
265 2205 302 2232 et
320 2197 365 2232 ab
382 2198 450 2232 inis
468 2196 605 2232 omnino
625 2198 714 2232 absis
733 2200 822 2245 (qua
842 2199 980 2243 quidem
999 2198 1036 2232 in
1062 2209 1103 2231 re
1123 2208 1220 2232 esses
1243 2197 1483 2232 inexcusabilis
1505 2216 1554 2223 —
1576 2197 1607 2231 si

18 2285 29 2294 ,
86 2254 234 2299 egregia
248 2253 377 2297 studia,
396 2254 433 2288 in
449 2254 574 2299 quibus
594 2265 669 2288 cum
684 2254 785 2288 laude
801 2254 1017 2297 excffllnisfi,
1037 2259 1106 2288 tam
1122 2253 1252 2295 subito,
1269 2260 1339 2286 tam
1355 2252 1478 2298 supine
1497 2253 1606 2298 negli-

3 2307 11 2347 ’,ξ
34 2352 37 2355 ι
86 2311 208 2354 geres)
226 2310 399 2345 interdum
420 2310 456 2344 in
474 2315 625 2356 paterno
645 2316 706 2344 tuo
731 2322 811 2345 rure
830 2311 997 2344 bellorum
1021 2309 1206 2343 simulacra
1224 2320 1388 2351 exerces,
1418 2314 1455 2343 et
1474 2309 1607 2344 ludicra

6 2358 36 2401 ³⁵1
84 2366 276 2401 certamina
296 2368 442 2402 duorum
462 2367 678 2401 exercituum
692 2379 712 2401 e
730 2367 848 2412 pueris
864 2366 1084 2400 collectorum
1100 2364 1277 2409 admittis,
1297 2370 1402 2410 atque
1421 2366 1472 2399 ita
1486 2377 1606 2412 nuga-

2 2403 42 2492 ἕξ
80 2421 134 2456 06·
144 2422 282 2468 tibique
294 2423 400 2466 bella,
416 2433 506 2468 quae
520 2423 675 2468 gessisti,
690 2423 815 2468 puerili
830 2425 866 2457 et
881 2421 1007 2467 nugaci
1021 2421 1211 2455 certamine
1226 2430 1345 2454 rursus
1359 2420 1396 2454 in
1409 2422 1606 2457 memoriam

19 2482 46 2539 '3‘
86 2488 248 2512 revocas.
265 2480 346 2523 (Ne
364 2490 450 2513 vero
467 2480 583 2514 fraudi
602 2480 686 2513 mihi
704 2479 767 2522 sit,
798 2479 892 2525 quod
912 2483 949 2512 te
968 2478 1104 2523 magari
1121 2475 1281 2510 dixerim.
1328 2476 1498 2518 Quamvis
1516 2478 1606 2514 enim

27 2556 41 2608 i
79 2533 222 2569 'ludicra
235 2538 273 2567 et
285 2535 435 2579 nugacis
448 2546 634 2580 puerorum
648 2535 801 2569 instruas
811 2562 822 2578 ,
847 2534 934 2568 nihil
946 2540 1061 2568 tamen
1083 2534 1236 2578 nugaris
1255 2532 1460 2578 pueriliter,
1484 2535 1607 2582 inepte

88 2595 150 2624 aut
166 2595 299 2624 temere
319 2591 414 2635 agis,
436 2591 498 2624 sed
519 2602 622 2636 quum
639 2591 759 2636 primis
777 2591 864 2624 illud
884 2602 1005 2633 cums,
1034 2600 1078 2623 ne
1098 2589 1230 2634 aliquid
1249 2594 1352 2623 extra
1366 2601 1551 2627 numer-um
1568 2598 1606 2627 et

83 2645 200 2691 ,legem
213 2645 311 2691 quasi
326 2644 523 2680 saltationis
535 2647 792 2691 imprudenter,
811 2645 1071 2680 inconsiderate
1085 2650 1123 2679 et
1135 2655 1256 2689 parum
1269 2645 1398 2680 decore
1410 2646 1539 2682 fecisse
1550 2649 1605 2684 vi-

23 2727 28 2730 >
84 2701 265 2747 διετίαν*
305 2701 465 2746 Longum
484 2707 557 2745 est,
577 2701 721 2746 putida,
742 2712 832 2747 quae
851 2702 897 2736 de
915 2701 994 2736 aliis
1011 2700 1148 2745 reliqua
1166 2706 1267 2745 sunt,
1286 2703 1437 2736 referre.
1469 2705 1524 2739 Ad
1541 2717 1604 2740 no·-

87 2761 196 2794 otram
213 2756 541 2803 interpretationem
560 2768 671 2802 prope
689 2758 861 2792 accedunt
882 2757 1053 2792 Ducarius
1076 2762 1115 2791 et
1128 2758 1363 2803 Sanadom,
1383 2760 1489 2805 paulo
1505 2772 1602 2797 reeo-

88 2807 403 2861 dnntDoen-&agau
415 2819 455 2848 et
475 2813 640 2855 Orellius,
660 2814 706 2847 de
724 2825 760 2847 v.
774 2814 926 2848 inacus.
951 2824 1099 2858 prorsus
1119 2812 1297 2849 nobiseum
1308 2815 1421 2850 sentit
1431 2816 1603 2855 Dima.

90 2868 186 2905 Inter
204 2883 242 2905 se
257 2870 466 2905 dissentiunt
480 2874 656 2905 nostrates
671 2870 710 2904 C.
731 2870 909 2905 Paeanem
930 2874 967 2904 et
983 2865 1021 2905 J.
1043 2869 1198 2914 Merkel,
1217 2882 1305 2917 quos
1323 2873 1455 2908 confer.

1189 2930 1272 2972 29*
1295 2934 1388 2987 (7*)
