<?xml version="1.0" encoding="UTF-8"?>
<!DOCTYPE html PUBLIC "-//W3C//DTD XHTML 1.0 Transitional//EN"
    "http://www.w3.org/TR/xhtml1/DTD/xhtml1-transitional.dtd">
<html xmlns="http://www.w3.org/1999/xhtml" xml:lang="en" lang="en">
 <head>
  <title>
</title>
<meta http-equiv="Content-Type" content="text/html;charset=utf-8" />
  <meta name='ocr-system' content='tesseract 3.04.00' />
  <meta name='ocr-capabilities' content='ocr_page ocr_carea ocr_par ocr_line ocrx_word'/>
</head>
<body>
  <div class='ocr_page' id='page_1' title='image "./epistolascomment02horauoft_0222.png"; bbox 0 0 1910 3138; ppageno 0'>
   <div class='ocr_carea' id='block_1_1' title="bbox 1749 37 1773 63">
    <p class='ocr_par' dir='ltr' id='par_1_1' title="bbox 1749 37 1773 63">
     <span class='ocr_line' id='line_1_1' title="bbox 1749 37 1773 63; baseline -0.042 -16"><span class='ocrx_word' id='word_1_1' title='bbox 1749 37 1773 63; x_wconf 41' lang='grc' dir='ltr'>Ἰ</span> 
     </span>
    </p>
   </div>
   <div class='ocr_carea' id='block_1_2' title="bbox 291 118 1804 173">
    <p class='ocr_par' dir='ltr' id='par_1_2' title="bbox 291 118 1804 173">
     <span class='ocr_line' id='line_1_2' title="bbox 291 118 1804 173; baseline 0.004 -6"><span class='ocrx_word' id='word_1_2' title='bbox 291 123 376 167; x_wconf 79' lang='lat'>214</span> <span class='ocrx_word' id='word_1_3' title='bbox 430 124 707 166; x_wconf 70' lang='lat' dir='ltr'>comm.</span> <span class='ocrx_word' id='word_1_4' title='bbox 727 126 785 169; x_wconf 85' lang='lat' dir='ltr'>IN</span> <span class='ocrx_word' id='word_1_5' title='bbox 802 126 930 170; x_wconf 71' lang='lat' dir='ltr'>flou.</span> <span class='ocrx_word' id='word_1_6' title='bbox 953 126 1097 171; x_wconf 66' lang='lat' dir='ltr'>um.</span> <span class='ocrx_word' id='word_1_7' title='bbox 1123 121 1694 172; x_wconf 58' lang='lat' dir='ltr'>amnemamnem</span> <span class='ocrx_word' id='word_1_8' title='bbox 1748 118 1804 173; x_wconf 59' lang='grc' dir='ltr'>[ιι</span> 
     </span>
    </p>
   </div>
   <div class='ocr_carea' id='block_1_3' title="bbox 291 242 1906 305">
    <p class='ocr_par' dir='ltr' id='par_1_3' title="bbox 291 242 1906 305">
     <span class='ocr_line' id='line_1_3' title="bbox 291 242 1906 305; baseline 0 -15"><span class='ocrx_word' id='word_1_9' title='bbox 291 255 331 290; x_wconf 91' lang='lat' dir='ltr'>at</span> <span class='ocrx_word' id='word_1_10' title='bbox 358 254 460 289; x_wconf 89' lang='lat' dir='ltr'>certe</span> <span class='ocrx_word' id='word_1_11' title='bbox 493 251 693 288; x_wconf 73' lang='lat' dir='ltr'>Dae-erius</span> <span class='ocrx_word' id='word_1_12' title='bbox 728 252 890 302; x_wconf 86' lang='lat' dir='ltr'>aperuit.</span> <span class='ocrx_word' id='word_1_13' title='bbox 940 253 1185 305; x_wconf 69' lang='lat' dir='ltr'><strong>Quapropter</strong></span> <span class='ocrx_word' id='word_1_14' title='bbox 1217 252 1313 294; x_wconf 90' lang='lat' dir='ltr'>hanc</span> <span class='ocrx_word' id='word_1_15' title='bbox 1350 261 1476 293; x_wconf 81' lang='lat' dir='ltr'>veram</span> <span class='ocrx_word' id='word_1_16' title='bbox 1511 246 1586 291; x_wconf 76' lang='lat' dir='ltr'>loci</span> <span class='ocrx_word' id='word_1_17' title='bbox 1617 246 1808 300; x_wconf 56' lang='lat' dir='ltr'>mee</span> <span class='ocrx_word' id='word_1_18' title='bbox 1869 242 1906 258; x_wconf 60' lang='lat'>‘⁹</span> 
     </span>
    </p>
   </div>
   <div class='ocr_carea' id='block_1_4' title="bbox 292 308 1822 1525">
    <p class='ocr_par' dir='ltr' id='par_1_4' title="bbox 292 308 1822 1525">
     <span class='ocr_line' id='line_1_4' title="bbox 293 308 1810 371; baseline 0.001 -15"><span class='ocrx_word' id='word_1_19' title='bbox 293 318 398 371; x_wconf 70' lang='lat' dir='ltr'>tandi</span> <span class='ocrx_word' id='word_1_20' title='bbox 430 319 525 356; x_wconf 88' lang='lat' dir='ltr'>viam</span> <span class='ocrx_word' id='word_1_21' title='bbox 560 317 608 356; x_wconf 91' lang='lat' dir='ltr'>ab</span> <span class='ocrx_word' id='word_1_22' title='bbox 640 319 855 360; x_wconf 80' lang='lat' dir='ltr'>acutissimo</span> <span class='ocrx_word' id='word_1_23' title='bbox 887 319 1058 361; x_wconf 83' lang='lat' dir='ltr'>Webero</span> <span class='ocrx_word' id='word_1_24' title='bbox 1090 322 1279 364; x_wconf 71' lang='lat' dir='ltr'>desertam</span> <span class='ocrx_word' id='word_1_25' title='bbox 1308 318 1449 368; x_wconf 83' lang='lat' dir='ltr'>miror,</span> <span class='ocrx_word' id='word_1_26' title='bbox 1481 326 1597 367; x_wconf 73' lang='lat' dir='ltr'>quum</span> <span class='ocrx_word' id='word_1_27' title='bbox 1631 313 1672 357; x_wconf 73' lang='lat'>511</span> <span class='ocrx_word' id='word_1_28' title='bbox 1702 308 1810 358; x_wconf 54' lang='lat' dir='ltr'>hisne</span> 
     </span>
     <span class='ocr_line' id='line_1_5' title="bbox 292 382 1810 439; baseline 0.003 -16"><span class='ocrx_word' id='word_1_29' title='bbox 292 386 416 424; x_wconf 86' lang='lat' dir='ltr'>verbis</span> <span class='ocrx_word' id='word_1_30' title='bbox 444 386 540 424; x_wconf 89' lang='lat' dir='ltr'>hanc</span> <span class='ocrx_word' id='word_1_31' title='bbox 565 386 682 425; x_wconf 83' lang='lat' dir='ltr'><strong>sentit</strong></span> <span class='ocrx_word' id='word_1_32' title='bbox 708 386 882 427; x_wconf 79' lang='lat' dir='ltr'><strong>ironiam:</strong></span> <span class='ocrx_word' id='word_1_33' title='bbox 917 392 998 439; x_wconf 86' lang='lat' dir='ltr'>„tu</span> <span class='ocrx_word' id='word_1_34' title='bbox 1023 393 1084 429; x_wconf 88' lang='lat' dir='ltr'>tot</span> <span class='ocrx_word' id='word_1_35' title='bbox 1106 388 1260 429; x_wconf 81' lang='lat' dir='ltr'>delicias</span> <span class='ocrx_word' id='word_1_36' title='bbox 1283 386 1503 434; x_wconf 76' lang='lat' dir='ltr'>desideras,</span> <span class='ocrx_word' id='word_1_37' title='bbox 1531 388 1572 423; x_wconf 78' lang='lat' dir='ltr'>et</span> <span class='ocrx_word' id='word_1_38' title='bbox 1598 386 1734 428; x_wconf 65' lang='lat' dir='ltr'>tamen.</span> <span class='ocrx_word' id='word_1_39' title='bbox 1749 382 1810 434; x_wconf 50' lang='lat' dir='ltr'>{fit</span> 
     </span>
     <span class='ocr_line' id='line_1_6' title="bbox 292 427 1812 507; baseline 0.003 -15"><span class='ocrx_word' id='word_1_40' title='bbox 292 454 408 492; x_wconf 89' lang='lat' dir='ltr'>habes</span> <span class='ocrx_word' id='word_1_41' title='bbox 448 453 525 491; x_wconf 88' lang='lat' dir='ltr'>ruri</span> <span class='ocrx_word' id='word_1_42' title='bbox 557 453 734 504; x_wconf 82' lang='lat' dir='ltr'>negotia,</span> <span class='ocrx_word' id='word_1_43' title='bbox 776 467 873 505; x_wconf 86' lang='lat' dir='ltr'>quae</span> <span class='ocrx_word' id='word_1_44' title='bbox 905 457 1034 496; x_wconf 78' lang='lat' dir='ltr'>taedia</span> <span class='ocrx_word' id='word_1_45' title='bbox 1071 457 1141 496; x_wconf 88' lang='lat' dir='ltr'>tibi</span> <span class='ocrx_word' id='word_1_46' title='bbox 1175 455 1359 507; x_wconf 81' lang='lat' dir='ltr'>temporis</span> <span class='ocrx_word' id='word_1_47' title='bbox 1397 451 1586 505; x_wconf 75' lang='lat' dir='ltr'>expellere</span> <span class='ocrx_word' id='word_1_48' title='bbox 1619 427 1812 503; x_wconf 39' lang='lat' dir='ltr'>mainz*</span> 
     </span>
     <span class='ocr_line' id='line_1_7' title="bbox 293 514 1812 575; baseline 0.001 -18"><span class='ocrx_word' id='word_1_49' title='bbox 293 520 470 558; x_wconf 89' lang='lat' dir='ltr'>Similiter</span> <span class='ocrx_word' id='word_1_50' title='bbox 498 520 587 559; x_wconf 89' lang='lat' dir='ltr'>olim</span> <span class='ocrx_word' id='word_1_51' title='bbox 619 523 794 559; x_wconf 84' lang='lat' dir='ltr'>Baxter:</span> <span class='ocrx_word' id='word_1_52' title='bbox 823 522 1012 575; x_wconf 81' lang='lat' dir='ltr'>„plurima</span> <span class='ocrx_word' id='word_1_53' title='bbox 1035 524 1152 565; x_wconf 84' lang='lat' dir='ltr'>habes</span> <span class='ocrx_word' id='word_1_54' title='bbox 1177 536 1272 575; x_wconf 75' lang='lat' dir='ltr'>quae</span> <span class='ocrx_word' id='word_1_55' title='bbox 1300 533 1417 573; x_wconf 59' lang='lat' dir='ltr'>agam,</span> <span class='ocrx_word' id='word_1_56' title='bbox 1454 532 1577 571; x_wconf 87' lang='lat' dir='ltr'>neque</span> <span class='ocrx_word' id='word_1_57' title='bbox 1604 520 1716 559; x_wconf 62' lang='lat' dir='ltr'>vacat</span> <span class='ocrx_word' id='word_1_58' title='bbox 1741 514 1812 563; x_wconf 66' lang='lat' dir='ltr'>fibi</span> 
     </span>
     <span class='ocr_line' id='line_1_8' title="bbox 292 586 1812 642; baseline 0.002 -16"><span class='ocrx_word' id='word_1_59' title='bbox 292 588 471 638; x_wconf 56' lang='lat' dir='ltr'>nugaris&lt;</span> <span class='ocrx_word' id='word_1_60' title='bbox 521 586 595 638; x_wconf 86' lang='lat' dir='ltr'>At,</span> <span class='ocrx_word' id='word_1_61' title='bbox 633 590 667 628; x_wconf 89' lang='lat' dir='ltr'>si</span> <span class='ocrx_word' id='word_1_62' title='bbox 695 590 784 640; x_wconf 89' lang='lat' dir='ltr'>quid</span> <span class='ocrx_word' id='word_1_63' title='bbox 811 591 946 642; x_wconf 87' lang='lat' dir='ltr'>video,</span> <span class='ocrx_word' id='word_1_64' title='bbox 979 591 1102 634; x_wconf 66' lang='lat' dir='ltr'>Poeta</span> <span class='ocrx_word' id='word_1_65' title='bbox 1128 590 1288 635; x_wconf 82' lang='lat' dir='ltr'>villicum</span> <span class='ocrx_word' id='word_1_66' title='bbox 1312 601 1382 629; x_wconf 82' lang='lat' dir='ltr'>sua</span> <span class='ocrx_word' id='word_1_67' title='bbox 1407 590 1514 629; x_wconf 75' lang='lat' dir='ltr'>sorte</span> <span class='ocrx_word' id='word_1_68' title='bbox 1541 599 1620 625; x_wconf 82' lang='lat' dir='ltr'>non</span> <span class='ocrx_word' id='word_1_69' title='bbox 1656 587 1812 625; x_wconf 64' lang='lat' dir='ltr'>conteu-</span> 
     </span>
     <span class='ocr_line' id='line_1_9' title="bbox 293 654 1814 710; baseline 0.005 -16"><span class='ocrx_word' id='word_1_70' title='bbox 293 660 372 697; x_wconf 87' lang='lat' dir='ltr'>tum</span> <span class='ocrx_word' id='word_1_71' title='bbox 399 655 511 707; x_wconf 85' lang='lat' dir='ltr'>fingit</span> <span class='ocrx_word' id='word_1_72' title='bbox 533 661 614 695; x_wconf 91' lang='lat' dir='ltr'>tum</span> <span class='ocrx_word' id='word_1_73' title='bbox 634 661 792 710; x_wconf 88' lang='lat' dir='ltr'>propter</span> <span class='ocrx_word' id='word_1_74' title='bbox 816 659 1047 699; x_wconf 82' lang='lat' dir='ltr'>desideratas</span> <span class='ocrx_word' id='word_1_75' title='bbox 1070 659 1171 701; x_wconf 78' lang='lat' dir='ltr'>vitae</span> <span class='ocrx_word' id='word_1_76' title='bbox 1197 657 1361 699; x_wconf 68' lang='lat' dir='ltr'>urbanae</span> <span class='ocrx_word' id='word_1_77' title='bbox 1387 654 1559 705; x_wconf 56' lang='lat' dir='ltr'>delicias,</span> <span class='ocrx_word' id='word_1_78' title='bbox 1594 658 1674 692; x_wconf 69' lang='lat' dir='ltr'>tum</span> <span class='ocrx_word' id='word_1_79' title='bbox 1692 663 1814 704; x_wconf 67' lang='lat'><strong>9¹⁰9-</strong></span> 
     </span>
     <span class='ocr_line' id='line_1_10' title="bbox 294 720 1814 777; baseline 0.007 -15"><span class='ocrx_word' id='word_1_80' title='bbox 294 728 356 762; x_wconf 88' lang='lat' dir='ltr'>ter</span> <span class='ocrx_word' id='word_1_81' title='bbox 384 724 538 762; x_wconf 86' lang='lat' dir='ltr'>assidua</span> <span class='ocrx_word' id='word_1_82' title='bbox 563 725 799 776; x_wconf 89' lang='lat' dir='ltr'>molestaque</span> <span class='ocrx_word' id='word_1_83' title='bbox 827 728 954 777; x_wconf 88' lang='lat' dir='ltr'>operis</span> <span class='ocrx_word' id='word_1_84' title='bbox 983 727 1114 767; x_wconf 82' lang='lat' dir='ltr'>rustici</span> <span class='ocrx_word' id='word_1_85' title='bbox 1141 725 1320 777; x_wconf 73' lang='lat' dir='ltr'>negotia,</span> <span class='ocrx_word' id='word_1_86' title='bbox 1351 735 1449 775; x_wconf 70' lang='lat' dir='ltr'>quae</span> <span class='ocrx_word' id='word_1_87' title='bbox 1472 723 1552 774; x_wconf 66' lang='lat' dir='ltr'>jam</span> <span class='ocrx_word' id='word_1_88' title='bbox 1575 720 1638 761; x_wconf 66' lang='lat' dir='ltr'>ille</span> <span class='ocrx_word' id='word_1_89' title='bbox 1675 732 1814 771; x_wconf 69' lang='lat' dir='ltr'>‘luem&#39;</span> 
     </span>
     <span class='ocr_line' id='line_1_11' title="bbox 294 785 1815 843; baseline 0.005 -14"><span class='ocrx_word' id='word_1_90' title='bbox 294 791 352 830; x_wconf 89' lang='lat' dir='ltr'>lus</span> <span class='ocrx_word' id='word_1_91' title='bbox 383 791 541 843; x_wconf 88' lang='lat' dir='ltr'>exempli</span> <span class='ocrx_word' id='word_1_92' title='bbox 569 805 683 832; x_wconf 88' lang='lat' dir='ltr'>causa</span> <span class='ocrx_word' id='word_1_93' title='bbox 714 798 918 834; x_wconf 84' lang='lat' dir='ltr'>enumerat.</span> <span class='ocrx_word' id='word_1_94' title='bbox 968 794 1014 834; x_wconf 92' lang='lat' dir='ltr'>In</span> <span class='ocrx_word' id='word_1_95' title='bbox 1043 794 1139 833; x_wconf 86' lang='lat' dir='ltr'>hanc</span> <span class='ocrx_word' id='word_1_96' title='bbox 1166 792 1391 833; x_wconf 81' lang='lat' dir='ltr'>sententiam</span> <span class='ocrx_word' id='word_1_97' title='bbox 1424 789 1465 831; x_wconf 79' lang='lat' dir='ltr'>J·</span> <span class='ocrx_word' id='word_1_98' title='bbox 1491 787 1645 834; x_wconf 69' lang='lat' dir='ltr'>Merkssl</span> <span class='ocrx_word' id='word_1_99' title='bbox 1656 802 1668 826; x_wconf 76' lang='lat'><em>³</em></span> <span class='ocrx_word' id='word_1_100' title='bbox 1708 785 1815 836; x_wconf 65' lang='lat' dir='ltr'>„und</span> 
     </span>
     <span class='ocr_line' id='line_1_12' title="bbox 297 853 1815 912; baseline 0.006 -16"><span class='ocrx_word' id='word_1_101' title='bbox 297 859 394 897; x_wconf 91' lang='lat' dir='ltr'>doch</span> <span class='ocrx_word' id='word_1_102' title='bbox 418 859 547 909; x_wconf 86' lang='lat' dir='ltr'>giebt,</span> <span class='ocrx_word' id='word_1_103' title='bbox 575 859 703 912; x_wconf 82' lang='lat' dir='ltr'>klagst</span> <span class='ocrx_word' id='word_1_104' title='bbox 731 863 806 911; x_wconf 88' lang='lat' dir='ltr'>du,</span> <span class='ocrx_word' id='word_1_105' title='bbox 835 875 883 901; x_wconf 89' lang='lat' dir='ltr'>zu</span> <span class='ocrx_word' id='word_1_106' title='bbox 913 862 1082 901; x_wconf 84' lang='lat' dir='ltr'>schaffen</span> <span class='ocrx_word' id='word_1_107' title='bbox 1107 861 1177 900; x_wconf 87' lang='lat' dir='ltr'>Dir</span> <span class='ocrx_word' id='word_1_108' title='bbox 1205 861 1274 900; x_wconf 87' lang='lat' dir='ltr'>das</span> <span class='ocrx_word' id='word_1_109' title='bbox 1288 857 1459 911; x_wconf 35' lang='lat' dir='ltr'>„Gefild9</span> <span class='ocrx_word' id='word_1_110' title='bbox 1494 857 1564 897; x_wconf 64' lang='lat' dir='ltr'>das</span> <span class='ocrx_word' id='word_1_111' title='bbox 1590 855 1667 897; x_wconf 65' lang='lat' dir='ltr'>del!</span> <span class='ocrx_word' id='word_1_112' title='bbox 1693 853 1815 905; x_wconf 65' lang='lat' dir='ltr'><strong>K31⁸t</strong></span> 
     </span>
     <span class='ocr_line' id='line_1_13' title="bbox 297 920 1816 981; baseline 0.001 -18"><span class='ocrx_word' id='word_1_113' title='bbox 297 927 415 965; x_wconf 83' lang='lat' dir='ltr'>sehon</span> <span class='ocrx_word' id='word_1_114' title='bbox 434 926 545 977; x_wconf 86' lang='lat' dir='ltr'>lange</span> <span class='ocrx_word' id='word_1_115' title='bbox 570 928 812 969; x_wconf 83' lang='lat' dir='ltr'>entbehrte.“</span> <span class='ocrx_word' id='word_1_116' title='bbox 851 930 955 970; x_wconf 89' lang='lat' dir='ltr'>Idem</span> <span class='ocrx_word' id='word_1_117' title='bbox 973 931 1140 970; x_wconf 88' lang='lat' dir='ltr'>sentiunt</span> <span class='ocrx_word' id='word_1_118' title='bbox 1165 928 1417 977; x_wconf 72' lang='lat' dir='ltr'>Schmidius‚</span> <span class='ocrx_word' id='word_1_119' title='bbox 1452 920 1816 981; x_wconf 44' lang='grc' dir='ltr'>Ονεόἰίκεωῌίἱψ</span> 
     </span>
     <span class='ocr_line' id='line_1_14' title="bbox 297 985 1816 1048; baseline 0.005 -17"><span class='ocrx_word' id='word_1_120' title='bbox 297 1008 387 1040; x_wconf 86' lang='lat' dir='ltr'>zer,</span> <span class='ocrx_word' id='word_1_121' title='bbox 427 994 741 1048; x_wconf 78' lang='lat' dir='ltr'>Dillenburger,</span> <span class='ocrx_word' id='word_1_122' title='bbox 781 998 1126 1036; x_wconf 74' lang='lat' dir='ltr'>Walckenaerius.</span> <span class='ocrx_word' id='word_1_123' title='bbox 1179 996 1308 1036; x_wconf 85' lang='lat' dir='ltr'>Verba</span> <span class='ocrx_word' id='word_1_124' title='bbox 1335 999 1461 1036; x_wconf 83' lang='lat' dir='ltr'>autem</span> <span class='ocrx_word' id='word_1_125' title='bbox 1493 992 1559 1033; x_wconf 61' lang='lat' dir='ltr'>illu</span> <span class='ocrx_word' id='word_1_126' title='bbox 1593 985 1816 1043; x_wconf 54' lang='grc' dir='ltr'>ἱμᾞῠῖθ</span> 
     </span>
     <span class='ocr_line' id='line_1_15' title="bbox 298 1058 1816 1117; baseline 0.005 -17"><span class='ocrx_word' id='word_1_127' title='bbox 298 1064 609 1114; x_wconf 81' lang='lat' dir='ltr'>interpretantur:</span> <span class='ocrx_word' id='word_1_128' title='bbox 637 1069 711 1115; x_wconf 85' lang='lat' dir='ltr'>„tu</span> <span class='ocrx_word' id='word_1_129' title='bbox 737 1079 851 1117; x_wconf 86' lang='lat' dir='ltr'>agros</span> <span class='ocrx_word' id='word_1_130' title='bbox 880 1067 1020 1106; x_wconf 89' lang='lat' dir='ltr'>dudum</span> <span class='ocrx_word' id='word_1_131' title='bbox 1043 1065 1204 1105; x_wconf 89' lang='lat' dir='ltr'>incultos</span> <span class='ocrx_word' id='word_1_132' title='bbox 1234 1062 1432 1105; x_wconf 73' lang='lat' dir='ltr'>exerces-‘⁶</span> <span class='ocrx_word' id='word_1_133' title='bbox 1472 1059 1525 1101; x_wconf 78' lang='lat' dir='ltr'>At</span> <span class='ocrx_word' id='word_1_134' title='bbox 1545 1072 1658 1112; x_wconf 70' lang='lat' dir='ltr'>quum</span> <span class='ocrx_word' id='word_1_135' title='bbox 1683 1058 1816 1108; x_wconf 53' lang='lat' dir='ltr'>singu·</span> 
     </span>
     <span class='ocr_line' id='line_1_16' title="bbox 297 1127 1815 1184; baseline 0.003 -15"><span class='ocrx_word' id='word_1_136' title='bbox 297 1132 376 1169; x_wconf 87' lang='lat' dir='ltr'>lare</span> <span class='ocrx_word' id='word_1_137' title='bbox 410 1131 599 1181; x_wconf 85' lang='lat' dir='ltr'>quoddam</span> <span class='ocrx_word' id='word_1_138' title='bbox 636 1133 760 1183; x_wconf 87' lang='lat' dir='ltr'>operis</span> <span class='ocrx_word' id='word_1_139' title='bbox 796 1134 961 1173; x_wconf 85' lang='lat' dir='ltr'>faciundi</span> <span class='ocrx_word' id='word_1_140' title='bbox 994 1146 1113 1184; x_wconf 87' lang='lat' dir='ltr'>genus</span> <span class='ocrx_word' id='word_1_141' title='bbox 1148 1133 1400 1182; x_wconf 83' lang='lat' dir='ltr'>intelligatur,</span> <span class='ocrx_word' id='word_1_142' title='bbox 1441 1143 1514 1180; x_wconf 82' lang='lat' dir='ltr'>ego</span> <span class='ocrx_word' id='word_1_143' title='bbox 1553 1127 1704 1179; x_wconf 67' lang='lat' dir='ltr'>quidem</span> <span class='ocrx_word' id='word_1_144' title='bbox 1737 1135 1815 1178; x_wconf 59' lang='grc' dir='ltr'>ΒΨ·</span> 
     </span>
     <span class='ocr_line' id='line_1_17' title="bbox 300 1185 1820 1252; baseline -0.001 -14"><span class='ocrx_word' id='word_1_145' title='bbox 300 1202 372 1250; x_wconf 84' lang='lat' dir='ltr'>,‚ut</span> <span class='ocrx_word' id='word_1_146' title='bbox 398 1212 488 1237; x_wconf 89' lang='lat' dir='ltr'>arva</span> <span class='ocrx_word' id='word_1_147' title='bbox 523 1203 614 1251; x_wconf 89' lang='lat' dir='ltr'>post</span> <span class='ocrx_word' id='word_1_148' title='bbox 648 1199 800 1251; x_wconf 86' lang='lat' dir='ltr'>longam</span> <span class='ocrx_word' id='word_1_149' title='bbox 827 1202 1144 1252; x_wconf 83' lang='lat' dir='ltr'>intercapedinem</span> <span class='ocrx_word' id='word_1_150' title='bbox 1180 1200 1308 1240; x_wconf 85' lang='lat' dir='ltr'>herbis</span> <span class='ocrx_word' id='word_1_151' title='bbox 1335 1197 1527 1236; x_wconf 74' lang='lat' dir='ltr'>inutilibus</span> <span class='ocrx_word' id='word_1_152' title='bbox 1555 1194 1609 1246; x_wconf 71' lang='lat' dir='ltr'>(v.</span> <span class='ocrx_word' id='word_1_153' title='bbox 1640 1191 1704 1245; x_wconf 79' lang='grc'>4.)</span> <span class='ocrx_word' id='word_1_154' title='bbox 1715 1185 1820 1246; x_wconf 55' lang='lat' dir='ltr'>pf!-</span> 
     </span>
     <span class='ocr_line' id='line_1_18' title="bbox 300 1266 1822 1320; baseline -0.005 -14"><span class='ocrx_word' id='word_1_155' title='bbox 300 1271 461 1320; x_wconf 84' lang='lat' dir='ltr'>gentur‚</span> <span class='ocrx_word' id='word_1_156' title='bbox 502 1267 638 1318; x_wconf 86' lang='lat' dir='ltr'>ligonis</span> <span class='ocrx_word' id='word_1_157' title='bbox 667 1266 744 1318; x_wconf 89' lang='lat' dir='ltr'>(vel</span> <span class='ocrx_word' id='word_1_158' title='bbox 772 1268 886 1306; x_wconf 87' lang='lat' dir='ltr'>rastri</span> <span class='ocrx_word' id='word_1_159' title='bbox 915 1268 975 1306; x_wconf 82' lang='lat' dir='ltr'>vel</span> <span class='ocrx_word' id='word_1_160' title='bbox 1008 1269 1159 1320; x_wconf 87' lang='lat' dir='ltr'>sarculi)</span> <span class='ocrx_word' id='word_1_161' title='bbox 1195 1281 1268 1320; x_wconf 89' lang='lat' dir='ltr'>ope</span> <span class='ocrx_word' id='word_1_162' title='bbox 1297 1266 1449 1306; x_wconf 89' lang='lat' dir='ltr'>fortiter</span> <span class='ocrx_word' id='word_1_163' title='bbox 1477 1276 1524 1302; x_wconf 89' lang='lat' dir='ltr'>ac</span> <span class='ocrx_word' id='word_1_164' title='bbox 1550 1266 1704 1302; x_wconf 70' lang='lat' dir='ltr'>strenue</span> <span class='ocrx_word' id='word_1_165' title='bbox 1738 1272 1822 1299; x_wconf 82' lang='lat' dir='ltr'>sar·</span> 
     </span>
     <span class='ocr_line' id='line_1_19' title="bbox 301 1329 1820 1386; baseline -0.003 -14"><span class='ocrx_word' id='word_1_166' title='bbox 301 1335 470 1374; x_wconf 90' lang='lat' dir='ltr'>riendum</span> <span class='ocrx_word' id='word_1_167' title='bbox 506 1336 615 1374; x_wconf 84' lang='lat' dir='ltr'>est.“</span> <span class='ocrx_word' id='word_1_168' title='bbox 663 1334 779 1374; x_wconf 90' lang='lat' dir='ltr'>Locis</span> <span class='ocrx_word' id='word_1_169' title='bbox 819 1349 842 1375; x_wconf 81' lang='lat' dir='ltr'>a</span> <span class='ocrx_word' id='word_1_170' title='bbox 878 1335 1108 1381; x_wconf 77' lang='lat' dir='ltr'>Diintzero,</span> <span class='ocrx_word' id='word_1_171' title='bbox 1145 1335 1254 1386; x_wconf 84' lang='lat' dir='ltr'>hujus</span> <span class='ocrx_word' id='word_1_172' title='bbox 1291 1329 1611 1385; x_wconf 76' lang='lat' dir='ltr'>interpretationis</span> <span class='ocrx_word' id='word_1_173' title='bbox 1647 1330 1820 1377; x_wconf 81' lang='lat' dir='ltr'>auctore,</span> 
     </span>
     <span class='ocr_line' id='line_1_20' title="bbox 301 1394 1817 1454; baseline -0.002 -14"><span class='ocrx_word' id='word_1_174' title='bbox 301 1403 463 1441; x_wconf 77' lang='lat' dir='ltr'>laudatis</span> <span class='ocrx_word' id='word_1_175' title='bbox 488 1403 600 1444; x_wconf 90' lang='lat' dir='ltr'>Ovid.</span> <span class='ocrx_word' id='word_1_176' title='bbox 629 1417 673 1443; x_wconf 87' lang='lat' dir='ltr'>ex</span> <span class='ocrx_word' id='word_1_177' title='bbox 702 1403 817 1442; x_wconf 90' lang='lat' dir='ltr'>Pont.</span> <span class='ocrx_word' id='word_1_178' title='bbox 843 1406 883 1453; x_wconf 86' lang='lat'>1,</span> <span class='ocrx_word' id='word_1_179' title='bbox 914 1405 956 1454; x_wconf 88' lang='lat'>8,</span> <span class='ocrx_word' id='word_1_180' title='bbox 986 1403 1054 1445; x_wconf 81' lang='lat'>59.</span> <span class='ocrx_word' id='word_1_181' title='bbox 1086 1402 1233 1441; x_wconf 88' lang='lat' dir='ltr'>Colum.</span> <span class='ocrx_word' id='word_1_182' title='bbox 1258 1403 1309 1451; x_wconf 54' lang='lat'>132</span> <span class='ocrx_word' id='word_1_183' title='bbox 1335 1402 1384 1444; x_wconf 86' lang='lat' dir='ltr'>R.</span> <span class='ocrx_word' id='word_1_184' title='bbox 1413 1401 1482 1448; x_wconf 84' lang='grc'>10,</span> <span class='ocrx_word' id='word_1_185' title='bbox 1511 1398 1581 1439; x_wconf 87' lang='grc'>88.</span> <span class='ocrx_word' id='word_1_186' title='bbox 1611 1397 1679 1447; x_wconf 81' lang='grc'>11,</span> <span class='ocrx_word' id='word_1_187' title='bbox 1707 1397 1752 1446; x_wconf 83' lang='lat'>2,</span> <span class='ocrx_word' id='word_1_188' title='bbox 1775 1394 1817 1436; x_wconf 86' lang='lat'>7·</span> 
     </span>
     <span class='ocr_line' id='line_1_21' title="bbox 300 1460 1820 1525; baseline -0.005 -16"><span class='ocrx_word' id='word_1_189' title='bbox 300 1470 398 1509; x_wconf 92' lang='lat' dir='ltr'>Plin.</span> <span class='ocrx_word' id='word_1_190' title='bbox 422 1470 474 1509; x_wconf 89' lang='lat' dir='ltr'>H.</span> <span class='ocrx_word' id='word_1_191' title='bbox 504 1471 557 1509; x_wconf 90' lang='lat' dir='ltr'>N.</span> <span class='ocrx_word' id='word_1_192' title='bbox 585 1472 650 1521; x_wconf 82' lang='lat'>18,</span> <span class='ocrx_word' id='word_1_193' title='bbox 678 1473 717 1514; x_wconf 89' lang='lat'>8.</span> <span class='ocrx_word' id='word_1_194' title='bbox 747 1472 846 1510; x_wconf 89' lang='lat' dir='ltr'>adde</span> <span class='ocrx_word' id='word_1_195' title='bbox 875 1484 971 1522; x_wconf 90' lang='lat' dir='ltr'>quos</span> <span class='ocrx_word' id='word_1_196' title='bbox 1001 1470 1158 1510; x_wconf 91' lang='lat' dir='ltr'>contulit</span> <span class='ocrx_word' id='word_1_197' title='bbox 1182 1468 1340 1517; x_wconf 87' lang='lat' dir='ltr'>Forbig.</span> <span class='ocrx_word' id='word_1_198' title='bbox 1364 1467 1416 1506; x_wconf 83' lang='lat' dir='ltr'>ad</span> <span class='ocrx_word' id='word_1_199' title='bbox 1431 1466 1538 1516; x_wconf 84' lang='lat' dir='ltr'>Virg.</span> <span class='ocrx_word' id='word_1_200' title='bbox 1568 1464 1642 1502; x_wconf 86' lang='lat' dir='ltr'>Ge.</span> <span class='ocrx_word' id='word_1_201' title='bbox 1665 1460 1820 1525; x_wconf 38' lang='lat'>&amp;1225</span> 
     </span>
    </p>
   </div>
   <div class='ocr_carea' id='block_1_5' title="bbox 301 1517 1910 1591">
    <p class='ocr_par' dir='ltr' id='par_1_5' title="bbox 301 1517 1910 1591">
     <span class='ocr_line' id='line_1_22' title="bbox 301 1517 1910 1591; baseline -0.007 -13"><span class='ocrx_word' id='word_1_202' title='bbox 301 1539 439 1590; x_wconf 89' lang='lat' dir='ltr'>Neque</span> <span class='ocrx_word' id='word_1_203' title='bbox 460 1543 586 1577; x_wconf 91' lang='lat' dir='ltr'>tamen</span> <span class='ocrx_word' id='word_1_204' title='bbox 611 1540 646 1577; x_wconf 93' lang='lat' dir='ltr'>ei</span> <span class='ocrx_word' id='word_1_205' title='bbox 671 1540 957 1591; x_wconf 84' lang='lat' dir='ltr'>repugnaverim</span> <span class='ocrx_word' id='word_1_206' title='bbox 969 1565 982 1589; x_wconf 86' lang='lat'>‚</span> <span class='ocrx_word' id='word_1_207' title='bbox 1009 1539 1075 1590; x_wconf 88' lang='lat' dir='ltr'>qui</span> <span class='ocrx_word' id='word_1_208' title='bbox 1095 1536 1226 1588; x_wconf 82' lang='lat' dir='ltr'>glebas</span> <span class='ocrx_word' id='word_1_209' title='bbox 1251 1534 1437 1586; x_wconf 86' lang='lat' dir='ltr'>ligonibus</span> <span class='ocrx_word' id='word_1_210' title='bbox 1457 1533 1520 1572; x_wconf 80' lang='lat' dir='ltr'>vel</span> <span class='ocrx_word' id='word_1_211' title='bbox 1538 1531 1694 1571; x_wconf 78' lang='lat' dir='ltr'>sarculis</span> <span class='ocrx_word' id='word_1_212' title='bbox 1714 1541 1820 1569; x_wconf 86' lang='lat' dir='ltr'>com·</span> <span class='ocrx_word' id='word_1_213' title='bbox 1898 1517 1910 1567; x_wconf 48' lang='grc' dir='ltr'>ἕ</span> 
     </span>
    </p>
   </div>
   <div class='ocr_carea' id='block_1_6' title="bbox 302 1596 1826 2066">
    <p class='ocr_par' dir='ltr' id='par_1_6' title="bbox 302 1596 1826 2066">
     <span class='ocr_line' id='line_1_23' title="bbox 302 1596 1819 1658; baseline -0.004 -14"><span class='ocrx_word' id='word_1_214' title='bbox 302 1608 464 1645; x_wconf 86' lang='lat' dir='ltr'>minutas</span> <span class='ocrx_word' id='word_1_215' title='bbox 493 1607 647 1646; x_wconf 90' lang='lat' dir='ltr'>credere</span> <span class='ocrx_word' id='word_1_216' title='bbox 675 1608 836 1658; x_wconf 87' lang='lat' dir='ltr'>mavult,</span> <span class='ocrx_word' id='word_1_217' title='bbox 866 1608 914 1646; x_wconf 92' lang='lat' dir='ltr'>de</span> <span class='ocrx_word' id='word_1_218' title='bbox 944 1619 1019 1657; x_wconf 90' lang='lat' dir='ltr'>qua</span> <span class='ocrx_word' id='word_1_219' title='bbox 1048 1619 1090 1644; x_wconf 90' lang='lat' dir='ltr'>re</span> <span class='ocrx_word' id='word_1_220' title='bbox 1121 1605 1220 1644; x_wconf 85' lang='lat' dir='ltr'>conf.</span> <span class='ocrx_word' id='word_1_221' title='bbox 1249 1601 1402 1643; x_wconf 85' lang='lat' dir='ltr'>Mitsch.</span> <span class='ocrx_word' id='word_1_222' title='bbox 1429 1602 1479 1640; x_wconf 85' lang='lat' dir='ltr'>ad</span> <span class='ocrx_word' id='word_1_223' title='bbox 1506 1601 1583 1643; x_wconf 83' lang='lat' dir='ltr'>od.</span> <span class='ocrx_word' id='word_1_224' title='bbox 1607 1599 1651 1650; x_wconf 85' lang='lat'>3,</span> <span class='ocrx_word' id='word_1_225' title='bbox 1679 1599 1727 1648; x_wconf 71' lang='lat'>6,</span> <span class='ocrx_word' id='word_1_226' title='bbox 1748 1596 1819 1641; x_wconf 65' lang='grc'>38,</span> 
     </span>
     <span class='ocr_line' id='line_1_24' title="bbox 303 1663 1820 1726; baseline -0.005 -14"><span class='ocrx_word' id='word_1_227' title='bbox 303 1674 372 1713; x_wconf 89' lang='lat' dir='ltr'>Fe.</span> <span class='ocrx_word' id='word_1_228' title='bbox 402 1675 452 1712; x_wconf 92' lang='lat' dir='ltr'>ad</span> <span class='ocrx_word' id='word_1_229' title='bbox 480 1675 557 1714; x_wconf 88' lang='lat' dir='ltr'>Od.</span> <span class='ocrx_word' id='word_1_230' title='bbox 578 1678 617 1724; x_wconf 92' lang='lat'>1,</span> <span class='ocrx_word' id='word_1_231' title='bbox 648 1677 688 1726; x_wconf 88' lang='lat'>1,</span> <span class='ocrx_word' id='word_1_232' title='bbox 715 1677 781 1717; x_wconf 91' lang='lat'>11.</span> <span class='ocrx_word' id='word_1_233' title='bbox 809 1675 920 1713; x_wconf 88' lang='lat' dir='ltr'>Voss.</span> <span class='ocrx_word' id='word_1_234' title='bbox 948 1677 987 1712; x_wconf 90' lang='lat' dir='ltr'>et</span> <span class='ocrx_word' id='word_1_235' title='bbox 1011 1672 1167 1723; x_wconf 85' lang='lat' dir='ltr'>Forbig.</span> <span class='ocrx_word' id='word_1_236' title='bbox 1195 1671 1245 1710; x_wconf 90' lang='lat' dir='ltr'>ad</span> <span class='ocrx_word' id='word_1_237' title='bbox 1269 1670 1378 1721; x_wconf 85' lang='lat' dir='ltr'>Virg.</span> <span class='ocrx_word' id='word_1_238' title='bbox 1407 1669 1480 1708; x_wconf 85' lang='lat' dir='ltr'>Ge.</span> <span class='ocrx_word' id='word_1_239' title='bbox 1505 1668 1546 1718; x_wconf 82' lang='lat'>1,</span> <span class='ocrx_word' id='word_1_240' title='bbox 1577 1663 1671 1711; x_wconf 84' lang='lat'>104.</span> <span class='ocrx_word' id='word_1_241' title='bbox 1705 1663 1820 1705; x_wconf 75' lang='lat' dir='ltr'>Orel-</span> 
     </span>
     <span class='ocr_line' id='line_1_25' title="bbox 305 1733 1822 1793; baseline -0.005 -14"><span class='ocrx_word' id='word_1_242' title='bbox 305 1742 384 1780; x_wconf 77' lang='lat' dir='ltr'>lius</span> <span class='ocrx_word' id='word_1_243' title='bbox 411 1743 485 1792; x_wconf 86' lang='lat' dir='ltr'>(ed.</span> <span class='ocrx_word' id='word_1_244' title='bbox 512 1743 568 1793; x_wconf 88' lang='lat'>2.)</span> <span class='ocrx_word' id='word_1_245' title='bbox 598 1744 767 1785; x_wconf 79' lang='lat' dir='ltr'>omnino:</span> <span class='ocrx_word' id='word_1_246' title='bbox 796 1755 919 1793; x_wconf 80' lang='lat' dir='ltr'>„arva</span> <span class='ocrx_word' id='word_1_247' title='bbox 941 1742 1005 1779; x_wconf 90' lang='lat' dir='ltr'>diu</span> <span class='ocrx_word' id='word_1_248' title='bbox 1025 1741 1200 1791; x_wconf 82' lang='lat' dir='ltr'>neglecta</span> <span class='ocrx_word' id='word_1_249' title='bbox 1219 1737 1407 1789; x_wconf 86' lang='lat' dir='ltr'>ligonibus</span> <span class='ocrx_word' id='word_1_250' title='bbox 1425 1734 1620 1774; x_wconf 63' lang='lat' dir='ltr'>versarefff</span> <span class='ocrx_word' id='word_1_251' title='bbox 1658 1733 1822 1785; x_wconf 79' lang='lat' dir='ltr'>Magno-</span> 
     </span>
     <span class='ocr_line' id='line_1_26' title="bbox 304 1799 1823 1861; baseline -0.007 -13"><span class='ocrx_word' id='word_1_252' title='bbox 304 1823 398 1861; x_wconf 89' lang='lat' dir='ltr'>pere</span> <span class='ocrx_word' id='word_1_253' title='bbox 426 1814 550 1848; x_wconf 81' lang='lat' dir='ltr'>autem</span> <span class='ocrx_word' id='word_1_254' title='bbox 578 1823 732 1860; x_wconf 84' lang='lat' dir='ltr'>vereor,</span> <span class='ocrx_word' id='word_1_255' title='bbox 764 1815 806 1848; x_wconf 88' lang='lat' dir='ltr'>ut</span> <span class='ocrx_word' id='word_1_256' title='bbox 834 1809 1139 1860; x_wconf 74' lang='lat' dir='ltr'>Dillenbzcrgeri</span> <span class='ocrx_word' id='word_1_257' title='bbox 1163 1807 1258 1860; x_wconf 88' lang='grc'><strong>(1.1.</strong></span> <span class='ocrx_word' id='word_1_258' title='bbox 1285 1819 1326 1858; x_wconf 84' lang='lat' dir='ltr'>p.</span> <span class='ocrx_word' id='word_1_259' title='bbox 1358 1801 1441 1854; x_wconf 83' lang='lat'>14.)</span> <span class='ocrx_word' id='word_1_260' title='bbox 1471 1801 1691 1855; x_wconf 81' lang='lat' dir='ltr'>explicatio:</span> <span class='ocrx_word' id='word_1_261' title='bbox 1726 1799 1823 1851; x_wconf 77' lang='lat' dir='ltr'>„in-</span> 
     </span>
     <span class='ocr_line' id='line_1_27' title="bbox 307 1867 1823 1929; baseline -0.007 -15"><span class='ocrx_word' id='word_1_262' title='bbox 307 1884 414 1916; x_wconf 83' lang='lat' dir='ltr'>tacta</span> <span class='ocrx_word' id='word_1_263' title='bbox 441 1877 514 1929; x_wconf 82' lang='lat' dir='ltr'>lig.</span> <span class='ocrx_word' id='word_1_264' title='bbox 543 1892 643 1915; x_wconf 75' lang='lat' dir='ltr'>arva</span> <span class='ocrx_word' id='word_1_265' title='bbox 670 1882 825 1929; x_wconf 88' lang='lat' dir='ltr'>propter</span> <span class='ocrx_word' id='word_1_266' title='bbox 853 1878 1036 1916; x_wconf 89' lang='lat' dir='ltr'>bellorum</span> <span class='ocrx_word' id='word_1_267' title='bbox 1064 1876 1224 1915; x_wconf 89' lang='lat' dir='ltr'>civilium</span> <span class='ocrx_word' id='word_1_268' title='bbox 1250 1878 1418 1913; x_wconf 86' lang='lat' dir='ltr'>terrores</span> <span class='ocrx_word' id='word_1_269' title='bbox 1439 1874 1478 1911; x_wconf 80' lang='lat' dir='ltr'>et</span> <span class='ocrx_word' id='word_1_270' title='bbox 1491 1871 1656 1922; x_wconf 70' lang='lat' dir='ltr'>rapinas,</span> <span class='ocrx_word' id='word_1_271' title='bbox 1686 1867 1823 1919; x_wconf 77' lang='lat' dir='ltr'>quibus</span> 
     </span>
     <span class='ocr_line' id='line_1_28' title="bbox 307 1935 1826 1996; baseline -0.005 -13"><span class='ocrx_word' id='word_1_272' title='bbox 307 1958 421 1996; x_wconf 85' lang='lat' dir='ltr'>agros</span> <span class='ocrx_word' id='word_1_273' title='bbox 436 1947 552 1984; x_wconf 88' lang='lat' dir='ltr'>satius</span> <span class='ocrx_word' id='word_1_274' title='bbox 572 1949 654 1985; x_wconf 84' lang='lat' dir='ltr'>erat</span> <span class='ocrx_word' id='word_1_275' title='bbox 671 1958 747 1983; x_wconf 90' lang='lat' dir='ltr'>non</span> <span class='ocrx_word' id='word_1_276' title='bbox 766 1945 891 1983; x_wconf 89' lang='lat' dir='ltr'>colere</span> <span class='ocrx_word' id='word_1_277' title='bbox 906 1958 1019 1996; x_wconf 90' lang='lat' dir='ltr'>quam</span> <span class='ocrx_word' id='word_1_278' title='bbox 1039 1944 1161 1983; x_wconf 89' lang='lat' dir='ltr'>cultos</span> <span class='ocrx_word' id='word_1_279' title='bbox 1182 1941 1331 1984; x_wconf 82' lang='lat' dir='ltr'>militari</span> <span class='ocrx_word' id='word_1_280' title='bbox 1349 1940 1492 1980; x_wconf 87' lang='lat' dir='ltr'>ferocia</span> <span class='ocrx_word' id='word_1_281' title='bbox 1510 1935 1676 1979; x_wconf 84' lang='lat' dir='ltr'>vastari“</span> <span class='ocrx_word' id='word_1_282' title='bbox 1692 1947 1717 1989; x_wconf 63' lang='lat' dir='ltr'>a</span> <span class='ocrx_word' id='word_1_283' title='bbox 1728 1947 1826 1992; x_wconf 73' lang='lat' dir='ltr'>quo-</span> 
     </span>
     <span class='ocr_line' id='line_1_29' title="bbox 309 2002 1820 2066; baseline -0.007 -14"><span class='ocrx_word' id='word_1_284' title='bbox 309 2026 420 2065; x_wconf 91' lang='lat' dir='ltr'>quam</span> <span class='ocrx_word' id='word_1_285' title='bbox 447 2013 642 2066; x_wconf 88' lang='lat' dir='ltr'>probetur,</span> <span class='ocrx_word' id='word_1_286' title='bbox 665 2018 870 2065; x_wconf 88' lang='lat' dir='ltr'>propterea</span> <span class='ocrx_word' id='word_1_287' title='bbox 898 2013 1002 2063; x_wconf 91' lang='lat' dir='ltr'>quod</span> <span class='ocrx_word' id='word_1_288' title='bbox 1029 2008 1225 2063; x_wconf 88' lang='lat' dir='ltr'>praedium</span> <span class='ocrx_word' id='word_1_289' title='bbox 1248 2008 1431 2049; x_wconf 86' lang='lat' dir='ltr'>Sabinum</span> <span class='ocrx_word' id='word_1_290' title='bbox 1457 2009 1544 2046; x_wconf 80' lang='lat' dir='ltr'>ante</span> <span class='ocrx_word' id='word_1_291' title='bbox 1571 2017 1710 2046; x_wconf 88' lang='lat' dir='ltr'>annum</span> <span class='ocrx_word' id='word_1_292' title='bbox 1736 2002 1820 2056; x_wconf 74' lang='lat' dir='ltr'>qui-</span> 
     </span>
    </p>
   </div>
   <div class='ocr_carea' id='block_1_7' title="bbox 312 2118 584 2129">
    <p class='ocr_par' dir='ltr' id='par_1_7' title="bbox 312 2118 584 2129">
     <span class='ocr_line' id='line_1_30' title="bbox 312 2118 584 2129; baseline 0 1009"><span class='ocrx_word' id='word_1_293' title='bbox 312 2118 584 2129; x_wconf 95' lang='lat' dir='ltr'> </span> 
     </span>
    </p>
   </div>
   <div class='ocr_carea' id='block_1_8' title="bbox 311 2183 1842 2414">
    <p class='ocr_par' dir='ltr' id='par_1_8' title="bbox 311 2183 1842 2414">
     <span class='ocr_line' id='line_1_31' title="bbox 311 2183 1826 2242; baseline -0.009 -11"><span class='ocrx_word' id='word_1_294' title='bbox 311 2196 420 2241; x_wconf 88' lang='lat' dir='ltr'>„Non</span> <span class='ocrx_word' id='word_1_295' title='bbox 438 2197 532 2242; x_wconf 89' lang='lat' dir='ltr'>quod</span> <span class='ocrx_word' id='word_1_296' title='bbox 550 2197 603 2233; x_wconf 84' lang='lat' dir='ltr'>ita</span> <span class='ocrx_word' id='word_1_297' title='bbox 621 2196 759 2232; x_wconf 82' lang='lat' dir='ltr'>faceret</span> <span class='ocrx_word' id='word_1_298' title='bbox 776 2195 916 2231; x_wconf 81' lang='lat' dir='ltr'>villicus</span> <span class='ocrx_word' id='word_1_299' title='bbox 941 2195 1009 2229; x_wconf 88' lang='lat' dir='ltr'>hoc</span> <span class='ocrx_word' id='word_1_300' title='bbox 1028 2194 1130 2228; x_wconf 82' lang='lat' dir='ltr'>addit</span> <span class='ocrx_word' id='word_1_301' title='bbox 1146 2193 1276 2228; x_wconf 82' lang='lat' dir='ltr'>Poeta:</span> <span class='ocrx_word' id='word_1_302' title='bbox 1303 2191 1366 2227; x_wconf 75' lang='lat' dir='ltr'>sed</span> <span class='ocrx_word' id='word_1_303' title='bbox 1393 2189 1490 2237; x_wconf 84' lang='lat' dir='ltr'>quod</span> <span class='ocrx_word' id='word_1_304' title='bbox 1515 2197 1656 2234; x_wconf 77' lang='lat' dir='ltr'>operam</span> <span class='ocrx_word' id='word_1_305' title='bbox 1685 2183 1826 2220; x_wconf 77' lang='lat' dir='ltr'>absenti</span> 
     </span>
     <span class='ocr_line' id='line_1_32' title="bbox 311 2242 1840 2299; baseline -0.006 -11"><span class='ocrx_word' id='word_1_306' title='bbox 311 2254 398 2288; x_wconf 87' lang='lat' dir='ltr'>hero</span> <span class='ocrx_word' id='word_1_307' title='bbox 412 2255 582 2299; x_wconf 81' lang='lat' dir='ltr'>jactitans</span> <span class='ocrx_word' id='word_1_308' title='bbox 607 2254 659 2289; x_wconf 88' lang='lat' dir='ltr'>ita</span> <span class='ocrx_word' id='word_1_309' title='bbox 675 2255 796 2288; x_wconf 81' lang='lat' dir='ltr'>facere</span> <span class='ocrx_word' id='word_1_310' title='bbox 815 2265 855 2288; x_wconf 86' lang='lat' dir='ltr'>se</span> <span class='ocrx_word' id='word_1_311' title='bbox 871 2251 1116 2288; x_wconf 86' lang='lat' dir='ltr'>mentiretur.“</span> <span class='ocrx_word' id='word_1_312' title='bbox 1148 2250 1237 2284; x_wconf 86' lang='lat' dir='ltr'>Cum</span> <span class='ocrx_word' id='word_1_313' title='bbox 1255 2246 1414 2294; x_wconf 88' lang='lat' dir='ltr'>Cruquio</span> <span class='ocrx_word' id='word_1_314' title='bbox 1441 2245 1501 2281; x_wconf 82' lang='lat' dir='ltr'>vel</span> <span class='ocrx_word' id='word_1_315' title='bbox 1527 2242 1722 2281; x_wconf 82' lang='lat' dir='ltr'>Torrentio</span> <span class='ocrx_word' id='word_1_316' title='bbox 1747 2242 1840 2299; x_wconf 21' lang='lat' dir='ltr'>fere-b</span> 
     </span>
     <span class='ocr_line' id='line_1_33' title="bbox 311 2298 1842 2356; baseline -0.006 -11"><span class='ocrx_word' id='word_1_317' title='bbox 311 2311 447 2345; x_wconf 79' lang='lat' dir='ltr'>faciunt</span> <span class='ocrx_word' id='word_1_318' title='bbox 473 2314 516 2347; x_wconf 84' lang='lat' dir='ltr'>de</span> <span class='ocrx_word' id='word_1_319' title='bbox 543 2311 734 2355; x_wconf 72' lang='lat' dir='ltr'>Marones,</span> <span class='ocrx_word' id='word_1_320' title='bbox 764 2311 959 2356; x_wconf 73' lang='lat' dir='ltr'>Rappoltus</span> <span class='ocrx_word' id='word_1_321' title='bbox 987 2315 1024 2343; x_wconf 87' lang='lat' dir='ltr'>et</span> <span class='ocrx_word' id='word_1_322' title='bbox 1044 2307 1242 2352; x_wconf 76' lang='lat' dir='ltr'>complures</span> <span class='ocrx_word' id='word_1_323' title='bbox 1270 2305 1345 2340; x_wconf 84' lang='lat' dir='ltr'>alii.</span> <span class='ocrx_word' id='word_1_324' title='bbox 1384 2304 1520 2338; x_wconf 83' lang='lat' dir='ltr'>Contra</span> <span class='ocrx_word' id='word_1_325' title='bbox 1543 2299 1708 2337; x_wconf 69' lang='lat' dir='ltr'>Merca-’o</span> <span class='ocrx_word' id='word_1_326' title='bbox 1735 2298 1842 2337; x_wconf 62' lang='lat' dir='ltr'>hm&#39;·</span> 
     </span>
     <span class='ocr_line' id='line_1_34' title="bbox 314 2355 1826 2414; baseline -0.005 -13"><span class='ocrx_word' id='word_1_327' title='bbox 314 2369 414 2414; x_wconf 85' lang='lat' dir='ltr'>quasi</span> <span class='ocrx_word' id='word_1_328' title='bbox 431 2380 497 2414; x_wconf 88' lang='lat' dir='ltr'>per</span> <span class='ocrx_word' id='word_1_329' title='bbox 518 2366 703 2412; x_wconf 80' lang='grc' dir='ltr'><strong><em>πρόληψιν</em></strong></span> <span class='ocrx_word' id='word_1_330' title='bbox 726 2367 798 2401; x_wconf 89' lang='lat' dir='ltr'>dici</span> <span class='ocrx_word' id='word_1_331' title='bbox 815 2366 1000 2411; x_wconf 83' lang='lat' dir='ltr'>videntur,</span> <span class='ocrx_word' id='word_1_332' title='bbox 1028 2377 1073 2400; x_wconf 86' lang='lat' dir='ltr'>ne</span> <span class='ocrx_word' id='word_1_333' title='bbox 1091 2363 1203 2399; x_wconf 83' lang='lat' dir='ltr'>villici</span> <span class='ocrx_word' id='word_1_334' title='bbox 1229 2359 1479 2407; x_wconf 83' lang='lat' dir='ltr'>negligentiam</span> <span class='ocrx_word' id='word_1_335' title='bbox 1505 2367 1673 2393; x_wconf 71' lang='lat' dir='ltr'>accusare</span> <span class='ocrx_word' id='word_1_336' title='bbox 1701 2355 1826 2394; x_wconf 67' lang='lat' dir='ltr'>video-</span> 
     </span>
    </p>
   </div>
   <div class='ocr_carea' id='block_1_9' title="bbox 313 2409 1910 2470">
    <p class='ocr_par' dir='ltr' id='par_1_9' title="bbox 313 2409 1910 2470">
     <span class='ocr_line' id='line_1_35' title="bbox 313 2409 1910 2470; baseline -0.009 -12"><span class='ocrx_word' id='word_1_337' title='bbox 313 2430 386 2460; x_wconf 85' lang='lat' dir='ltr'>tur.</span> <span class='ocrx_word' id='word_1_338' title='bbox 433 2424 656 2470; x_wconf 79' lang='lat' dir='ltr'>„Desideras</span> <span class='ocrx_word' id='word_1_339' title='bbox 687 2424 827 2470; x_wconf 86' lang='lat' dir='ltr'>quidem</span> <span class='ocrx_word' id='word_1_340' title='bbox 843 2429 883 2459; x_wconf 87' lang='lat' dir='ltr'>tu</span> <span class='ocrx_word' id='word_1_341' title='bbox 902 2423 1044 2467; x_wconf 87' lang='lat' dir='ltr'>urbem,</span> <span class='ocrx_word' id='word_1_342' title='bbox 1072 2425 1190 2457; x_wconf 82' lang='lat' dir='ltr'>tamen</span> <span class='ocrx_word' id='word_1_343' title='bbox 1216 2431 1285 2454; x_wconf 91' lang='lat' dir='ltr'>non</span> <span class='ocrx_word' id='word_1_344' title='bbox 1307 2417 1461 2463; x_wconf 83' lang='lat' dir='ltr'>negligis</span> <span class='ocrx_word' id='word_1_345' title='bbox 1489 2425 1578 2462; x_wconf 80' lang='lat' dir='ltr'>opus</span> <span class='ocrx_word' id='word_1_346' title='bbox 1598 2417 1696 2451; x_wconf 83' lang='lat' dir='ltr'>tuum</span> <span class='ocrx_word' id='word_1_347' title='bbox 1717 2409 1830 2446; x_wconf 73' lang='lat' dir='ltr'>‘rusti-</span> <span class='ocrx_word' id='word_1_348' title='bbox 1908 2414 1910 2418; x_wconf 66' lang='lat'><em>⁴</em></span> 
     </span>
    </p>
   </div>
   <div class='ocr_carea' id='block_1_10' title="bbox 313 2467 1871 2865">
    <p class='ocr_par' dir='ltr' id='par_1_10' title="bbox 313 2467 1871 2865">
     <span class='ocr_line' id='line_1_36' title="bbox 313 2467 1827 2528; baseline -0.009 -12"><span class='ocrx_word' id='word_1_349' title='bbox 313 2482 415 2516; x_wconf 89' lang='lat' dir='ltr'>cum“</span> <span class='ocrx_word' id='word_1_350' title='bbox 428 2485 498 2517; x_wconf 89' lang='lat' dir='ltr'>etc.</span> <span class='ocrx_word' id='word_1_351' title='bbox 539 2481 629 2528; x_wconf 88' lang='lat' dir='ltr'>Ipsis</span> <span class='ocrx_word' id='word_1_352' title='bbox 647 2481 767 2517; x_wconf 83' lang='lat' dir='ltr'>verbis</span> <span class='ocrx_word' id='word_1_353' title='bbox 789 2481 962 2517; x_wconf 69' lang='lat' dir='ltr'>Gesnerus</span> <span class='ocrx_word' id='word_1_354' title='bbox 981 2483 1019 2515; x_wconf 87' lang='lat' dir='ltr'>et</span> <span class='ocrx_word' id='word_1_355' title='bbox 1038 2476 1307 2524; x_wconf 71' lang='lat' dir='ltr'>Charpenterius</span> <span class='ocrx_word' id='word_1_356' title='bbox 1333 2473 1446 2510; x_wconf 84' lang='lat' dir='ltr'>villici</span> <span class='ocrx_word' id='word_1_357' title='bbox 1469 2471 1679 2508; x_wconf 87' lang='lat' dir='ltr'>fidelitatem</span> <span class='ocrx_word' id='word_1_358' title='bbox 1705 2467 1827 2507; x_wconf 64' lang='lat' dir='ltr'>dicut</span> 
     </span>
     <span class='ocr_line' id='line_1_37' title="bbox 315 2523 1826 2585; baseline -0.009 -12"><span class='ocrx_word' id='word_1_359' title='bbox 315 2539 509 2581; x_wconf 85' lang='lat' dir='ltr'>laudatam;</span> <span class='ocrx_word' id='word_1_360' title='bbox 535 2550 656 2573; x_wconf 86' lang='lat' dir='ltr'>rursus</span> <span class='ocrx_word' id='word_1_361' title='bbox 675 2538 883 2585; x_wconf 76' lang='lat' dir='ltr'>Desprezius</span> <span class='ocrx_word' id='word_1_362' title='bbox 902 2547 977 2572; x_wconf 87' lang='lat' dir='ltr'>cum</span> <span class='ocrx_word' id='word_1_363' title='bbox 996 2535 1074 2572; x_wconf 80' lang='lat' dir='ltr'>aliis</span> <span class='ocrx_word' id='word_1_364' title='bbox 1092 2539 1211 2570; x_wconf 87' lang='lat' dir='ltr'>notam</span> <span class='ocrx_word' id='word_1_365' title='bbox 1227 2532 1378 2567; x_wconf 79' lang='lat' dir='ltr'>inertiae</span> <span class='ocrx_word' id='word_1_366' title='bbox 1397 2529 1518 2567; x_wconf 77' lang='lat' dir='ltr'>villico</span> <span class='ocrx_word' id='word_1_367' title='bbox 1536 2528 1687 2563; x_wconf 78' lang='lat' dir='ltr'>inustam</span> <span class='ocrx_word' id='word_1_368' title='bbox 1704 2523 1826 2568; x_wconf 73' lang='lat' dir='ltr'>sentit,</span> 
     </span>
     <span class='ocr_line' id='line_1_38' title="bbox 317 2581 1871 2642; baseline -0.008 -12"><span class='ocrx_word' id='word_1_369' title='bbox 317 2597 411 2641; x_wconf 90' lang='lat' dir='ltr'>quod</span> <span class='ocrx_word' id='word_1_370' title='bbox 428 2596 498 2630; x_wconf 85' lang='lat' dir='ltr'>iste</span> <span class='ocrx_word' id='word_1_371' title='bbox 516 2595 719 2631; x_wconf 85' lang='lat' dir='ltr'>fastidiosus</span> <span class='ocrx_word' id='word_1_372' title='bbox 740 2606 829 2642; x_wconf 84' lang='lat' dir='ltr'>quae</span> <span class='ocrx_word' id='word_1_373' title='bbox 849 2594 906 2629; x_wconf 85' lang='lat' dir='ltr'>hic</span> <span class='ocrx_word' id='word_1_374' title='bbox 926 2597 1211 2631; x_wconf 81' lang='lat' dir='ltr'>enumerarentur</span> <span class='ocrx_word' id='word_1_375' title='bbox 1232 2601 1314 2624; x_wconf 78' lang='lat' dir='ltr'>sane</span> <span class='ocrx_word' id='word_1_376' title='bbox 1342 2589 1387 2624; x_wconf 84' lang='lat' dir='ltr'>ad</span> <span class='ocrx_word' id='word_1_377' title='bbox 1405 2587 1514 2623; x_wconf 78' lang='lat' dir='ltr'>villae</span> <span class='ocrx_word' id='word_1_378' title='bbox 1541 2581 1843 2632; x_wconf 26' lang='lat' dir='ltr'>procurationem.</span> <span class='ocrx_word' id='word_1_379' title='bbox 1866 2585 1871 2588; x_wconf 78' lang='grc'><strong>“</strong></span> 
     </span>
     <span class='ocr_line' id='line_1_39' title="bbox 318 2636 1828 2697; baseline -0.009 -12"><span class='ocrx_word' id='word_1_380' title='bbox 318 2651 480 2687; x_wconf 82' lang='lat' dir='ltr'>facienda</span> <span class='ocrx_word' id='word_1_381' title='bbox 507 2652 733 2697; x_wconf 84' lang='lat' dir='ltr'>neglexisset.</span> <span class='ocrx_word' id='word_1_382' title='bbox 787 2652 874 2687; x_wconf 86' lang='lat' dir='ltr'>Jure</span> <span class='ocrx_word' id='word_1_383' title='bbox 897 2651 1008 2696; x_wconf 87' lang='lat' dir='ltr'>igitur</span> <span class='ocrx_word' id='word_1_384' title='bbox 1032 2648 1190 2692; x_wconf 78' lang='lat' dir='ltr'>mireris,</span> <span class='ocrx_word' id='word_1_385' title='bbox 1221 2649 1440 2693; x_wconf 85' lang='lat' dir='ltr'>quantopere</span> <span class='ocrx_word' id='word_1_386' title='bbox 1466 2642 1536 2678; x_wconf 83' lang='lat' dir='ltr'>viri</span> <span class='ocrx_word' id='word_1_387' title='bbox 1563 2636 1756 2676; x_wconf 71' lang='lat' dir='ltr'>doctissimi</span> <span class='ocrx_word' id='word_1_388' title='bbox 1781 2636 1828 2672; x_wconf 75' lang='lat' dir='ltr'>de</span> 
     </span>
     <span class='ocr_line' id='line_1_40' title="bbox 318 2693 1826 2755; baseline -0.007 -15"><span class='ocrx_word' id='word_1_389' title='bbox 318 2708 383 2741; x_wconf 88' lang='lat' dir='ltr'>hoc</span> <span class='ocrx_word' id='word_1_390' title='bbox 403 2709 480 2744; x_wconf 88' lang='lat' dir='ltr'>loco</span> <span class='ocrx_word' id='word_1_391' title='bbox 502 2709 601 2755; x_wconf 81' lang='lat' dir='ltr'>quasi</span> <span class='ocrx_word' id='word_1_392' title='bbox 621 2708 808 2755; x_wconf 85' lang='lat' dir='ltr'>desperato</span> <span class='ocrx_word' id='word_1_393' title='bbox 828 2707 1081 2751; x_wconf 82' lang='lat' dir='ltr'>dissenserint,</span> <span class='ocrx_word' id='word_1_394' title='bbox 1110 2705 1167 2741; x_wconf 83' lang='lat' dir='ltr'>cui</span> <span class='ocrx_word' id='word_1_395' title='bbox 1187 2704 1355 2739; x_wconf 78' lang='lat' dir='ltr'>calculum</span> <span class='ocrx_word' id='word_1_396' title='bbox 1372 2702 1465 2737; x_wconf 80' lang='lat' dir='ltr'>hunc</span> <span class='ocrx_word' id='word_1_397' title='bbox 1482 2697 1583 2735; x_wconf 82' lang='lat' dir='ltr'>addit</span> <span class='ocrx_word' id='word_1_398' title='bbox 1612 2693 1826 2732; x_wconf 70' lang='lat' dir='ltr'>melundino</span> 
     </span>
     <span class='ocr_line' id='line_1_41' title="bbox 321 2750 1826 2810; baseline -0.003 -15"><span class='ocrx_word' id='word_1_399' title='bbox 321 2772 454 2798; x_wconf 85' lang='lat' dir='ltr'>noster:</span> <span class='ocrx_word' id='word_1_400' title='bbox 483 2766 684 2808; x_wconf 81' lang='lat' dir='ltr'>„Indessen</span> <span class='ocrx_word' id='word_1_401' title='bbox 707 2766 836 2810; x_wconf 76' lang='lat' dir='ltr'>seblts,</span> <span class='ocrx_word' id='word_1_402' title='bbox 866 2764 925 2800; x_wconf 88' lang='lat' dir='ltr'>die</span> <span class='ocrx_word' id='word_1_403' title='bbox 954 2764 1094 2801; x_wconf 85' lang='lat' dir='ltr'>Grillen</span> <span class='ocrx_word' id='word_1_404' title='bbox 1121 2774 1165 2798; x_wconf 86' lang='lat' dir='ltr'>zu</span> <span class='ocrx_word' id='word_1_405' title='bbox 1185 2761 1408 2806; x_wconf 63' lang='lat' dir='ltr'>vertreiben,</span> <span class='ocrx_word' id='word_1_406' title='bbox 1437 2756 1511 2803; x_wconf 79' lang='lat' dir='ltr'>dir,</span> <span class='ocrx_word' id='word_1_407' title='bbox 1536 2752 1606 2789; x_wconf 72' lang='lat' dir='ltr'>wie</span> <span class='ocrx_word' id='word_1_408' title='bbox 1634 2753 1681 2788; x_wconf 86' lang='lat' dir='ltr'>du</span> <span class='ocrx_word' id='word_1_409' title='bbox 1709 2750 1826 2787; x_wconf 64' lang='lat' dir='ltr'>selber</span> 
     </span>
     <span class='ocr_line' id='line_1_42' title="bbox 321 2821 800 2865; baseline 0.002 -9"><span class='ocrx_word' id='word_1_410' title='bbox 321 2824 440 2865; x_wconf 78' lang='lat' dir='ltr'>sagst,</span> <span class='ocrx_word' id='word_1_411' title='bbox 457 2833 500 2855; x_wconf 91' lang='lat' dir='ltr'>an</span> <span class='ocrx_word' id='word_1_412' title='bbox 522 2822 646 2856; x_wconf 87' lang='lat' dir='ltr'>Arbeit</span> <span class='ocrx_word' id='word_1_413' title='bbox 664 2821 800 2857; x_wconf 88' lang='lat' dir='ltr'>nicht.“</span> 
     </span>
    </p>
   </div>
  </div>
 </body>
</html>
