1910 3138
222 171 304 216 174
361 175 638 216 COMMENT.
663 175 722 215 IN
743 174 866 216 HOR.
883 173 982 215 LIB.
1004 178 1034 216 1.
1081 177 1248 217 EPIST.
1270 173 1431 220 TERT.
1450 178 1631 220 Dsscm.
1690 179 1744 223 14

221 302 287 343 51.
324 302 431 341 Cort.
469 302 518 340 ad
553 299 697 339 Lucan.
735 301 783 351 6,
819 300 914 344 552.
953 303 1081 342 Bur-m.
1113 304 1163 342 ad
1200 302 1366 344 Phaedr.
1402 306 1450 356 1,
1477 307 1555 356 12,
1583 307 1624 347 9.
1654 305 1745 356 (12)

218 369 351 408 Heius.
390 370 439 408 ad
473 370 657 407 Prudent.
694 365 832 406 Perist.
869 371 946 420 11,
984 372 1079 412 106.
1117 371 1250 412 Barth.
1290 374 1339 411 ad
1373 373 1509 414 Claud,
1537 374 1588 412 de
1620 373 1743 426 Nupt.

219 437 365 477 Honor.
395 442 435 475 et
463 438 558 476 Mar.
587 437 683 477 139.
739 436 918 476 Erhard:
941 441 992 478 ad
1022 439 1176 481 Petron.
1215 441 1293 492 89,
1323 442 1407 493 12.)
1445 445 1484 480 et
1518 442 1567 480 de
1593 441 1745 480 homine

217 505 462 555 vehemente,
490 505 587 543 irato
613 504 673 543 vel
699 506 842 555 agresti
871 505 996 557 (Pers.
1028 507 1075 559 5,
1105 510 1198 551 171.
1241 509 1368 548 Nunc
1383 510 1503 562 serus
1533 517 1571 548 et
1595 509 1748 548 violem
1822 551 1827 553 ,

218 596 275 602 -
303 574 440 621 diem,-
477 574 524 613 cf.
559 578 679 612 nostr.
720 578 850 613 annot.
886 577 936 614 ad
969 577 1018 626 3,
1048 577 1115 617 34.
1155 578 1312 630 Forbig.
1348 579 1398 618 ad
1428 578 1533 630 Virg.
1570 581 1619 629 2,
1647 578 1744 621 326.

218 641 343 679 Bauer
369 642 417 679 ad
444 643 576 681 Sanct.
606 643 697 681 Min.
722 641 773 681 ΙΙ.
803 655 842 694 p.
867 644 997 696 317.).
1049 645 1291 699 Quapropter
1312 647 1404 686 haee
1426 646 1614 699 scriptura
1634 658 1749 698 prae-

219 713 295 747 stat
319 723 412 761 prae
446 711 565 750 altera
592 725 615 749 a
643 711 835 749 Landino
869 711 1001 751 dextre
1038 714 1244 765 explicata:
1282 741 1311 766 „
1320 716 1424 755 Nam
1453 716 1519 766 qui
1550 727 1597 754 ex
1633 727 1748 752 onere

217 779 308 816 fessi
337 785 445 830 sunt,
475 780 600 819 solent
622 781 832 831 impingere
857 781 983 833 potius
1011 794 1056 821 ex
1084 784 1352 834 properatione
1374 793 1487 835 quam
1505 783 1747 836 porrigere.“

224 846 483 886 Voluminum
512 853 639 887 autem
667 850 870 887 sarcinam
902 849 963 887 vel
999 850 1130 889 thecas
1171 850 1343 889 clitellas
1373 854 1508 901 vocat,
1542 850 1570 890 i.
1599 864 1635 890 e.
1663 850 1747 891 ἐπι-

217 913 414 970 σάγματα,
453 917 661 968 ephippia,
699 931 797 968 quae
830 918 1011 968 jumentis
1042 920 1251 958 dossuariis
1289 918 1339 958 ad
1375 930 1492 957 onera
1520 918 1747 957 commodius

215 987 405 1036 portanda
425 987 565 1037 imponi
589 985 724 1024 solent.
763 986 844 1024 Cic.
872 987 921 1024 ad
950 986 1066 1025 Attic.
1097 987 1143 1038 5,
1174 989 1240 1030 15.
1270 984 1447 1040 (Quintil.
1479 986 1526 1037 5,
1557 988 1636 1036 11,
1660 985 1748 1037 21.)

222 1053 404 1091 Clitellae
438 1053 530 1091 bovi
562 1060 657 1091 sunt
686 1055 894 1104 impositae
900 1071 913 1104 ‚·
946 1054 1073 1105 plane
1107 1068 1187 1093 non
1223 1063 1281 1094 est
1309 1063 1488 1094 nostrum
1521 1067 1645 1101 onus,
1679 1053 1751 1092 ned

207 1121 412 1172 feremus,
440 1121 490 1159 cs.
521 1122 642 1163 Plaut.
672 1122 837 1161 Mostell.
867 1123 908 1172 3,
940 1125 981 1172 2,
1011 1124 1207 1165 91—96.
1249 1124 1340 1162 Illae
1367 1124 1505 1174 igitur,
1542 1123 1567 1161 i.
1598 1135 1632 1161 e.
1663 1134 1749 1161 sar-

217 1192 300 1228 cina
338 1190 487 1228 clitellis
526 1190 723 1241 colligata,
763 1191 1044 1242 impinguntur
1054 1219 1070 1238 ,
1105 1193 1130 1230 i.
1159 1205 1193 1230 e.
1223 1191 1428 1230 illiduntur.
1467 1191 1623 1236 Quintil.
1649 1190 1746 1229 lust.

215 1255 263 1308 4,
298 1260 344 1309 1,
380 1260 447 1300 61.
481 1258 728 1311 gubernator
760 1272 929 1305 navem,
973 1259 1072 1296 dam
1102 1267 1265 1311 portum
1301 1260 1522 1313 egreditur,
1569 1258 1746 1310 impegit.

214 1328 299 1366 Alia
327 1328 415 1365 vide
444 1339 506 1378 ap.
540 1327 805 1366 Schmidium.
846 1327 992 1366 Contra
1016 1327 1261 1380 Doeringius
1281 1329 1436 1367 verbum
1462 1327 1629 1378 imping.
1653 1339 1748 1366 neu-

214 1402 273 1435 tro
304 1409 422 1435 sensu
456 1396 637 1447 sumpsit,
671 1400 713 1433 ut
745 1395 859 1445 ferus
894 1396 1040 1434 dicatur
1076 1397 1124 1434 de
1157 1397 1291 1435 Vinnio
1324 1401 1503 1447 tanquam
1540 1396 1589 1434 de
1623 1395 1747 1449 asino,

214 1465 269 1502 uti
297 1466 411 1502 vertit
445 1465 627 1502 Vossius.-
653 1464 748 1514 „Du
775 1465 845 1502 wie
869 1465 931 1502 ein
956 1464 1169 1503 Saumtliier
1195 1465 1325 1517 plump
1349 1463 1576 1516 anprallst.“
1620 1461 1748 1501 JV&-

215 1533 372 1571 cherlus
402 1533 459 1585 (p.
482 1532 570 1584 78.)
598 1534 762 1571 incertus
790 1532 941 1582 haeret,
967 1546 1056 1571 num
1081 1533 1300 1586 impingere
1321 1536 1492 1585 praestet
1513 1529 1751 1570 obtrudendi

213 1602 370 1639 notione
398 1601 589 1651 accipere,
618 1604 660 1638 ut
687 1613 748 1651 ap.
775 1600 857 1638 Cic.
882 1601 931 1640 ad
950 1600 1067 1640 Attic.
1097 1603 1138 1652 6,
1168 1604 1207 1643 6.
1241 1609 1360 1653 atque
1382 1598 1457 1640 hoc
1479 1607 1648 1652 tempore
1674 1601 1748 1637 im-

208 1669 347 1720 pingit
382 1667 484 1704 mihi
512 1667 720 1718 epistolam
751 1668 954 1719 Scaptius.
1002 1672 1138 1710 Senec.
1171 1671 1296 1722 Epist.
1333 1670 1409 1720 95,
1440 1672 1478 1711 2.
1512 1676 1551 1707 et
1581 1667 1656 1706 tibi
1685 1669 1749 1706 in-

211 1744 370 1788 gentem
409 1735 615 1787 epistolam
652 1737 889 1788 impingam.
935 1739 1018 1778 Hoc
1055 1743 1179 1778 autem
1209 1738 1295 1776 loco
1331 1751 1395 1776 res
1427 1749 1504 1776 non
1533 1740 1593 1776 est
1621 1735 1746 1774 dubia.

215 1805 301 1850 Qua
332 1805 521 1843 sententia
538 1804 655 1854 serus
684 1805 873 1856 explices,
903 1807 1002 1844 infra
1030 1806 1200 1845 elucebit.
1248 1805 1322 1844 Hic
1349 1805 1509 1856 addam,
1544 1804 1747 1844 Schmidio

202 1874 345 1925 serum
375 1885 460 1911 esse
487 1884 558 1923 pro
589 1873 756 1922 agresti,
787 1874 1024 1924 importuno,
1053 1875 1158 1924 rudi,
1198 1873 1425 1912 Weiohmo
1450 1873 1610 1912 Vinnius
1626 1871 1747 1925 serus

214 1943 287 1979 dici
310 1942 481 1990 videtur,
512 1939 599 1990 quia
621 1941 671 1978 sit
694 1941 883 1991 rusticus,
910 1942 1130 1981 vehemente
1156 1954 1274 1992 opera
1297 1941 1465 1980 minister
1483 1954 1519 1979 v.
1543 1940 1584 1982 5.
1613 1944 1653 1979 et
1675 1941 1748 1979 im-

212 2015 411 2063 portunus.
460 2008 534 2046 Alii
561 2008 690 2058 aliter,
731 2010 831 2047 conf.
870 2010 987 2049 Orell.
1024 2015 1062 2047 et
1088 2009 1273 2048 Diintzer.
1317 2009 1474 2049 Nullum
1502 2010 1746 2061 interpretem

215 2091 360 2131 equum
380 2078 517 2130 serum
546 2078 626 2115 Sat.
650 2079 688 2128 1,
711 2077 751 2127 5,
784 2078 851 2117 57.
882 2078 1087 2116 contulisse
1114 2079 1253 2125 miror,
1283 2090 1496 2128 quanquam
1523 2077 1597 2114 hoc
1620 2076 1746 2127 ipsum

214 2148 434 2200 Epithetum
468 2147 594 2185 versui
628 2146 694 2187 10.
731 2145 858 2183 lumen
891 2146 1069 2196 praefert.
1129 2146 1204 2190 Qui
1241 2150 1366 2183 autem
1408 2158 1492 2184 cum
1525 2143 1745 2194 Doen'ngio

215 2217 474 2267 distinguunt:
514 2227 591 2267 quo
615 2214 795 2266 perfirre
812 2212 968 2261 juberis
1007 2212 1214 2260 Clitellas,
1241 2215 1356 2265 ferus
1383 2213 1588 2265 impingas
1616 2210 1744 2263 (tete),

213 2288 237 2323 ii
260 2287 433 2324 Vinnium
472 2284 723 2322 voluminum
761 2283 985 2332 sarcinam,
1025 2295 1103 2320 non
1142 2281 1298 2319 clitellas
1329 2282 1378 2319 ad
1408 2280 1619 2330 Augustum
1655 2292 1745 2330 per-

213 2355 313 2392 ferre
336 2355 484 2405 jussum
513 2366 600 2392 esse
636 2365 714 2391 non
741 2352 928 2390 viderunt.
984 2350 1151 2389 Honoris
1190 2361 1304 2387 causa
1333 2349 1487 2386 nomino
1516 2344 1647 2384 Fossii
1677 2358 1743 2385 ex—

213 2422 453 2472 plicationem
477 2423 572 2460 satis
602 2421 860 2472 ingeniosam,
899 2420 946 2457 de
968 2431 1042 2469 qua
1070 2418 1172 2456 haud
1196 2418 1282 2458 ,scio
1313 2429 1362 2454 an
1389 2416 1578 2454 morosius
1601 2413 1746 2475 judicet

222 2490 417 2540 Gallim,
458 2490 622 2540 iniquius
651 2487 847 2528 Diintzer.
898 2487 964 2526 lue
1003 2487 1101 2525 enim
1138 2485 1352 2536 improbata
1379 2484 1523 2536 vulgari
1557 2485 1744 2535 interpre-

214 2559 357 2596 tatione
388 2558 484 2597 haec
515 2559 540 2596 l.
565 2558 591 2599 1.
620 2557 744 2596 addit:
787 2557 900 2608 „ipsa
934 2555 1048 2594 verba
1082 2554 1271 2605 vulgatam
1311 2552 1520 2605 explicandi
1557 2551 1743 2591 rationem

214 2630 464 2674 aspernantur
492 2640 537 2664 ac
565 2628 676 2678 plane
706 2629 902 2677 respuunt.
957 2625 1057 2664 Nam
1086 2636 1199 2675 quum
1222 2622 1371 2660 Vinium
1399 2619 1570 2658 clitellas
1591 2618 1742 2668 impin-

211 2705 305 2741 gere
332 2694 460 2733 dicunt
490 2695 603 2745 idque
636 2695 690 2733 ita
718 2694 957 2745 intelligunt,
996 2696 1038 2731 ut
1067 2692 1249 2730 sarcinam
1282 2690 1330 2728 ab
1359 2703 1404 2728 eo
1436 2686 1623 2739 agrestius
1650 2698 1741 2737 por-

214 2759 286 2808 rigi
310 2766 469 2811 putent,
500 2766 692 2814 statuunt,
723 2764 802 2802 sive
831 2763 958 2801 dicant
983 2759 1075 2798 illud
1108 2763 1238 2811 aperte
1267 2759 1347 2797 sive
1379 2770 1455 2796 non
1482 2755 1630 2803 dicant,
1665 2753 1740 2791 cli-

216 2826 331 2863 tellas
349 2828 560 2877 significare
583 2833 705 2882 ipsam
725 2832 933 2886 sarcinam,
959 2830 1059 2880 quod
1086 2842 1195 2867 secus
1215 2832 1295 2875 est;
1320 2839 1406 2866 nam
1425 2824 1564 2862 Festus
1585 2834 1624 2873 p.
1642 2821 1737 2871 268,

215 2891 282 2937 42.
321 2895 546 2935 Gothofred.
586 2898 781 2945 clitellae,
824 2899 900 2949 ait,
939 2898 1125 2937 dicuntur
1159 2910 1237 2934 non
1274 2901 1429 2932 tantum
1461 2904 1552 2937 eae,
1594 2888 1737 2941 quibus
