1910 3138
278 204 362 247 442
406 205 678 245 COMMENT.
697 205 753 245 IN
773 206 900 245 HOR.
922 204 1019 244 LIB.
1045 206 1074 247 I.
1106 206 1267 246 EPIST.
1288 204 1696 247 DUODEVICESIM.
1746 205 1802 248 94

278 327 387 366 erat,
414 319 477 357 his
504 317 649 356 artibus
666 319 810 370 futuri
833 319 951 356 duce-9
978 317 1258 358 imbuebantur
1271 334 1283 357 .·
1308 327 1451 359 certare
1469 334 1560 358 cum
1578 318 1802 372 fugacibus

269 389 374 440 seris
405 401 523 425 cursu
532 414 548 432 ,
571 400 655 424 czm
676 386 900 425 audacibus
925 386 1081 433 robore,
1114 402 1206 426 enm
1228 388 1388 426 callidis
1410 395 1525 427 antu.-
1555 402 1626 427 nec
1654 389 1803 426 medio-

281 471 345 494 cre
371 457 489 507 pacis
521 454 632 491 decue
660 455 908 501 habebatur,
944 455 1126 494 submota
1164 458 1317 507 eampis
1350 457 1519 508 irruptio
1546 459 1728 510 ferarum
1767 464 1803 493 et

279 525 478 564 obsidione
516 523 685 575 quadam.
729 523 920 561 liberatus
964 527 1182 576 agrestium
1223 524 1348 566 labor.
1427 524 1488 563 De
1531 526 1643 565 laude
1684 538 1802 564 vena-

279 594 370 632 tioni
400 606 516 644 quum
544 605 566 628 a
594 593 776 631 veeribus
808 593 1013 643 Romanis,
1042 597 1120 631 tum
1146 594 1193 631 ab
1217 594 1497 641 Horatioslata
1517 594 1699 646 imprimis
1726 595 1805 632 dis-

277 667 460 715 putarunt
487 660 711 711 Rappoltus
741 676 780 712 p.
809 661 915 711 819,
945 661 1000 699 B.
1029 662 1238 714 Klippgen
1274 664 1364 713 „de
1392 663 1488 703 ven.
1517 661 1630 701 Rom.
1658 661 1804 700 solenni

279 731 435 783 opere“
462 744 501 782 p.
533 730 628 771 759.
650 730 675 771 l.
706 729 756 767 ad
785 732 833 778 6,
862 730 928 770 58.
963 729 987 766 l.
1018 730 1184 769 Schmid.
1210 731 1258 768 ad
1287 730 1326 770 h.
1353 730 1380 769 l.
1409 730 1548 768 Heind.
1575 730 1624 767 ad
1652 729 1732 768 Sat.
1763 731 1804 778 2,

279 802 321 850 2,
350 801 390 840 9.
423 800 489 840 10.
521 797 604 837 coll.
634 800 789 849 interpp,
820 800 867 836 ad
901 798 976 836 od.
1005 798 1056 848 3,
1087 801 1137 848 2,
1171 800 1235 840 10.
1274 798 1352 848 24,
1379 799 1445 840 56.
1483 798 1531 836 C.
1569 796 1725 836 Passov.
1753 796 1803 836 N.

281 869 376 909 127.
414 867 556 908 Rader.
591 867 640 903 ad
665 868 779 905 Mart.
808 869 882 916 12,
914 864 982 907 24.
1013 865 1116 905 Diss.
1145 868 1193 905 ad
1221 866 1310 906 Tib.
1335 869 1382 917 1,
1407 863 1454 917 4,
1483 865 1538 906 49
1566 879 1654 918 sqq.
1680 865 1806 906 Beier.

280 937 330 974 ad
359 936 438 974 Cic.
467 934 729 986 Offic.1‚29‚
759 935 854 976 104-
882 956 939 962 -—
970 934 1017 973 V.
1037 936 1105 977 51.
1137 936 1183 974 V
1175 936 1352 973 elcursu
1369 947 1556 986 superare
1573 948 1715 977 canem
1731 940 1806 975 ete.

279 1005 448 1043 Imitatur
484 1004 622 1042 Malch.
660 1005 790 1045 Ecbas.
829 1006 978 1058 Captiv.
1011 1004 1109 1045 478.
1161 1005 1260 1042 JVon
1295 1019 1415 1042 cursu.
1447 1002 1640 1055 superabo
1669 1017 1809 1042 canem

281 1086 353 1111 nec
381 1071 534 1110 viribus
557 1087 709 1124 aprum.
755 1075 866 1115 Conf.
897 1075 1035 1115 Catull.
1064 1072 1132 1122 64,
1161 1072 1257 1114 342.
1287 1073 1402 1111 Ovid.
1435 1072 1527 1112 Met.
1553 1072 1596 1124 4,
1625 1072 1709 1114 303
1738 1072 1808 1124 (ib.

281 1141 446 1193 Gierig).
474 1141 587 1197 Mart.
612 1143 680 1192 10,
703 1143 773 1193 36,
802 1143 868 1186 10.
914 1145 1040 1190 Quum
1063 1144 1112 1182 de
1138 1143 1209 1180 hac
1236 1141 1350 1180 Lollii
1378 1141 1512 1190 laude,
1543 1144 1622 1179 tum
1649 1141 1700 1181 de
1725 1147 1809 1180 stu-⁶

280 1212 344 1249 dio
372 1211 535 1249 venandi
555 1213 807 1250 commendato
838 1213 1034 1263 ambigunt
1059 1212 1310 1262 interpretes,
1347 1209 1380 1246 si
1408 1210 1686 1261 comparaveris
1714 1210 1810 1248 Ha-

281 1279 502 1331 betseldum
525 1284 562 1318 et
588 1279 830 1318 Schmidtnm
850 1282 899 1319 ad
922 1295 957 1323 v,
983 1277 1052 1320 49.
1088 1291 1169 1316 cum
1203 1277 1350 1315 Orellio
1370 1281 1409 1315 et
1430 1276 1638 1316 Diintzero
1656 1278 1706 1317 ad
1726 1278 1764 1316 h.
1785 1279 1810 1317 l.

279 1349 418 1398 Neque
446 1353 667 1398 tantopere,
691 1351 843 1400 opinor,
875 1349 1175 1387 commendasset
1192 1347 1428 1384 venationem
1449 1345 1590 1397 Poeta,
1615 1346 1689 1385 nisi
1709 1346 1811 1385 forte

279 1417 422 1455 veritus
451 1422 574 1466 esset,
598 1430 646 1454 ne
673 1416 812 1457 Lollius
841 1419 934 1456 haec
961 1422 999 1455 et
1025 1416 1115 1454 talia
1142 1414 1277 1452 officiis
1305 1413 1453 1452 homine
1481 1412 1687 1453 liberaliter
1716 1415 1810 1454 edu-

282 1488 366 1523 cato
405 1496 535 1534 parum
565 1485 687 1535 dignis
720 1491 1000 1536 annumeraret,
1041 1485 1091 1525 cf.
1120 1483 1209 1521 Sall.
1240 1483 1326 1520 Cat.
1355 1480 1407 1532 4,
1439 1482 1479 1522 1.
1528 1482 1658 1520 Cursu
1685 1488 1810 1521 autem

281 1566 468 1603 superare
495 1566 632 1589 canem
662 1557 733 1592 etc.
766 1554 998 1606 superlatum
1033 1553 1177 1591 dicendi
1217 1564 1337 1602 genus
1376 1563 1461 1589 esse
1494 1563 1606 1590 nemo
1638 1551 1711 1590 erit
1746 1552 1810 1602 qui

282 1621 441 1659 dubitet.
496 1621 596 1658 Hinc
617 1635 770 1672 prorsus
799 1623 985 1662 assentior
1014 1621 1164 1660 Orellio
1175 1619 1234 1671 *):
1263 1619 1429 1671 „Insunt
1455 1619 1493 1657 in
1518 1623 1602 1659 toto
1625 1618 1710 1658 loco
1731 1619 1812 1658 lau-

282 1691 351 1728 des
380 1689 494 1727 Lollii
524 1689 616 1727 mire
654 1691 854 1741 permixtae
884 1705 966 1729 cum
1004 1690 1188 1728 benevola
1224 1689 1386 1737 quadam
1415 1688 1621 1743 εἰρωνείᾳ,
1657 1686 1740 1738 vel,
1779 1686 1811 1725 si

282 1757 424 1807 mavis,
454 1758 654 1795 innocente
680 1758 833 1804 malitia3
864 1759 972 1809 quasi
1000 1759 1155 1796 invitum
1183 1758 1282 1795 enim
1306 1762 1477 1796 venatum
1503 1756 1559 1794 ire
1579 1754 1730 1806 jubet.“
1756 1773 1813 1784 --·

282 1825 328 1862 V.
359 1824 425 1865 52.
462 1838 578 1861 arma
618 1831 768 1864 tractet.
808 1827 862 1865 lta
894 1828 1030 1865 Senec.
1070 1827 1195 1877 Epist.
1221 1827 1289 1867 88.
1331 1825 1403 1863 An
1438 1824 1602 1862 liberale
1635 1822 1812 1861 studium

283 1893 393 1930 istud
430 1905 510 1929 esse
539 1894 753 1940 juventate·
792 1902 942 1931 nostrae
988 1895 1264 1940 concedimus,
1317 1907 1439 1945 quam
1478 1895 1647 1941 majores
1689 1892 1816 1929 nostri

282 1968 431 1999 rectam
456 1968 709 1998 exercuerant
721 1989 734 2006 ,
771 1961 930 2000 hastilia
946 1966 1106 2011 jacere,
1144 1962 1282 1999 sudem
1312 1969 1510 2013 torquere,
1547 1973 1692 2013 equum
1720 1961 1814 2011 agi-

284 2037 397 2076 tare,
435 2042 551 2066 arma
587 2028 788 2065 trac-tare?
824 2028 1035 2068 Dictionem
1064 2031 1300 2067 illustrarunt
1328 2029 1448 2067 Drak.
1475 2029 1524 2066 ad
1554 2027 1638 2066 Liv.
1664 2028 1716 2076 7,
1742 2027 1813 2074 32,

287 2101 351 2140 11.
392 2097 557 2137 Beneck.
589 2097 636 2134 ad
663 2096 799 2134 Justin.
831 2099 877 2147 1,
907 2098 954 2147 3,
983 2099 1023 2139 3.
1066 2099 1210 2136 Eadem
1239 2097 1474 2135 dexteritatis
1503 2096 1610 2134 notio
1647 2095 1747 2132 inest
1774 2093 1812 2130 in

284 2165 445 2205 formula
467 2165 615 2202 bellum.
642 2171 837 2210 tractare,
866 2166 914 2203 (le
936 2179 1007 2217 qua
1034 2167 1127 2204 dixit
1148 2164 1288 2203 Pabst.
1311 2165 1361 2202 ad
1386 2165 1516 2214 Eclog.
1537 2162 1662 2201 Tacit.
1682 2174 1723 2213 p.
1745 2161 1811 2202 22·

396 2245 444 2284 V.
483 2246 550 2287 53.
588 2244 655 2286 54.
699 2245 775 2282 scis
785 2273 800 2291 ,
842 2259 919 2296 quo
956 2246 1122 2283 clamore
1149 2268 1203 2272 —
1232 2244 1481 2294 campestria.
1547 2238 1815 2292 Significantur

284 2314 462 2353 victoriae
491 2315 529 2352 in
560 2314 824 2352 certaminibus
859 2313 1007 2352 ludicris
1042 2313 1175 2364 Campi
1204 2312 1331 2350 Martii
1359 2315 1508 2362 partae;
1537 2313 1689 2359 strenue
1715 2307 1814 2346 enin·

283 2386 398 2434 atque
423 2383 583 2434 impigre
611 2382 867 2434 pugnantibus
891 2381 1085 2420 multitudo
1110 2381 1353 2419 circumstans
1381 2391 1501 2429 aeque
1530 2389 1575 2415 ac
1602 2374 1815 2414 declaman-

283 2451 386 2488 tibus
415 2455 453 2489 et
482 2451 694 2489 oratoribus
720 2451 925 2503 plaudebat
953 2455 1064 2500 atque
1092 2447 1332 2489 acclamabat.
1377 2446 1454 2484 Od.
1482 2445 1524 2495 3,
1557 2441 1625 2495 24,
1651 2442 1707 2485 46
1743 2441 1814 2492 (ib-

395 2619 434 2668 ²⁰¹)
462 2623 625 2658 Diintzer
649 2627 702 2669 (p.
722 2623 826 2668 501):
855 2624 958 2667 „Die
984 2635 1095 2669 ganze.
1115 2622 1227 2658 Stelle
1246 2622 1291 2655 V.
1310 2618 1357 2656 49
1375 2639 1425 2646 -—
1451 2616 1509 2655 64.
1540 2617 1636 2653 steht
1662 2616 1726 2653 mit
1751 2615 1816 2650 der

286 2680 522 2724 eigentlichen
543 2681 662 2715 Lelire
685 2682 748 2715 des
765 2681 902 2715 Briefes
917 2681 954 2715 in
973 2681 1096 2715 keiner
1112 2679 1336 2722 Beziehung,
1325 2690 1334 2698 ·
1357 2678 1409 2712 sie
1432 2676 1568 2711 enthfilt
1582 2675 1642 2711 ein
1655 2673 1732 2709 Lab
1752 2673 1817 2707 der

286 2736 541 2772 Gewandtheit
560 2739 630 2772 und
650 2737 978 2772 Geschicklichkeit
1002 2738 1064 2772 des
1081 2736 1285 2783 jugendlich
1305 2735 1486 2779 kriiftigen
1506 2733 1673 2773 Manuos,
1699 2726 1814 2764 wobei

286 2803 329 2825 an
347 2791 423 2826 eine
444 2793 559 2828 Ironie
579 2806 642 2838 gar
660 2795 758 2830 nicht
778 2806 819 2829 zu
844 2795 978 2844 denken
995 2794 1060 2837 ist,
1081 2795 1126 2828 (la
1144 2794 1208 2828 der
1223 2792 1372 2828 Dichter
1392 2790 1574 2825 wirkliche
1588 2784 1813 2822 'rhamchen

286 2848 466 2884 anfiihrtf‘
518 2851 607 2885 Illud
633 2852 792 2897 equidem
812 2853 1023 2898 comprobo,
1049 2851 1114 2885 hoe
1141 2862 1208 2885 non
1235 2849 1332 2884 item.
1389 2846 1547 2884 Aliorum
1574 2844 1619 2878 de
1640 2843 1706 2876 hoe
1734 2839 1812 2874 loco

287 2905 481 2939 sententias
502 2906 584 2942 vide
604 2907 745 2943 ibidem.
