2034 3224
757 1086 1518 1166 COMMENTARJI

1109 1254 1166 1288 IN

504 1374 865 1423 HORA'rll
933 1375 1422 1426 EPIS'POLAM
1472 1376 1780 1427 ΝΟΝΑΜ.

1006 1494 1164 1547 LIB.
1219 1495 1273 1546 1.

366 1774 423 1832 In
452 1790 522 1830 hac
542 1791 739 1843 Epistola,
773 1805 868 1843 quae
891 1794 928 1832 in
958 1796 1142 1834 communi
1160 1797 1268 1847 quasi
1303 1796 1382 1834 vita
1410 1799 1605 1845 versatur,
1643 1792 1824 1832 Horatius
1843 1790 1916 1831 Ti-

365 1862 471 1901 berio
494 1860 652 1899 Claudio
677 1861 825 1899 Neroni
842 1862 1066 1913 Septimium
1093 1868 1201 1903 tanta
1219 1865 1456 1903 commendat
1486 1861 1717 1902 humanitate
1734 1864 1915 1912 tantaque

367 1930 606 1979 urbanitate,
636 1933 778 1980 quanta
804 1934 934 1981 potest
962 1946 1048 1971 esse
1078 1934 1262 1984 maxima,
1289 1936 1332 1971 ut
1370 1931 1594 1976 Gesnerus,
1631 1930 1699 1970 W
1695 1928 1914 1976 ielandiue,

367 1999 617 2050 Doeringius
643 1997 740 2036 hanc
767 1997 979 2050 Epistolam
1006 2004 1112 2038 recte
1136 2001 1298 2040 dixerint
1319 1999 1545 2052 perfictum
1565 1998 1915 2037 commendatam&

369 2065 604 2117 exemplum.
644 2066 759 2111 Quod
787 2079 899 2117 quam
929 2069 979 2106 sit
998 2081 1151 2120 verum,
1183 2070 1216 2108 si
1235 2070 1328 2108 alias
1348 2067 1552 2106 contuleris
1573 2066 1703 2106 literas
1723 2078 1914 2106 commen-

367 2135 527 2174 daticias
555 2137 598 2173 ut
616 2133 814 2172 Ciceronis
834 2136 883 2172 ad
902 2134 991 2175 Div.
1015 2138 1083 2186 13,
1106 2138 1286 2180 11—72.
1315 2140 1355 2176 et
1373 2136 1484 2174 Plinii
1513 2137 1554 2185 2,
1578 2134 1617 2174 9.
1641 2135 1707 2177 13.
1738 2135 1782 2186 3,
1801 2137 1841 2178 2.
1872 2133 1914 2185 4,

370 2204 437 2245 15.
473 2205 514 2252 6,
548 2203 587 2243 6.
608 2203 647 2243 8.
668 2201 708 2242 9.
738 2204 780 2252 7,
803 2205 869 2246 22.
894 2205 964 2245 31.
992 2203 1033 2255 9,
1058 2206 1126 2247 21.
1168 2206 1246 2256 10,
1267 2206 1307 2246 3.
1329 2206 1394 2246 11-
1418 2203 1512 2253 19.,
1551 2203 1662 2242 facile
1684 2203 1915 2254 intelligitur.

368 2271 589 2310 Verecunde
609 2271 709 2309 enim
726 2272 824 2324 petit
846 2272 967 2310 Poeta
987 2285 1010 2311 a
1035 2271 1216 2322 Tiberio,
1245 2278 1288 2312 ut
1307 2272 1496 2311 hominem
1516 2271 1667 2323 sortem
1690 2271 1915 2323 bonumque

369 2343 483 2390 atque
512 2338 562 2375 ob
589 2352 672 2378 eam
689 2353 771 2378 rem
789 2339 1052 2379 benevolentia
1076 2341 1195 2393 ipsius
1226 2354 1302 2379 non
1328 2341 1527 2391 indignum
1553 2340 1592 2377 in
1621 2352 1728 2378 suam
1755 2338 1916 2390 recipiat

370 2407 657 2446 familiaritatem
684 2408 901 2459 urbaneque
932 2409 1061 2459 addit,
1095 2408 1287 2460 quomodo
1321 2408 1455 2459 petitio
1494 2407 1652 2444 hominis
1687 2406 1914 2454 amicissimi,

372 2477 548 2521 quantum
577 2477 678 2526 apud
707 2479 908 2528 patronum
934 2478 1018 2529 ipse
1043 2476 1186 2516 valeret
1215 2488 1293 2513 non
1313 2476 1547 2527 ignorantis,
1585 2477 1681 2515 hanc
1709 2476 1791 2526 ejus
1811 2487 1915 2513 com-

372 2539 573 2577 mendandi
592 2543 661 2581 sibi
680 2544 902 2596 imposuerit
919 2546 1196 2584 necessitatem.
1238 2543 1370 2594 [taque
1403 2557 1452 2583 ne
1478 2545 1597 2583 amico
1619 2543 1822 2583 admodum
1844 2554 1915 2594 pe-

372 2605 468 2642 tenti
487 2609 525 2642 et
542 2619 694 2656 precum
714 2613 749 2649 vi
774 2614 882 2663 quasi
911 2614 1062 2665 cogenti
1085 2613 1263 2662 deesset,
1292 2624 1335 2650 se
1353 2612 1531 2651 maluisse
1552 2613 1606 2651 ait
1623 2624 1774 2650 omnem
1790 2610 1914 2663 pudo-

372 2683 453 2709 rem
493 2674 593 2722 apud
629 2675 821 2719 Neronem
857 2682 1080 2733 deposuisse
1115 2680 1256 2731 videri,
1301 2692 1412 2731 quam
1447 2681 1496 2720 ab
1525 2682 1644 2719 amico
1684 2682 1723 2718 et
1750 2675 1914 2728 neglecti

375 2738 489 2776 officii
518 2743 556 2776 et
579 2739 861 2785 benevolentiae
884 2762 976 2800 erga
1004 2761 1088 2788 eum
1121 2761 1199 2786 non
1226 2746 1375 2786 habitae
1404 2751 1524 2801 argui.

492 2805 728 2856 Septimium
759 2815 917 2853 eundem
943 2829 1053 2867 esse,
1087 2816 1146 2854 cui
1176 2816 1354 2854 Horatius
1383 2816 1620 2869 inscripserit
1645 2823 1796 2852 carmen
1822 2810 1915 2850 illud

376 2870 472 2925 (0d·
495 2873 535 2921 2,
564 2873 642 2924 6·):
687 2875 871 2925 Septimi,
921 2883 1057 2922 Gades
1091 2883 1248 2923 adimre
1286 2897 1467 2931 mecum,
1504 2896 1580 2922 uno
1614 2893 1681 2920 ore
1723 2879 1914 2919 affirmant

377 2939 501 2989 Acro,
538 2939 745 2992 Porphyrio
776 2949 814 2981 et
841 2947 1073 2990 Scholiastes
1105 2954 1282 3006 Cruqufi,
1320 2951 1606 3005 quapropter—ii
1633 2949 1815 2999 viderint,
1850 2947 1912 2998 qui
