1910 3138
269 251 352 293 326
408 231 766 291 COMMENT.1N
785 250 907 291 non.
929 249 1030 290 Lm.
1058 251 1085 290 i.
1109 243 1273 290 Eris‘r.
1301 250 1449 294 snx'r.
1479 222 1656 292 uncus.
1707 225 1790 295 ff

1539 345 1542 348 >
1731 348 1734 350 -
1782 335 1802 367 ι.

270 379 374 417 enim
400 383 565 429 peccata
599 389 732 413 rerum
767 381 930 426 eventu,
968 375 1041 414 sed
1073 377 1181 414 vitiis
1214 375 1420 415 hominum
1455 377 1652 416 metienda
1679 377 1791 418 814111ῗέ

269 446 324 485 Ae
353 459 401 484 ne
432 444 515 495 quis
538 448 743 495 propterea
763 442 942 494 Poetam,
979 442 1119 495 alioqui
1149 445 1247 484 vitae
1274 445 1478 484 communis
1512 447 1672 498 ejusque
1700 442 1791 484 ossi·²

270 515 410 552 ciorum
439 511 645 560 asseclam,
676 511 950 550 inconstantiae
977 516 1161 562 accuset,
1181 513 1380 552 dicendum
1408 517 1486 562 est,
1522 527 1607 553 eum
1634 513 1719 552 Sat.
1748 500 1788 564 1,
1818 555 1821 558 ,

269 582 319 630 3,
351 582 430 622 122
463 593 548 631 sqq.
589 579 716 618 studio
745 579 946 630 aequitatis
975 583 1015 617 et
1041 580 1188 620 sincero
1217 593 1309 632 erga
1336 562 1506 620 homiues
1534 593 1664 620 amore
1691 579 1813 619 invi-'1
1836 616 1842 631 ‚

267 652 387 687 tatum
419 640 571 686 Stoicae
609 647 832 700 disciplinae
870 647 1036 698 rigorem
1062 651 1316 699 temperasse,
1353 662 1401 688 ne
1426 649 1599 688 homines
1626 650 1664 688 in
1692 648 1790 688 alios
1856 675 1867 683 ι

267 717 353 769 plus
380 729 503 767 aequo
536 715 737 754 illiberales
769 720 909 756 essent.
968 716 1069 755 Nam
1101 715 1164 754 ubi
1195 729 1321 755 veram
1354 717 1556 767 virtutem,
1588 729 1685 767 quae
1712 728 1789 763 non

268 785 453 839 subducta
476 785 646 823 utilitatis
676 784 823 822 ratione
851 784 949 823 effici
972 783 1102 835 debet,
1125 783 1344 835 aequalibus
1370 785 1565 824 colendam
1582 781 1792 836 proponit,

269 854 302 892 ei
338 853 428 891 nihil
460 853 631 892 usitatius
664 857 745 902 est,
790 864 902 903 quam
935 852 1149 892 Stoicorum
1186 853 1345 903 rigidam
1377 848 1608 904 disciplinam
1641 853 1681 891 in
1708 865 1792 891 rem
1848 851 1890 881 C*

267 934 373 960 suam
404 928 640 962 convertere.
668 919 781 958 Conf.
808 920 1020 971 Pflugradt.
1047 921 1140 959 diss.
1163 922 1210 959 de
1232 919 1384 959 Philos.
1411 921 1466 960 H.
1493 914 1628 960 Stoica
1654 923 1686 972 §-
1705 920 1790 963 XX.

268 990 328 1028 De
355 990 520 1028 dictione
552 993 676 1027 autem
704 988 790 1025 lene
818 987 1036 1035 damnum,
1067 988 1153 1026 lene
1168 989 1360 1041 facinus,
1399 1002 1511 1040 quam
1546 989 1812 1029 consuetudi-·

268 1071 356 1096 nem
382 1057 487 1095 latini
518 1057 704 1095 sermonis
735 1070 819 1095 esse
853 1058 1008 1108 negavit
1041 1056 1268 1095 Lambinus
1279 1085 1295 1103 ,
1330 1057 1505 1096 dubitare
1538 1057 1629 1096 noli.
1681 1057 1792 1095 Leve
1848 1056 1893 1112 ‚⁵

269 1127 370 1164 enim
396 1125 590 1163 damnum
616 1124 748 1174 (Ovid.
777 1125 868 1164 Met.
897 1124 963 1175 14,
992 1126 1087 1166 197.
1116 1126 1296 1164 Prudent.
1325 1125 1461 1166 Perist.
1487 1122 1540 1166 14
1563 1123 1670 1177 (10),
1692 1123 1792 1168 526.
1828 1135 1831 1137 ’
1879 1131 1883 1133 “

268 1193 427 1245 Weitz.)
455 1194 611 1243 dicitur,
651 1194 754 1244 quod
786 1206 857 1244 per
891 1207 932 1232 se
968 1193 1104 1244 nullius
1142 1193 1221 1232 fere
1257 1198 1317 1232 est
1352 1193 1466 1244 pretii
1499 1196 1565 1231 aut
1597 1192 1792 1243 momenti,
1872 1243 1877 1245 Δ

270 1262 381 1308 lene,
415 1262 518 1313 quod
548 1275 626 1300 non
653 1263 706 1299 ita
733 1261 895 1299 animum
922 1265 1049 1299 movet
1088 1261 1136 1299 ob
1175 1273 1331 1319 eamque
1358 1273 1438 1299 rem
1466 1261 1644 1313 aequiore
1672 1261 1793 1301 semu·
1842 1301 1843 1304 ,
1874 1258 1884 1287 J

269 1332 406 1372 animo.
461 1331 598 1383 Neque
638 1329 735 1368 male
768 1334 987 1380 comparant
1022 1329 1105 1366 leni
1135 1329 1255 1366 ruina
1290 1328 1366 1367 Od.
1396 1330 1444 1378 2,
1481 1330 1556 1379 19,
1591 1327 1673 1379 15.,
1705 1328 1793 1367 lene
1872 1336 1875 1337 ’

270 1407 506 1439 tormentum
534 1399 612 1440 od.
641 1398 689 1446 3,
720 1399 799 1447 21,
829 1397 894 1437 13.
935 1397 1047 1436 Conf.
1074 1395 1200 1436 Liibk.
1230 1397 1279 1435 ad
1306 1397 1382 1438 od.
1411 1397 1461 1453 3,
1493 1398 1638 1448 1,⁷22.
1665 1396 1790 1436 Kritz.
1838 1389 1842 1393 ¹
1874 1439 1875 1442 Ἰ

269 1468 315 1505 ad
347 1467 436 1505 Sall.
467 1468 555 1518 Jug.
596 1467 672 1516 89,
710 1465 750 1507 4.
806 1465 985 1504 Ceterum
1021 1464 1107 1502 lene
1144 1469 1184 1504 et
1220 1466 1328 1512 leve,
1364 1468 1500 1517 utpote
1537 1477 1635 1516 quae
1669 1476 1791 1517 paene
1874 1469 1882 1510 ἶ

269 1537 401 1575 eadem
429 1540 582 1584 essent,
605 1534 715 1585 jungi
742 1533 959 1572 observavit
989 1533 1035 1572 V
1030 1547 1197 1571 avae-sor
1221 1534 1260 1572 in
1290 1532 1485 1574 Antibarb.
1511 1546 1551 1585 p.
1580 1533 1678 1575 559.

379 1605 424 1642 V.
448 1604 646 1645 57—62.
684 1603 758 1641 Vir
783 1601 907 1640 bonus
930 1623 987 1630 —
1011 1599 1168 1641 nubem.
1195 1603 1280 1641 Jam
1293 1602 1408 1641 ‘redit
1433 1600 1557 1640 Poeta
1581 1601 1632 1640 ad
1660 1601 1793 1640 virum
1871 1626 1882 1659 3¹

268 1671 370 1710 illum
401 1672 546 1710 bonum
577 1672 629 1724 (v.
648 1671 716 1712 39.
742 1670 1007 1723 40)'externis
1036 1670 1151 1708 rebus
1179 1670 1322 1722 populo
1351 1674 1394 1709 ut
1420 1668 1612 1709 unnm'de
1638 1670 1794 1710 meliore

267 1743 359 1778 nota
388 1741 598 1790 cognitum,
624 1740 712 1778 licet
738 1725 941 1779 introrsum
970 1741 1091 1791 turpis
1121 1740 1191 1789 sit,
1221 1739 1260 1777 id
1290 1727 1393 1790 quod
1423 1739 1504 1789 ejus
1531 1750 1668 1790 preces
1694 1735 1794 1778 indi·
1874 1764 1878 1781 ,-

269 1813 379 1857 caut,
411 1808 561 1859 quibus,
592 1822 707 1859 quum
731 1808 831 1846 clare
851 1809 989 1846 Jannm
1011 1812 1051 1846 et
1075 1800 1284 1859 Apollinem
1304 1806 1503 1856 invocavit,
1531 1806 1645 1844 tacite
1668 1804 1796 1858 optat,
1870 1828 1878 1861 s

269 1881 310 1914 ut
337 1876 533 1914 malefacta
561 1875 704 1914 lateant
738 1887 947 1927 nomenque
975 1877 1056 1913 viri
1083 1875 1176 1913 bom·
1203 1879 1243 1913 et
1270 1875 1307 1913 in
1328 1880 1524 1927 posterum
1542 1873 1612 1912 sibi
1629 1871 1793 1917 manens.
1871 1870 1876 1884 ³

267 1945 389 1983 Recte
418 1944 534 1994 igitur
563 1943 691 1980 Schol.
723 1943 850 1993 Cruq.:
881 1945 977 1994 „qui
1006 1944 1167 1993 videtur,
1198 1957 1275 1981 non
1302 1956 1392 1982 vere
1423 1946 1502 1990 est3
1523 1942 1564 1994 *)
1592 1944 1661 1982 sed
1679 1955 1792 1995 quem

268 2012 431 2064 populus
456 2012 614 2063 probat,
646 2011 846 2048 conferens
875 2011 914 2048 in
941 2023 1024 2048 eum
1054 2012 1278 2062 dignitates,
1306 2011 1493 2062 honores,
1517 2004 1691 2062 judicia,=
1714 2011 1794 2051 iro-
1865 2037 1868 2044 ·

268 2079 422 2119 nicosf‘
478 2079 588 2118 Salse
617 2082 761 2117 autem:
802 2091 918 2130 quem
943 2085 1117 2128 spectat,
1155 2080 1180 2118 i.
1211 2092 1245 2120 e.
1276 2079 1454 2130 suspicit,
1491 2078 1719 2130 admiratur,
1749 2080 1795 2118 αἱ

269 2150 321 2197 6,
351 2150 418 2191 19.
477 2146 620 2187 Gaude
664 2146 772 2198 quod
803 2153 983 2196 spectant
1017 2146 1126 2183 oculi
1158 2153 1194 2182 te
1225 2146 1335 2183 mille
1366 2146 1598 2197 loquentem.
1653 2147 1792 2198 Neque
1863 2159 1867 2163 ‘

269 2223 397 2256 tamen
423 2216 740 2269 ipsassacrificia,
781 2227 939 2265 quorum
971 2227 1007 2252 v.
1043 2215 1111 2255 58.
1148 2215 1289 2252 mentio
1329 2215 1396 2264 fit,
1433 2214 1556 2253 Poeta
1583 2218 1708 2264 taxat,
1737 2215 1792 2253 uti
1869 2205 1880 2237 ’ἶ

270 2285 456 2323 nonnullis
487 2285 607 2322 visum
634 2287 707 2332 est,
737 2283 806 2321 sed
834 2282 1074 2320 sacrificantis
1103 2286 1266 2319 mentem
1291 2294 1313 2320 a
1342 2295 1431 2320 vera
1450 2282 1592 2334 pietate
1621 2281 1792 2322 alienam.
1851 2275 1868 2327 ᾗ

270 2354 384 2391 Conf.
412 2353 538 2392 Liibk.
570 2354 619 2391 ad
646 2352 719 2390 Od.
750 2352 791 2402 3,
823 2350 891 2393 23.
919 2364 957 2401 p.
987 2348 1088 2392 492.
1134 2349 1230 2387 Cum
1267 2349 1462 2388 sacrificiis
1489 2353 1614 2388 autem
1642 2362 1794 2403 semper
1860 2379 1862 2381 »

266 2435 402 2471 preces
426 2423 579 2473 junctae
607 2422 770 2471 fuerunt,
799 2418 934 2471 quibus
963 2417 1152 2454 interdum
1172 2424 1264 2454 vota
1283 2416 1533 2455 addebantur.
1561 2412 1653 2457 Inde
1671 2430 1706 2456 v.
1723 2418 1791 2460 59.
1869 2462 1872 2467 ν

271 2490 374 2526 Jane
393 2496 521 2540 pater.
549 2489 725 2527 Lactant.
758 2488 850 2526 Inst.
881 2485 922 2536 4,
956 2485 998 2535 3,
1030 2485 1095 2526 12.
1127 2484 1270 2536 Itaque
1299 2491 1335 2521 et
1360 2484 1546 2535 Iuppiter
1572 2498 1600 2522 α
1620 2487 1792 2537 precan·
1864 2507 1869 2511 <

272 2556 376 2594 tibus
399 2565 517 2608 pater
546 2564 709 2595 vocatur
733 2563 770 2593 et
802 2556 1003 2594 Saturnus
1031 2559 1068 2590 et
1094 2553 1229 2591 Ianus
1258 2556 1331 2591 etc.
1381 2551 1441 2591 De
1470 2552 1541 2592 hoc
1568 2552 1791 2612 cognomine
1869 2567 1875 2605 j,

271 2625 357 2663 vide
388 2638 484 2676 quos
509 2626 664 2663 laudant
693 2625 821 2663 Burm.
849 2624 900 2662 ad
929 2621 1041 2661 Anth.
1072 2621 1136 2662 lat.
1166 2621 1194 2661 I.
1225 2635 1264 2673 p.
1299 2621 1364 2662 13.
1395 2621 1565 2660 Brissou.
1594 2621 1643 2660 de
1661 2620 1790 2668 Form.
1859 2639 1878 2670 -χ
1901 2623 1904 2627 ’

275 2694 320 2740 1,
353 2694 420 2733 70.
459 2693 596 2733 Heind.
625 2694 674 2731 ad
699 2693 780 2731 Sat.
812 2695 834 2734 2
849 2719 862 2742 ,
894 2693 940 2743 6,
973 2692 1039 2733 20.
1090 2690 1200 2728 Prior
1229 2694 1354 2728 autem
1388 2689 1635 2728 invocabatur
1656 2688 1791 2736 Janns,
1869 2678 1874 2694 ³
1903 2686 1906 2687 ⁷

274 2758 357 2800 Cat.
386 2760 431 2798 R.
462 2760 509 2798 R.
542 2757 634 2801 134.
668 2759 782 2798 Mart.
813 2760 879 2808 10,
911 2760 979 2807 28,
1011 2759 1049 2799 2.
1090 2757 1169 2797 Cic.
1199 2757 1251 2796 N.
1276 2757 1326 2796 D.
1355 2759 1395 2807 2,
1425 2758 1493 2807 27,
1523 2757 1590 2797 67.
1621 2751 1789 2792 Muci-ob.
1859 2779 1878 2815 „L
1891 2746 1905 2798 ‘f

386 2909 423 2951 *)
450 2910 504 2944 De
523 2910 727 2954 Haberjeldi
743 2883 1044 2956 interpretatione
1064 2908 1165 2954 hujus
1181 2908 1251 2943 loci
1271 2919 1305 2942 v.
1326 2904 1483 2944 56—58.
1510 2903 1667 2949 disputat
1686 2901 1789 2938 Dan-

275 2969 358 2997 tzer.
378 2976 412 3008 p.
433 2962 639 3001 456-457.
737 2972 741 2974 “
