1910 3138
139 163 196 205 73
243 163 522 204 GomNT.
540 163 598 205 IN
615 165 739 205 HOR.
759 165 856 204 Lm.
875 167 905 206 1.
949 167 1111 206 BHST.
1130 168 1539 211 Duomzvlcssm.
1582 170 1666 212 421

140 288 238 313 nan
254 275 407 315 cuffiam
435 283 475 314 et
493 278 694 316 intonsum
719 286 843 330 caput
869 287 907 317 ee
932 281 1258 334 negligenubrem
1282 282 1450 322 barbam
1476 292 1515 323 et
1538 286 1666 324 indic-

139 349 418 396 wmeargenw
442 345 577 384 odisam
603 354 643 384 et
662 346 793 385 cubile
814 346 930 386 humi
949 350 1126 399 positum
1150 357 1187 387 et
1214 351 1409 403 quicquid
1431 351 1551 392 aliud
1573 368 1665 392 am·-

139 410 326 450 biubnm
344 425 532 464 power-sa
558 415 627 451 via
650 417 848 467 sequitur,
874 416 1020 456 devita.
1068 418 1179 455 Satis
1204 419 1339 469 ipsum
1364 433 1505 459 nomen
1527 421 1663 472 philo-

135 478 318 530 sophiae,
357 482 516 519 ammei
539 482 709 520 mdeste
735 490 926 522 trae-tetm-
939 513 952 530 ,
990 486 1230 524 invidioeum
1258 494 1328 525 est.
1384 489 1509 534 Quam
1537 502 1661 528 curam

135 558 294 598 eamque
314 561 394 587 non
420 561 571 599 semper
596 548 816 590 laudabilem
846 558 993 591 veteres
1022 553 1075 591 illi
1102 554 1264 592 Romani
1292 560 1331 593 et
1357 555 1395 594 in
1419 556 1594 608 mpiffifio
1623 563 1663 596 et

134 612 174 651 in
195 612 312 652 barba
334 616 549 666 posuerint,
576 620 763 656 testantur
789 618 861 657 loci
888 621 936 658 ad
958 622 999 667 1,
1022 620 1090 662 94.
1119 622 1272 660 indicati
1299 622 1384 661 coll.
1414 623 1495 662 Cic.
1521 625 1560 663 in
1586 625 1662 664 Ca·

133 680 190 719 til.
218 683 259 731 2,
289 682 358 732 10,
384 684 452 724 22.
482 686 521 721 et
548 696 643 733 quos
672 684 801 724 laudat
817 687 1022 739 Rupertius
1040 689 1091 726 ad
1108 689 1193 728 Juv.
1212 691 1255 739 6,
1276 690 1370 731 105.
1393 693 1459 740 11,
1482 691 1562 733 149
1574 705 1660 744 sqq.

135 748 380 801 Quapropter
406 750 636 802 improbabis
661 751 856 791 Lambini
882 760 920 794 et
946 756 1101 794 Mureti
1125 758 1492 808 interpretationem:
1520 760 1659 810 „qui⁸‚

133 827 231 867 qnae
257 818 484 867 tondentur,
520 818 664 857 hirsuta
691 826 731 859 et
755 822 875 873 pilosa
905 825 981 862 sint
1005 837 1164 863 necesse
1192 829 1271 871 est,
1306 839 1375 877 per
1404 833 1557 864 tonsam
1585 841 1660 865 cu·-

133 890 211 921 tem
238 885 353 923 totius
381 887 551 937 corporis
573 886 765 926 horridam
788 891 973 940 quandam
997 896 1036 929 et
1064 892 1245 930 hirsutam
1270 895 1513 944 asperitatem
1540 896 1660 947 signi·

132 951 279 1001 ficat‚“
307 953 538 1005 vituperabis
572 954 762 1007 Cruquii‚
800 959 1016 1005 Tor-rentii,
1044 959 1203 998 Lubim'
1227 966 1452 1000 monstrum:
1481 963 1594 1011 „duri
1619 964 1658 1002 in

128 1019 267 1058 amicos
294 1021 465 1060 hominm
492 1022 721 1063 arbitrantur
748 1038 789 1063 se
809 1027 1061 1066 commendari
1088 1035 1202 1066 tonsa
1227 1037 1315 1067 cute
1326 1058 1340 1076 ‚
1365 1044 1443 1068 non
1465 1044 1557 1080 sua,
1585 1031 1656 1069 sed

129 1086 238 1125 amici
264 1091 305 1126 et
332 1088 507 1127 dentibus
535 1091 650 1138 atris,
677 1090 714 1130 h.
748 1106 783 1136 e.
820 1096 966 1144 agresti
989 1096 1235 1136 mordacitate
1271 1102 1308 1136 et
1341 1097 1529 1136 horrenda
1564 1111 1657 1136 con-

127 1154 294 1193 tentione
315 1167 431 1206 saepe
455 1158 503 1196 de
525 1171 568 1196 re
597 1159 743 1198 nihili.“
784 1161 1059 1202 immunditiem
1085 1165 1317 1215 quorundam
1346 1164 1654 1215 philosophorum

128 1221 197 1264 Fr.
230 1235 383 1274 quoque
418 1224 577 1267 Jacobs,
611 1227 674 1277 (V.
702 1241 740 1278 p,
766 1228 838 1279 91)
872 1229 1058 1282 intelligit.
1109 1233 1305 1271 Horatium
1331 1238 1481 1284 praeter
1504 1236 1653 1271 ceteros

126 1289 341 1329 Stoicorum
363 1293 522 1341 rigidam
549 1290 782 1346 disciplinam
811 1299 978 1337 sensisse
1011 1301 1124 1339 etiam
1156 1302 1324 1339 declarat
1354 1301 1517 1338 libertas
1542 1314 1652 1338 mera

127 1370 298 1409 veraque
332 1362 469 1398 virtus.
526 1362 613 1400 Vid.
652 1375 737 1402 ann.
774 1365 823 1402 ad
855 1367 932 1416 10,
960 1365 1030 1408 41.
1065 1369 1152 1407 coll.
1186 1369 1237 1409 O.
1260 1369 1368 1411 Jahn.
1399 1369 1447 1407 ad
1476 1369 1580 1410 Pers.
1609 1369 1651 1418 5,

125 1424 194 1466 82.
226 1429 268 1464 et
303 1426 393 1466 ibid.
426 1442 464 1479 p.
496 1429 588 1469 181.
643 1430 718 1468 Per
745 1431 960 1473 libertatem
993 1441 1119 1474 autem
1146 1450 1222 1475 non
1252 1450 1335 1476 eam
1360 1442 1528 1487 tantum,
1555 1451 1652 1489 quae

124 1493 162 1530 in
187 1492 311 1532 verbis
332 1495 382 1532 sit
406 1495 588 1546 intelligi,
626 1497 696 1534 sed
722 1511 820 1548 quae
843 1501 972 1540 habitu
1009 1516 1160 1554 quoque
1190 1518 1233 1543 se
1260 1506 1425 1556 prodat,
1459 1510 1563 1543 recte
1593 1506 1653 1543 di-

125 1559 177 1597 cit
192 1560 435 1612 Rappoltus.
478 1563 538 1602 De
560 1567 701 1602 virtute
724 1580 817 1604 vera
845 1568 919 1606 dixi
949 1570 998 1607 ad
1022 1572 1064 1620 1,
1095 1573 1163 1612 16.
1192 1573 1239 1611 cs.
1268 1572 1396 1610 Liibk.
1426 1573 1477 1611 ad
1504 1574 1580 1614 od.
1606 1575 1651 1624 3,

125 1628 166 1676 2,
192 1629 244 1669 21
273 1650 331 1657 —
355 1630 422 1671 25.

235 1694 279 1733 V.
308 1698 347 1736 9.
390 1697 527 1737 Virtus
554 1707 611 1737 est
632 1723 686 1730 —
709 1702 925 1743 reductum.
982 1703 1041 1742 Ab
1083 1707 1279 1744 contrariis
1319 1712 1407 1746 ante
1441 1710 1648 1760 propositis

123 1762 163 1799 in
184 1761 457 1804 hancvirtutis
486 1767 740 1807 definitionem
776 1770 1051 1810 Aristotelicam
1081 1786 1150 1811 sua
1186 1781 1323 1826 sponte
1352 1776 1484 1815 incidit
1514 1778 1648 1821 Poeta.

122 1828 181 1867 Ita
202 1830 301 1869 enim
325 1832 447 1871 Ethic.
467 1835 508 1882 2,
534 1836 574 1883 6,
601 1836 699 1876 15.“
730 1834 869 1878 Ἔστιν
887 1835 967 1891 ἄρα
993 1838 1023 1891 ἦ
1046 1836 1165 1892 αἱρετή
1190 1841 1268 1891 ἕξις
1295 1843 1572 1898 προαιρετική,
1603 1846 1648 1888 ἐν

124 1895 308 1950 μεσότητι
334 1892 434 1940 οὖσα
460 1904 512 1957 τῇ
532 1899 634 1954 πρὸς
661 1901 789 1956 ἡμᾶς,
818 1904 1017 1962 ω’ρισμὲνῃ
1044 1905 1168 1964 λόγῳ,
1200 1910 1267 1951 καὶ
1294 1910 1347 1959 ὥς
1373 1908 1425 1952 ἄν
1448 1910 1647 1966 φρόνιμος

120 1961 284 2017 ὅρι’σειε·
322 1967 489 2021 μεσότης
527 1969 571 2010 δὲ
599 1969 675 2013 δύο
702 1977 876 2024 κακιῶν,
904 1978 976 2026 τῆς
1001 1974 1073 2027 μὲν
1097 1974 1192 2017 καθ’
1213 1975 1469 2032 ὑπερβολήν,
1498 1985 1570 2034 τῆς
1601 1980 1645 2022 δὲ

120 2029 201 2074 κατ’
230 2033 418 2086 ἔλλειψιν.
466 2038 560 2077 lbid.
593 2042 632 2091 2,
662 2042 703 2090 8,
736 2044 758 2082 1
787 2055 873 2092 sqq.
904 2043 945 2090 9,
978 2046 1000 2085 1
1026 2058 1112 2096 sqq·
1154 2047 1252 2085 Hinc
1271 2048 1490 2099 Hieronym.
1519 2050 1643 2102 Epist,

121 2101 171 2139 ad
198 2100 427 2142 Demetriad.
456 2106 496 2146 8.
526 2106 557 2146 l.
584 2120 623 2158 p.
651 2106 718 2148 44.
747 2109 790 2148 Β.
840 2110 1174 2161 Philosophorum
1185 2114 1226 2166 ¹⁶¹)
1265 2129 1419 2166 quoque
1450 2119 1643 2155 sententia

121 2176 176 2206 est
187 2197 203 2215 ‚
225 2168 443 2222 μεσότητας
464 2169 622 2226 ἅρετᾶς,
648 2171 873 2229 ὑπερβολὰς
893 2179 1033 2226 κακίας
1052 2175 1175 2220 εἷναιε
1205 2183 1313 2232 quod
1326 2184 1501 2221 Latinus
1517 2198 1641 2223 sermo

119 2340 178 2375 30.
198 2341 344 2388 Rupert.
367 2344 410 2378 ad
432 2345 512 2380 Juv.
531 2345 566 2390 5,
588 2348 666 2382 171.
685 2348 840 2394 interpp.
864 2349 907 2384 ad
931 2348 1077 2387 Lucian.
1103 2351 1255 2388 Conviv.
1277 2355 1334 2390 18.
1354 2360 1393 2389 et
1412 2366 1499 2401 quos
1520 2357 1639 2394 laudat

120 2396 166 2430 0.
183 2396 327 2432 Jahnius
349 2401 393 2433 ad
417 2401 517 2436 Pers.
536 2414 573 2447 p.
594 2403 791 2438 LXXXVI.
817 2405 863 2439 N.
881 2408 915 2441 2.

231 2451 269 2496 *J
286 2454 341 2488 Ita
356 2455 460 2491 etiam
479 2459 582 2493 stob.
598 2460 676 2494 Ecl.
697 2462 730 2503 2,
746 2462 779 2495 7.
798 2473 833 2505 p.
848 2461 905 2497 38.
925 2462 1034 2497 Heer.
1054 2457 1186 2506 Ἠθικὴ
1206 2458 1338 2498 δ’ἐστὶν
1355 2461 1468 2510 §ostri
1483 2467 1637 2514 μεσότης

117 2507 270 2550 παθῶν,
291 2502 317 2552 ἢ
344 2507 414 2551 ἕξις
441 2509 613 2555 ὁρίζουσα
638 2516 705 2550 τοῦ
728 2514 877 2556 πάθους
904 2514 972 2560 τήν
1000 2513 1206 2563 ὑπερβολήν
1232 2519 1294 2554 καὶ
1320 2519 1388 2565 τήν
1407 2520 1565 2568 ἔλλειψιν
1583 2527 1636 2574 τῷ

117 2561 183 2605 τῆς
210 2562 412 2608 φρονήσεος
433 2565 537 2614 λόγῳ.
574 2570 753 2606 Plutarch.
774 2572 819 2605 de
837 2571 972 2607 Virtut.
990 2585 1076 2607 mor.
1102 2575 1181 2609 vn.
1202 2587 1238 2620 p.
1257 2574 1327 2612 746
1341 2589 1396 2623 sq.
1426 2579 1502 2614 Cic.
1525 2582 1634 2620 Tune.

115 2615 152 2661 4,
179 2621 236 2664 20,
255 2617 313 2656 46.
333 2621 400 2665 (ib.
417 2623 548 2667 Orell.)
570 2626 703 2661 Colum.
719 2628 764 2662 R.
779 2627 822 2661 R.
837 2627 873 2671 3,
888 2627 921 2663 5.
949 2630 1107 2674 Interpp.
1124 2631 1169 2665 ad
1184 2631 1260 2666 Cic.
1275 2645 1332 2678 pr.
1349 2634 1485 2670 Mareu.
1502 2638 1559 2682 30,
1571 2640 1630 2675 63.

118 2674 299 2711 Eichstad.
317 2677 465 2718 Quaest.
483 2679 604 2725 philol.
622 2693 718 2727 spec.
742 2683 879 2728 septim·
900 2686 943 2719 dc
959 2686 1128 2719 vocabulo
1147 2687 1510 2729 mammetis-1011.
1527 2693 1627 2735 1842.

117 2729 203 2766 Inde
218 2732 411 2778 explicabis
425 2735 504 2770 Sat.
529 2738 560 2779 1,
582 2739 614 2779 1,
631 2739 709 2774 106.
734 2740 768 2781 2,
789 2735 834 2773 24
848 2750 903 2785 sq.
926 2740 996 2774 od.
1016 2743 1048 2784 2,
1066 2743 1120 2785 10,
1140 2741 1175 2777 5.
1195 2743 1263 2788 (ib.
1278 2745 1442 2793 Mitsch.)
1462 2755 1500 2784 et
1517 2756 1627 2789 nostr.

119 2797 197 2823 ann.
214 2789 259 2823 ad
279 2791 315 2834 6,
334 2789 388 2827 15.
405 2792 460 2827 16.
486 2792 543 2826 Jo.
562 2791 654 2827 Mar.
671 2793 790 2828 Martii
807 2795 914 2840 Opin.
938 2794 974 2830 in
996 2797 1112 2843 Triga
1133 2810 1254 2846 opusc.
1275 2813 1313 2848 p.
1328 2800 1412 2840 425.
1437 2807 1521 2842 Car.
1539 2809 1627 2844 Pas-

116 2853 192 2881 soV.
210 2844 259 2880 N.
275 2847 334 2882 61.
