1910 3138
83 215 165 261 <141
222 182 500 263 comm.
518 213 575 254 m
594 212 720 254 noa
746 210 1091 252 Lm.1.131²1s'r.
1106 209 1255 250 snm.
1269 208 1446 251 nsscm.
1511 206 1594 250 301

82 341 376 395 „Spain-gang
410 339 527 378 durch
563 337 770 377 Kalabrien
803 339 880 376 und
916 336 1130 389 Apulien.“
1167 335 1374 376 Consum.
1408 336 1530 378 1828.
1557 348 1596 387 p·

85 410 169 454 202
197 416 286 461 αις.

189 475 236 516 V.
264 476 317 519 12
346 488 431 527 sqq.
460 475 567 513 flms
594 477 713 513 etiam
738 496 794 502 —-
821 472 932 511 utilis
962 473 1066 513 alvo.
1101 471 1309 523 Porphyr.:
1339 472 1467 524 „sous
1493 473 1596 512 Ban-

80 544 191 584 «nnus
214 557 238 583 e
264 543 367 593 rivo,
395 543 459 594 qui
484 542 662 594 Digentia
689 543 837 582 dicitur.
882 542 987 591 Ergo
1014 552 1172 590 magnus
1200 539 1309 590 fons,
1338 540 1519 593 siquidem
1546 541 1595 579 ab

80 611 144 651 illo
177 611 281 650 rivus
314 623 393 649 non
429 610 511 650 sine
538 612 729 650 nomine.“
766 611 893 652 Schol.
927 609 1043 658 Cruq.
1075 608 1124 646 ad
1160 607 1297 646 lemma
1321 607 1424 660 fime
1450 610 1594 647 etiam.-

80 678 237 732 „suppL
272 681 336 717 est
365 678 405 716 in
438 691 533 730 agro
569 691 652 717 meo
687 680 746 717 cui
773 691 910 717 nomen
940 681 1003 715 est
1027 675 1270 714 Bandusius“
1301 697 1358 705 —
1385 677 1436 714 ad
1460 676 1597 716 lemma

81 744 135 784 id.
163 747 284 783 dare:
310 744 411 796 „hoc
440 750 520 796 est,
548 750 624 784 tam
647 759 806 797 magnus
834 750 908 794 est,
937 750 979 783 ut
1005 745 1072 783 det
1101 757 1239 782 nomen
1265 745 1347 782 rivo
1374 745 1439 795 qui
1462 745 1599 783 dicitur

82 812 305 864 Digentia.“
357 813 591 852 Scholiastae
626 816 724 852 veris
756 814 852 852 falsa
883 814 1125 851 miscuerunt.
1182 813 1228 851 In
1263 817 1441 864 promptu
1473 817 1601 853 auten

81 884 155 930 est,
180 880 396 931 Horatium,
423 895 536 932 quum
562 882 602 919 iu
628 881 733 920 sonte
758 895 827 920 suo
852 881 1024 919 laudaret
1047 880 1279 930 ubertatem,
1304 893 1383 917 rem
1410 880 1600 920 indicasse

80 960 158 986 non
186 961 284 999 quae
309 953 444 1000 posset
477 962 586 998 esse,
627 950 697 987 sed
725 962 821 1000 quae
858 954 960 986 esset
988 949 1015 986 i.
1044 961 1078 986 e.
1111 943 1247 995 ἱκανὸς
1274 947 1455 988 aidonem.-
1482 949 1599 999 „fons

82 1019 158 1053 tam
186 1027 284 1066 aqua
312 1015 530 1066 abundans,
560 1021 601 1055 ut
628 1029 735 1054 suum
759 1028 895 1054 nomen
924 1015 991 1053 det
1017 1015 1122 1064 rivo,
1148 1015 1212 1065 qui
1236 1019 1295 1053 est
1324 1014 1544 1066 Digentia.“
1559 1015 1599 1069 ¹⁹¹)

83 1080 204 1121 Aliter
232 1083 298 1134 qui
325 1083 530 1134 explicant,
567 1088 609 1122 ut
634 1083 828 1121 Bothius:
863 1083 1064 1134 „dignus‚
1093 1095 1117 1120 a
1143 1095 1219 1132 quo
1245 1082 1347 1119 rivus
1375 1084 1600 1135 appelletur,

82 1149 154 1188 nisi
179 1150 278 1188 aliud
305 1151 339 1188 is
369 1151 506 1190 habeat
533 1165 692 1201 nomen,
730 1151 987 1201 Digentiae;“
1025 1154 1067 1189 ut
1103 1150 1412 1188 Scrodtmannus
1437 1151 1599 1202 (Progr.

83 1217 200 1258 schol.
223 1217 448 1270 Flensburg.
475 1220 597 1261 1839.
613 1233 654 1271 p.
674 1217 879 1270 mum:
906 1219 1062 1268 „dieser
1085 1217 1197 1263 Quen
1221 1218 1343 1257 fliesst
1367 1232 1411 1256 so
1436 1232 1600 1259 wasser-

81 1285 205 1335 reieh,
233 1285 323 1323 dass
350 1298 393 1324 er
420 1286 542 1325 selbst
575 1286 700 1338 (nicht
731 1290 827 1323 etwa
854 1285 916 1323 ein
942 1276 1104 1335 andrer,
1131 1286 1201 1323 der
1225 1285 1285 1323 bei
1313 1286 1386 1324 den
1415 1286 1601 1326 Sabinern

82 1352 191 1390 daffir
214 1353 341 1403 gelten
366 1353 543 1406 mochte)
578 1355 793 1403 verdiente,
830 1353 891 1390 fiir
919 1353 995 1391 den
1018 1354 1220 1406 Ursprung
1248 1354 1342 1392 oder
1369 1353 1599 1406 Hauptquell

81 1420 152 1459 der
175 1419 352 1471 Digentia
378 1422 593 1473 augesehen
620 1436 666 1461 zu
695 1420 899 1470 werden,“
926 1434 1004 1460 non
1028 1422 1122 1460 satis
1150 1422 1225 1459 vim
1246 1421 1454 1474 particulae
1481 1423 1599 1459 etiam

82 1488 249 1526 semisse
277 1489 476 1539 videntur,
516 1503 566 1528 ne
594 1491 783 1539 dicamus,
821 1488 1039 1537 Horatium,
1074 1490 1107 1527 si
1142 1489 1238 1527 hane
1271 1490 1495 1528 sententiam
1524 1490 1600 1528 illis

193 1625 231 1669 ¹⁸)
267 1625 457 1671 Apponere
482 1625 753 1717 lumliorum
780 1637 882 1671 quum
909 1636 1059 1672 pravas,
1091 1630 1166 1660 tum
1191 1637 1299 1660 veras
1330 1626 1599 1673 explicationes.

83 1680 324 1716 fflnim:
359 1682 544 1726 „Idoneus
673 1694 798 1718 nomen
815 1683 917 1726 rivo,
943 1687 983 1716 ut
999 1683 1115 1728 possit
1132 1683 1253 1728 potius
1272 1683 1371 1717 rivus
1394 1695 1497 1730 quam
1518 1686 1601 1720 fons

83 1736 296 1771 immineri-‘⁴
332 1738 396 1772 Sic
414 1744 453 1772 et
474 1739 680 1774 Tun-entim
697 1739 946 1783 fontem„rivi
966 1751 1092 1774 nomen
1111 1741 1267 1774 mereri“
1289 1740 1353 1775 ait.
1392 1741 1605 1777 Lambinus.-

84 1792 207 1837 „F'ons
224 1798 294 1828 tam
313 1795 465 1829 salubris
483 1814 540 1821 —
560 1815 609 1821 —
632 1801 670 1830 et
686 1797 791 1841 uber,
818 1802 859 1830 ut
878 1796 1006 1842 diguus
1031 1795 1098 1840 sit,
1127 1797 1224 1841 cujus
1244 1795 1343 1832 rivus
1364 1798 1408 1832 ab
1428 1809 1472 1832 eo
1490 1798 1602 1833 nomi-

84 1849 226 1888 netur.“
267 1850 448 1886 Febr-'eim
468 1852 598 1886 fontem
618 1864 639 1886 a
655 1853 735 1887 rivo
755 1852 942 1898 Digentiae
963 1853 1147 1887 deductum
1166 1865 1246 1887 esse
1264 1854 1355 1888 vult.
1397 1855 1601 1900 Despreuz:

84 1906 205 1950 „Tam
221 1907 440 1943 abundantes
458 1920 568 1955 aquas
597 1909 631 1943 ei
652 1910 732 1944 rivo
753 1910 952 1956 praebens,
982 1916 1023 1944 ut
1043 1910 1139 1944 inter
1156 1910 1285 1945 fluvios
1306 1911 1518 1946 Sabinorum
1537 1911 1601 1946 Di-

84 1962 205 2007 gentia
234 1968 436 1998 numeretur
462 1970 500 1999 et
528 1966 767 2001 nominetur.“
809 1967 983 2002 Similiter
1005 1967 1204 2001 Guttmmm
1225 1967 1373 2013 (Progr.
1395 1966 1600 2003 Schweidu.

86 2018 208 2064 1836J:
229 2020 358 2063 „Danu
376 2021 441 2055 der
460 2021 578 2067 Quen,
598 2023 679 2057 dess
699 2023 837 2058 Numen
854 2023 919 2058 mit
935 2023 1039 2058 stolz
1057 2022 1115 2058 ein
1131 2024 1252 2058 Strom
1273 2025 1366 2059 wohl
1386 2024 1601 2070 empfinge·“

84 2074 272 2110 Donenn’co
295 2079 339 2112 de
357 2078 496 2113 saneti·
513 2079 600 2114 diss.
619 2091 727 2125 sopra
746 2080 831 2115 villa
849 2080 887 2115 di
914 2080 1046 2115 Orazio
1064 2079 1195 2115 Flacco
1216 2086 1288 2115 etc.
1334 2080 1498 2115 Seconda
1525 2078 1605 2114 edi·

84 2130 198 2168 zione.
233 2133 276 2167 In
295 2133 405 2168 Roma
427 2136 530 2170 1768.
548 2147 586 2181 p.
611 2138 689 2172 12.=
723 2127 791 2180 „1⁸3
810 2142 934 2182 questo
958 2139 977 2170 ὸ
996 2137 1076 2183 quel
1095 2138 1214 2180 fonte,
1239 2138 1303 2171 che
1324 2136 1517 2171 scorrendo
1537 2135 1598 2180 piu

85 2197 195 2233 puro,
223 2190 244 2223 e
270 2189 331 2235 piu
358 2190 476 2225 fresco
504 2191 587 2226 dell'
608 2192 728 2236 Ebro,
755 2194 844 2228 utile
857 2220 867 2237 ,
899 2206 918 2227 e
939 2193 1082 2228 salubre
1102 2205 1167 2239 per
1186 2193 1201 2226 i
1219 2194 1301 2227 mali
1319 2193 1355 2226 di
1378 2204 1467 2237 copo
1481 2218 1491 2235 ,
1524 2204 1543 2225 e
1564 2191 1603 2226 di

85 2247 289 2289 ttommnco,
325 2247 483 2281 fos-:nava
511 2260 581 2282 nou
600 2249 696 2293 solo,
720 2260 775 2283 ma
794 2250 885 2284 dava
906 2261 1013 2284 ancor
1037 2261 1137 2283 nome
1165 2249 1200 2283 al
1227 2249 1379 2283 ruscello
1403 2248 1601 2292 Digenza.“

86 2299 304 2345 Campenon:
327 2303 443 2347 „Puis
454 2304 513 2348 -je
534 2304 673 2339 oublier
691 2316 761 2340 une
778 2317 921 2349 source,
949 2317 1050 2340 assez
1073 2305 1274 2339 abondante
1294 2316 1386 2350 pour
1402 2305 1534 2338 former
1553 2315 1602 2338 un

88 2355 247 2391 rtiueau
265 2357 326 2402 qui
343 2365 451 2404 porte
469 2371 534 2395 sou
550 2362 689 2396 nom?“
716 2362 891 2397 Giinther.-
911 2362 1026 2405 „Hier
1040 2361 1262 2406 entsprudelt
1276 2361 1334 2394 ein
1346 2361 1453 2402 Quell
1469 2360 1605 2404 gleich-

88 2410 202 2455 mmig
220 2412 298 2446 clem
318 2414 511 2450 riunenden
528 2417 735 2452 Rachleinst‘
776 2417 929 2452 Merkel=
959 2418 1133 2460 „Feruer
1150 2417 1210 2451 die
1229 2416 1375 2459 Quelle,
1399 2417 1604 2452 bedenteud

89 2476 219 2511 30⁰³&
238 2477 294 2502 um
312 2469 379 2503 deu
395 2469 491 2505 Bach
513 2483 557 2506 zu
575 2474 784 2508 benamen.“
812 2473 975 2507 Praeivit
997 2473 1150 2507 Vossius:
1168 2472 1292 2516 „Auch
1312 2473 1369 2506 ein
1388 2472 1512 2517 Quen,
1537 2466 1603 2508 (ier

90 2521 161 2556 den
178 2522 276 2556 nach
294 2535 372 2558 zum
389 2528 578 2562 uambaren
597 2529 819 2564 schwellet.“
863 2530 904 2563 In
924 2528 1070 2563 eandem
1088 2529 1299 2562 senteutiam
1322 2528 1538 2564 Wielandiaoe
1562 2534 1603 2564 et

92 2578 284 2612 Pannonius.
323 2579 458 2615 eontra
475 2581 652 2619 Dfintzer:
678 2585 824 2629 „dieser
842 2585 921 2619 fons
941 2586 989 2618 ist
1007 2584 1078 2618 fast
1100 2595 1139 2618 so
1160 2585 1270 2626 star-k,
1290 2583 1359 2618 wie
1378 2584 1438 2619 die
1459 2585 1604 2620 vorbei-

91 2634 291 2668 stromende
310 2634 480 2679 Digentia
503 2638 631 2684 selbst,
660 2653 700 2675 so
727 2641 809 2675 dass
827 2640 925 2674 diese
945 2640 1028 2674 sehr
1048 2639 1141 2672 wohl
1160 2650 1229 2674 von
1250 2639 1320 2674 ihm
1345 2641 1501 2676 benannt
1525 2643 1602 2678 sein

90 2690 262 2725 kanntest‘
290 2689 427 2725 Laudat
446 2692 621 2728 Gnatam·
637 2697 847 2731 monumenti
866 2696 991 2730 Sabini
1009 2695 1074 2738 111,
1091 2691 1149 2729 14.
1170 2700 1207 2729 et
1228 2696 1317 2731 Gau.
1332 2698 1378 2742 11,
1397 2698 1492 2744 351„
1514 2709 1600 2747 quo·

91 2757 167 2780 rum
185 2746 331 2781 alterum
350 2746 455 2789 trium
474 2747 619 2784 fontium
643 2754 780 2787 nomine
799 2753 913 2786 Fonte
931 2752 1019 2786 bello
1047 2750 1309 2798 insignitum,
1337 2754 1487 2791 alterum
1513 2755 1600 2791 ‹luo-

91 2811 186 2846 rum,
219 2814 239 2837 e
270 2804 397 2849 quibus
423 2803 515 2838 alter
529 2807 618 2848 som
643 2807 841 2843 Bandusiae
867 2819 946 2840 esse
965 2807 1099 2852 possit,
1130 2809 1340 2845 mentionem
1362 2801 1598 2849 sacen-edicit.

92 2857 194 2892 Hunc
213 2864 327 2894 autem
346 2871 458 2906 prope
479 2860 663 2896 Venusiam
683 2862 835 2898 inveniri
853 2868 952 2898 recte
971 2863 1023 2897 ait
1041 2864 1157 2909 Byr-on
1175 2861 1388 2913 („Poesien.
1411 2870 1467 2906 12.
1481 2868 1597 2905 Bind-

92 2913 194 2950 eheu.
220 2915 427 2952 Uibersetzt
445 2927 514 2952 von
532 2917 567 2952 J.
588 2917 631 2951 L.
650 2918 871 2954 Witthaus.“
899 2919 1087 2965 Zwickan‚
1110 2921 1215 2959 1822.
1235 2934 1274 2969 p.
1295 2920 1393 2970 149).
