1910 3138
100 118 187 198 2⁰1
257 150 536 197 m'l'.
563 153 619 194 ΙΝ
642 153 769 197 ROB.
795 152 896 196 Lm.
914 153 945 194 1.
989 151 1157 198 Evls‘r.
1181 152 1484 196 vlcRsman.
1543 152 1629 196 54⁹

101 278 184 306 rem
217 267 392 320 egrqiu·
427 272 486 307 ωε
518 267 625 307 locus
662 266 764 320 apud
797 267 1017 318 Hieronym.
1053 266 1233 319 Algasiae
1266 272 1416 319 quaest.
1446 269 1532 308 dec.
1560 268 1628 308 111·

99 347 140 386 p.
167 333 262 377 118,
285 333 334 377 B.
377 335 580 386 Quomodo
607 336 713 373 enim
741 334 931 374 elementa
955 334 1215 387 appellantur
1241 335 1403 383 literae,
1423 349 1501 388 per
1524 350 1629 389 quaa

97 399 356 453 qualum
383 402 504 441 verba
530 403 812 455 conjungimus
843 410 882 440 et
914 403 975 441 ad
1005 402 1216 441 mendam
1248 406 1467 442 orationem
1503 403 1629 457 longa

100 467 353 507 meduanam
372 471 627 522 procedimus
652 475 727 510 etc.
768 469 874 509 Tal‘n
900 469 1179 522 ludimagister
1204 471 1336 522 (Mart.
1359 473 1430 523 10,
1457 474 1528 523 62,
1551 471 1628 526 1.)‚

99 537 208 587 cuju
234 540 317 576 erat
341 538 413 577 tria
440 540 601 578 docere:
629 539 815 586 scribere,
842 537 970 588 legere
998 542 1038 577 et
1064 539 1249 578 calculare
1276 539 1381 593 (hinc
1406 539 1500 580 ibid.
1526 553 1565 579 v·
1585 538 1628 590 ζ».

98 602 322 643 calculator
349 612 387 646 et
419 606 615 659 notarius)
626 635 642 653 ,
678 619 703 644 a
727 606 912 643 Suetonio
948 606 1017 657 (de
1046 606 1102 644 111.
1131 608 1202 646 Gr.
1233 607 1293 659 4.)
1325 608 1628 660 grammaticen,

96 671 149 710 ab
174 671 335 724 Apuleio
362 673 525 725 (Florid.
551 674 625 725 20)
655 673 833 711 literator-
857 672 961 724 (coll.
993 673 1170 714 Oudend.
1197 675 1248 713 ad
1275 675 1378 727 Nep.
1405 674 1559 726 anm.
1583 677 1627 726 6,

95 737 140 780 4.
171 739 218 779 11.
245 754 284 792 p.
307 736 405 782 354.
430 742 490 780 ed.
515 741 688 795 Bardili.)
698 742 761 792 ²⁶¹),
788 741 828 780 in
855 740 971 779 Antb.
998 740 1065 780 lat.
1095 744 1136 792 2,
1157 744 1254 793 268,
1280 743 1320 783 1.
1346 742 1512 794 (Burni.)
1539 741 1629 781 cal-

99 807 216 854 culo,
243 810 317 860 qui
338 809 487 860 pubem
513 817 632 862 cogat
661 811 817 862 primas
843 809 991 847 discere
1017 809 1224 857 liter-ulae,
1260 811 1363 862 apud
1389 809 1550 849 Tertun.
1577 810 1628 850 (le

99 875 197 914 Pau.
228 877 268 918 5.
293 889 333 928 p.
361 877 431 918 83.
453 878 615 928 primus
640 877 878 929 informator
896 877 1108 916 literarum
1121 906 1137 925 ,
1163 879 1266 931 apud
1286 877 1468 917 Prudent.
1486 878 1627 919 Perist.

102 943 171 993 10,
199 945 265 986 22.
292 946 482 997 magister
507 946 715 984 literarum
728 974 741 991 ‚
768 959 792 984 a
815 946 1039 989 Scholiastis
1065 947 1117 984 ad
1142 959 1179 987 v,
1204 947 1270 987 19.
1299 950 1338 985 et
1362 947 1466 998 apud
1490 945 1630 984 Hiero·

98 1023 200 1061 nym.
237 1011 363 1063 Epist.
397 1014 447 1051 ad
483 1012 594 1052 Laet.
622 1016 663 1054 7.
699 1014 892 1052 librarius
919 1021 956 1051 et
982 1015 1172 1066 magister·
1206 1014 1323 1067 [apud
1346 1013 1447 1053 hunc
1474 1014 1628 1065 quidem

98 1079 151 1131 de
175 1077 402 1131 Aristotele,
425 1082 488 1131 qui
510 1081 698 1133 Philippi
710 1083 807 1132 filio
826 1081 1080 1130 libragzbnam
1104 1081 1260 1119 vilitate
1283 1083 1399 1120 initia
1417 1081 1629 1120 tradidisse

98 1146 306 1184 buranam
332 1148 480 1199 dicitur]
509 1162 586 1187 non
613 1162 764 1201 semper
786 1149 942 1188 honoris
972 1162 1086 1188 causa
1112 1154 1282 1188 vocatur.

210 1215 256 1253 V.
286 1216 352 1256 19.
399 1215 532 1266 Quum
558 1215 633 1254 tihi
660 1239 709 1246 —
736 1219 860 1257 auria.
908 1218 992 1256 Jam
1018 1217 1145 1268 pergit
1175 1216 1355 1255 Horatius
1385 1217 1424 1255 in
1453 1217 1628 1257 similitu-

96 1283 188 1322 dine
209 1283 294 1322 libri
321 1287 500 1335 tanquam
533 1284 650 1323 vetuli
674 1284 922 1336 ludimagistri
951 1286 1066 1324 hacce
1100 1285 1307 1323 sententia:
1342 1297 1487 1335 „quum
1515 1284 1627 1322 seho-

97 1351 158 1390 las
182 1356 269 1390 tuas
302 1353 490 1391 auctumni
527 1356 698 1404 tempore
728 1365 855 1391 coram
888 1353 1143 1404 frequentiore
1178 1353 1448 1404 discipulorum
1485 1363 1628 1390 corona

97 1420 273 1471 aperies,
297 1420 365 1469 iis,
387 1424 520 1472 utpote
539 1433 584 1458 ex
602 1433 663 1458 me
682 1420 810 1471 legere
831 1420 1084 1470 discentibus,
1106 1422 1191 1471 quis
1210 1434 1284 1471 ego
1301 1421 1372 1458 sim
1390 1418 1626 1458 enarrabis.“

98 1486 272 1525 Ridicule
297 1491 425 1526 autem
462 1487 583 1525 Poeta
607 1489 886 1537 grammatistae
921 1488 1074 1539 tribuit,
1110 1488 1213 1539 quod
1239 1488 1468 1538 grammatici
1500 1487 1627 1525 facere

98 1553 199 1591 soliti
225 1557 335 1604 sunt,
365 1553 389 1591 i.
420 1568 453 1593 e.
481 1560 696 1606 poetarum,
725 1569 822 1607 quos
850 1556 1093 1608 explicandos
1126 1556 1198 1594 sibi
1226 1558 1489 1607 sumpserunt,
1529 1554 1625 1592 vitas

96 1626 189 1658 ante
224 1633 399 1659 enarrare
412 1619 488 1673 **).
547 1621 693 1661 Dicitur
730 1629 855 1663 autem
889 1624 952 1661 sol
984 1623 1140 1673 tepidus
1175 1623 1239 1661 illa
1275 1623 1376 1661 aaris
1409 1622 1626 1673 temperies,

97 1701 198 1739 quae
223 1701 352 1727 mense
389 1689 544 1727 Octobri
580 1691 773 1730 Romanae
808 1692 955 1742 regioni
989 1692 1121 1740 rediit,
1160 1704 1236 1741 quo
1270 1691 1420 1741 quidem
1452 1694 1626 1742 tempore

98 1757 348 1807 ludimagistri
373 1757 543 1807 scholas,
572 1771 670 1809 quae
696 1773 766 1811 per
790 1764 950 1810 quatuor
973 1760 1054 1798 fere
1072 1772 1220 1797 menses
1240 1762 1504 1808 cessaverant,
1530 1770 1626 1808 ape-

97 1825 266 1874 riebant,
303 1824 379 1862 vid.
407 1838 495 1866 ann.
523 1826 572 1864 ad
604 1828 671 1877 16,
701 1829 766 1868 16.
806 1831 846 1865 et
872 1827 1062 1866 laudatam
1090 1826 1141 1864 ibi
1167 1827 1473 1865 dissertationem
1505 1825 1548 1867 C'.
1577 1825 1624 1863 1ῑῖ

99 1893 351 1938 Her-manni,
378 1893 457 1931 Viri
475 1895 631 1945 summi,
661 1896 709 1933 de
727 1895 813 1934 loco
830 1895 979 1933 Horatii
998 1896 1121 1933 Serm-
1145 1896 1183 1944 1,
1204 1896 1247 1945 6,
1266 1893 1391 1935 74—
1404 1896 1474 1934 76.
1494 1908 1534 1945 p.
1556 1894 1624 1935 29.

98 1960 155 1999 ita
182 1959 295 1998 Mart.
326 1961 393 2009 10,
422 1962 474 2003 61
504 1961 612 2013 (62),
641 1965 706 2004 16.
734 1962 805 2014 (ib.
831 1963 974 2002 Rader.
1002 1977 1043 2015 p.
1073 1963 1186 2014 726.)
1214 1962 1352 2000 Albae
1370 1961 1479 1998 leone
1491 1962 1625 2011 flant-

96 2041 181 2065 meo
208 2029 338 2065 calent
364 2027 497 2076 luces,
534 2031 768 2083 Tostamque
783 2030 952 2082 servem
978 2031 1114 2068 Julius
1140 2032 1274 2083 coquit
1300 2043 1475 2069 messem.
1536 2029 1626 2066 Cir-

212 2163 250 2209 *)
275 2165 389 2207 Quum
418 2168 463 2202 de
493 2169 630 2204 nomine
654 2170 943 2216 grammatistae‚
971 2173 1045 2203 tum
1061 2169 1106 2203 de
1126 2166 1245 2203 officio
1273 2171 1311 2201 et
1335 2177 1478 2201 munere
1504 2166 1624 2202 talium

98 2222 342 2266 magistrorum
357 2222 538 2269 disputant
547 2227 742 2261 Salmasius
755 2226 799 2260 ad
815 2225 968 2260 Tertull.
985 2226 1006 2258 Ι.
1021 2225 1046 2261 l.
1062 2236 1098 2270 p.
1108 2221 1180 2260 464
1190 2235 1244 2268 sq.
1258 2223 1422 2270 Bottiger
1435 2224 1473 2257 in
1489 2224 1624 2269 Opusc.

99 2283 139 2312 et
152 2279 269 2313 earm.
284 2279 347 2314 lat.
367 2292 402 2325 p.
420 2280 498 2315 115.
530 2282 668 2317 Roeder
686 2283 711 2316 1.
730 2283 754 2316 1.
777 2293 810 2326 p.
835 2284 889 2317 12.
916 2282 1057 2315 Kranae
1074 2293 1131 2326 ap.
1155 2281 1276 2324 Pauly.
1296 2279 1320 2313 l.
1342 2279 1365 2315 l.
1384 2292 1419 2325 p.
1435 2277 1481 2315 47
1498 2300 1547 2306 —
1564 2279 1623 2317 56.

96 2335 144 2368 H.
166 2335 261 2369 Guil.
284 2336 373 2371 Vent
390 2336 426 2371 in
445 2338 572 2382 Progr.
589 2338 700 2372 schol.
722 2339 850 2372 Vimar.
872 2338 975 2373 1833.
995 2337 1198 2371 continente
1216 2336 1373 2381 „Capita
1392 2337 1561 2381 quaedam
1578 2337 1624 2372 de

96 2390 243 2436 antiqua
258 2392 488 2428 Romanorum
502 2394 710 2428 educatione
727 2400 764 2428 et
782 2393 1046 2428 institutione.“
1078 2394 1254 2427 Alexand.
1272 2393 1426 2427 Wittich.
1440 2393 1478 2428 in
1491 2394 1622 2439 Progr.

97 2447 234 2480 Isenac.
258 2445 359 2482 1844.
390 2451 460 2493 „de
483 2451 808 2486 Grammatistarum
827 2455 865 2484 et
883 2449 1195 2484 Grammaticorum
1214 2449 1308 2495 apud
1326 2449 1503 2485 Romanos
1521 2450 1623 2486 scho-

98 2502 167 2535 lis“
186 2514 221 2547 p.
237 2501 261 2537 4
273 2515 353 2549 sqq.

190 2557 247 2606 *Ἴ
270 2559 458 2595 Commode
477 2562 664 2606 Cruquius:
692 2562 844 2605 „Solent
864 2561 954 2596 enim
974 2561 1139 2596 doctores
1157 2560 1201 2596 ad
1220 2560 1435 2596 docilitatem
1454 2562 1622 2598 attentio—

98 2625 242 2659 nemque
257 2615 330 2649 suis
342 2615 562 2652 auditoribus
576 2629 645 2653 non
657 2618 779 2663 parvis
794 2618 922 2652 efferre
932 2617 1144 2662 praeconiis,
1160 2629 1261 2663 quem
1275 2619 1490 2663 profitentur
1501 2624 1623 2655 aucto-

99 2683 171 2705 rem
185 2683 208 2705 a
231 2682 379 2715 genere,
406 2673 647 2717 institutione,
667 2673 892 2717 educatione,
912 2675 1126 2717 virtutibus,
1147 2674 1292 2717 studiis,
1318 2674 1431 2710 forma
1449 2677 1620 2722 corporis,

98 2735 244 2762 naturae
262 2728 523 2773 propensione“
538 2735 609 2764 etc.
649 2730 702 2763 De
717 2734 899 2774 poetarum
913 2730 1066 2764 lectione
1079 2736 1118 2764 et
1132 2730 1368 2777 explicatione
1381 2733 1475 2768 conf.
1508 2733 1621 2775 Quin-

97 2785 150 2820 til.
170 2785 259 2819 Inst.
280 2786 313 2827 1,
333 2781 369 2827 4,
391 2786 409 2819 1
428 2803 475 2810 —
494 2786 528 2820 6.
551 2791 589 2819 et
610 2787 643 2829 1,
663 2786 699 2828 8,
721 2788 755 2821 2.
774 2785 808 2820 5.
824 2797 903 2831 sqq.
944 2787 1083 2821 Roeder
1098 2786 1124 2820 l.
1142 2787 1167 2821 l.
1195 2799 1230 2832 p.
1251 2788 1296 2823 27
1310 2800 1391 2835 sqq.
1418 2796 1457 2825 et
1475 2790 1620 2826 Cramer

98 2840 134 2875 in
154 2840 397 2885 „Geschichte
411 2841 476 2876 der
488 2841 573 2880 Erz,
590 2852 623 2875 u.
638 2841 673 2876 d.
691 2841 941 2877 Unterrichts“
958 2843 989 2878 Ι.
1007 2855 1043 2889 p.
1062 2839 1144 2879 409.
1163 2840 1234 2880 440
1249 2855 1328 2891 sqq.
