2034 3224
363 205 418 248 82
509 204 886 247 COMMENTARII
920 204 978 244 IN
1003 202 1232 244 HORATII
1257 203 1771 246 LIB.1.E1’IST.DEC.
1865 208 1919 249 82

367 330 474 374 174:
514 330 573 372 Εἰ
598 325 676 385 γάρ
701 345 762 371 τοι
790 345 844 382 μη
875 325 995 369 ἱκανὰ
1023 325 1073 369 τὰ
1102 326 1201 370 ὅντα
1229 328 1337 381 ἐμοὶ,
1367 325 1451 371 αλλ’
1478 327 1555 384 ἔγω
1579 325 1741 402 τᾳιίωις
1767 326 1918 378 ἱκανός,

364 398 433 441 καὶ
463 396 570 440 οὕτω
607 395 775 439 κάκεῖνα
809 396 911 448 ἐμοί.
968 394 1030 434 De
1066 397 1308 436 similitudine
1353 411 1378 437 a
1407 399 1660 438 Graecorum
1662 380 1785 437 dicto
1825 397 1919 450 περὶ

365 464 474 510 πόδα
503 472 542 506 et
568 465 672 518 νπὲρ
701 463 768 506 τὸν
795 462 906 506 πόδα
935 459 1040 505 εἶναι
1075 467 1238 518 repetita
1276 465 1461 519 (Casaub.
1497 467 1547 506 ad
1573 466 1772 518 Theophr.
1790 466 1917 507 Char.

366 535 407 576 4.
432 550 471 588 p.
489 533 556 575 49.
586 535 631 573 F.
659 533 790 572 Herm.
819 532 871 570 ad
895 530 1055 571 Luciau.
1085 534 1134 571 de
1164 534 1324 572 Conscr.
1356 534 1460 574 Hist.
1489 548 1530 587 Ρ.
1553 535 1650 577 102.
1681 538 1732 573 et
1747 535 1915 586 interpp.

365 605 416 642 ad
445 604 564 655 ejusd.
598 601 709 653 Apol.
739 601 788 639 de
814 600 986 639 Merced.
1016 602 1192 640 conduct.
1222 602 1292 640 111.
1320 615 1359 653 Ρ.
1390 602 1487 646 572.
1510 603 1617 655 Bip.)
1647 603 1800 643 laudavi
1826 602 1917 641 olim

366 673 490 724 Epict.
512 669 663 708 Enchir.
680 669 761 710 (39.
820 667 989 721 Μέτρον
1024 665 1201 719 κτήσεως
1233 666 1278 710 τὸ
1304 672 1420 723 σῶμα
1442 667 1625 726 ἑκάστῳ,
1673 669 1730 719 αἷς
1756 669 1784 712 o‘
1811 667 1917 718 ποῦς

365 734 635 790 ὑποδήματος.
689 732 785 779 Ἐοἷν
813 734 888 790 μὲν
919 732 996 778 οὖν
1025 737 1090 779 ἐπὶ
1115 734 1261 778 τούτου
1290 739 1407 792 στῇς,
1456 736 1651 790 φυλάξεις
1671 735 1717 780 τό
1748 736 1914 791 μέτρον·

365 807 436 850 {niv
464 804 508 846 δὲ
534 803 729 861 ὖπερβῇς,
761 803 817 853 ὥς
845 801 947 846 noeto?
975 795 1161 858 Ικρημνοῦ
1187 801 1331 845 λοιπὸν
1358 801 1525 859 ἀνάγκη·
1544 805 1744 860 φέρεσθαι
1771 810 1812 845 et
1835 805 1916 845 De-

365 874 516 927 mophil.
540 873 740 912 Similitud.
766 872 806 910 in
835 872 955 913 Orell.
986 873 1131 924 Opusc.
1162 876 1326 912 sentent.
1349 873 1379 911 l.
1411 875 1479 918 20.
1510 877 1645 926 214).
1656 876 1696 916 6.
1754 873 1915 913 Luciam.

362 958 420 996 pr.
450 943 571 994 Imag.
602 942 694 990 10.,
722 940 858 990 quibus
885 944 1019 979 contra
1049 942 1142 979 dicit
1171 940 1390 992 Aristippus
1417 955 1481 994 ap.
1502 941 1658 981 Maxim.
1677 943 1801 982 Serm.
1822 941 1916 983 140.

361 1011 533 1051 Similem
566 1010 690 1049 locum
726 1009 776 1046 de
802 1013 897 1059 toga
925 1010 1166 1059 desumptum
1200 1023 1246 1048 ex
1274 1010 1476 1060 Chrysost.
1506 1011 1619 1049 Orat.
1649 1012 1716 1052 17.
1753 1023 1793 1061 p.
1817 998 1916 1052 472.

359 1081 410 1120 R.
440 1079 571 1118 citavit
595 1075 837 1116 Lambinus.
894 1076 1006 1117 conf.
1036 1077 1117 1115 Cic.
1147 1077 1195 1114 de
1223 1077 1311 1116 Fin.
1340 1079 1392 1128 3,
1425 1076 1504 1129 14,
1534 1077 1602 1120 46.
1632 1077 1793 1127 Quintil.
1820 1077 1916 1116 Inst-

358 1149 410 1199 6,
441 1148 490 1197 1,
518 1147 588 1188 36.
619 1144 769 1197 Apulej.
799 1143 915 1196 Apol.
945 1157 984 1195 p.
1015 1144 1081 1186 25.
1113 1145 1173 1183 ed.
1210 1144 1376 1184 Casaub.
1401 1145 1596 1186 Plutarch.
1626 1144 1825 1198 Apophth.
1850 1145 1916 1184 VI.

358 1230 396 1268 p.
410 1216 511 1258 783.
542 1217 591 1254 de
615 1212 741 1252 Anim.
771 1213 918 1263 Tranq.
941 1212 1022 1252 VII.
1048 1225 1088 1264 p.
1105 1213 1201 1255 828.
1258 1212 1339 1251 Nil.
1369 1213 1409 1251 in
1439 1213 1561 1252 Orell.
1592 1212 1738 1264 Opusc.
1762 1214 1792 1252 Ι.
1819 1212 1915 1255 233.

358 1298 397 1337 p.
425 1283 524 1325 350.
585 1281 706 1321 Orell.
735 1285 867 1320 annot.
906 1280 953 1318 11.
990 1294 1031 1332 p.
1060 1278 1158 1322 784.
1186 1301 1243 1310 -—
1273 1280 1450 1320 Observa
1479 1285 1609 1320 autem
1645 1292 1756 1319 usum
1792 1281 1915 1332 parti-

359 1352 466 1392 culae
493 1350 590 1389 olim
623 1351 663 1389 in
691 1349 875 1400 exemplis
905 1351 1111 1400 usurpatae
1137 1348 1186 1387 de
1223 1351 1396 1401 tempore
1431 1349 1606 1399 infinito,
1656 1361 1734 1400 quo
1773 1347 1914 1398 aliqiiid

358 1420 420 1460 vel
444 1420 586 1458 factum
613 1422 674 1456 est
701 1417 760 1456 vel
788 1417 873 1456 fieri
903 1417 1018 1467 solet,
1049 1421 1092 1454 ut
1121 1416 1198 1455 Od.
1225 1414 1267 1466 4,
1297 1415 1339 1467 4,
1369 1417 1410 1458 5.
1447 1418 1572 1470 Epod.
1602 1417 1647 1467 3,
1679 1419 1733 1472 1.Ι
1757 1416 1842 1454 Sat.
1871 1416 1914 1465 1,

360 1489 407 1538 1,
443 1486 512 1528 25.
555 1486 661 1537 Virg.
689 1485 786 1527 Aen.
816 1486 868 1536 5,
912 1485 1006 1528 125.
1033 1486 1082 1535 8,
1124 1484 1221 1526 391.
1247 1484 1296 1523 al.
1326 1497 1424 1535 quos
1452 1485 1586 1525 laudat
1609 1483 1830 1525 Lambimm.
1857 1502 1914 1517 *-

355 1553 402 1593 V.
430 1553 500 1595 43.
531 1554 689 1592 calceus
706 1553 813 1605 pede
838 1556 989 1602 major,
1018 1557 1060 1592 ut
1083 1555 1166 1593 Sat.
1198 1555 1248 1604 1,
1282 1553 1333 1601 3,
1370 1553 1442 1596 29.
1471 1553 1578 1592 male
1596 1552 1716 1591 laxus
1743 1552 1789 1589 in
1809 1550 1915 1602 pede

356 1622 515 1661 calceus
536 1622 674 1660 haeret
701 1627 741 1662 et
769 1623 882 1663 Ovid.
913 1622 1042 1661 Amor.
1068 1623 1109 1672 1,
1138 1622 1235 1662 518.
1270 1621 1360 1659 Nec
1388 1636 1523 1675 vagus
1550 1623 1595 1659 in
1617 1620 1718 1661 laxa
1736 1632 1812 1671 pes
1839 1618 1916 1658 tibi

350 1691 461 1742 pelle
482 1697 603 1728 natet.
639 1692 704 1729 Sic
725 1691 922 1743 Theophr.
948 1691 1012 1729 l.l.
1034 1690 1152 1743 μείζω
1176 1691 1250 1731 τοῦ
1274 1688 1398 1739 ποδὸς
1424 1688 1474 1732 τοὶ
1497 1685 1740 1742 ὑποδήματα
1768 1690 1914 1742 φορεῖν

357 1765 396 1800 et
423 1759 619 1811 Aristoph.
648 1760 723 1810 Eq.
750 1761 799 1809 1,
843 1760 893 1809 3,
944 1760 1013 1800 85.
1054 1761 1141 1798 νεῖν
1177 1757 1223 1799 ἐν
1250 1762 1338 1808 ταῖς
1365 1758 1511 1812 ἐμβᾶσι
1539 1759 1682 1797 dicunt.
1717 1776 1775 1787 --
1814 1762 1912 1796 urat.

356 1827 484 1867 schol.
518 1827 636 1877 Cruq.
674 1827 987 1877 ‚‚c0nstringet.“
1044 1827 1162 1879 Prop.
1195 1827 1248 1878 4,
1290 1827 1342 1878 3,
1384 1828 1450 1870 23.
1481 1834 1632 1864 teneros
1665 1816 1749 1863 ἶινίι
1785 1823 1913 1864 lorica

356 1895 537 1934 lacertos.
567 1895 683 1934 Ovid.
713 1894 824 1934 Rem.
852 1893 938 1933 Am.
957 1895 1052 1938 235.
1074 1908 1244 1946 prensos
1267 1902 1392 1934 urant
1407 1897 1520 1948 juga
1546 1895 1682 1946 prima
1700 1896 1913 1942 juvem-oc.

355 1965 494 2003 Senec.
520 1962 644 2014 Epist.
663 1961 759 2004 104.
787 1961 935 2014 ubique
958 1969 995 1999 ce
1008 1970 1200 2013 premunt
1227 1970 1266 2000 et
1285 1962 1458 2014 paribus
1483 1962 1744 2001 incommodis
1770 1968 1909 2000 urunt.

357 2031 471 2071 Conf.
503 2030 612 2069 Cort.
641 2031 691 2068 ad
720 2029 865 2070 Lucan.
895 2028 946 2080 4,
981 2029 1076 2072 578.
1105 2030 1259 2070 Ruhnk.
1287 2032 1337 2070 ad
1365 2032 1523 2071 Terent.
1551 2030 1652 2068 Eun.
1682 2032 1734 2080 2,
1764 2032 1816 2080 2,
1839 2027 1912 2071 43.

355 2098 511 2149 Forbig.
542 2098 592 2136 ad
621 2098 727 2150 Virg.
763 2101 813 2149 1,
841 2100 938 2141 662.

467 2164 512 2204 V.
543 2162 741 2207 44—46.
769 2165 923 2204 Laetus
950 2172 1052 2203 sorte
1067 2187 1114 2194 —
1132 2166 1303 2206 videbor.
1360 2167 1415 2206 Ut
1442 2167 1483 2205 in
1504 2165 1666 2215 Satiris,
1688 2164 1753 2204 ubi
1773 2163 1914 2203 uuilto-

356 2247 441 2274 rum
469 2233 560 2272 vitia
585 2233 701 2285 pleno
729 2245 846 2285 saepe
874 2233 1054 2273 cachinno
1081 2233 1189 2282 risit,
1218 2248 1262 2273 se
1290 2236 1413 2286 ipsum
1443 2236 1495 2273 ad
1523 2239 1732 2273 extremum
1760 2231 1914 2283 exponit

358 2303 471 2353 risui,
519 2302 575 2340 ita
601 2302 640 2340 in
667 2301 874 2353 Epistolis,
923 2315 973 2340 ne
998 2314 1182 2351 arrogans
1209 2303 1383 2340 videatur
1410 2315 1539 2341 rerum
1569 2300 1740 2351 quamvis
1767 2299 1914 2343 utilium

359 2374 608 2422 praeceptor,
633 2370 724 2408 item
752 2371 802 2409 ad
830 2383 874 2410 se
901 2371 1001 2408 redit
1024 2370 1296 2408 urbanissimus
1325 2369 1458 2408 Poeta.
1514 2368 1641 2407 Nimis
1673 2371 1800 2406 autem
1828 2380 1914 2405 cum

360 2437 483 2475 multis
520 2438 687 2489 interpp.
746 2437 888 2478 Poetae
926 2437 1042 2477 verba
1073 2438 1210 2489 premit
1243 2437 1510 2482 Sanadonus,
1553 2449 1667 2486 quum
1696 2436 1746 2473 ad
1772 2448 1809 2474 v.
1838 2433 1911 2476 42.

363 2503 539 2542 observat
566 2504 726 2544 haecce:
757 2505 951 2558 „Aristius
978 2505 1116 2545 n'e'toit
1144 2507 1252 2556 point
1280 2506 1329 2543 de
1359 2518 1424 2544 ces
1453 2516 1591 2542 savans
1613 2501 1790 2542 indolens
1805 2514 1914 2554 -pour

362 2571 443 2607 leur
473 2571 635 2610 fortune.
694 2574 724 2612 Il
750 2576 977 2628 approchoit
1003 2573 1129 2626 plutot
1152 2575 1201 2611 de
1231 2572 1372 2611 l'exces
1404 2572 1614 2621 contraire,
1661 2575 1700 2609 et
1727 2567 1911 2622 quoiqu'il

364 2637 428 2677 etit
456 2637 593 2686 dequoi
620 2641 723 2681 vivre
742 2645 967 2683 doucement
987 2647 1029 2682 et
1046 2640 1374 2690 honorablement,
1402 2640 1429 2678 il
1453 2640 1548 2678 etoit
1569 2639 1740 2690 toujours
1762 2634 1912 2676 esclfive

365 2707 413 2744 de
436 2703 602 2741 l’interet
632 2711 670 2745 et
695 2710 744 2747 de
770 2711 992 2751 l'ambition.
1051 2709 1162 2749 c'est
1187 2723 1231 2748 ce
1264 2722 1340 2761 que
1363 2709 1534 2747 donnent
1562 2707 1585 2746 a
1607 2717 1749 2758 penser-
1777 2704 1827 2743 de
1859 2694 1911 2742 lui

365 2775 551 2830 plusieurs
579 2773 691 2810 traits
718 2777 766 2814 de
791 2780 934 2819 morale
961 2779 1154 2831 repandus
1182 2778 1278 2816 dans
1306 2779 1409 2814 cette
1436 2775 1551 2814 lettre
1583 2770 1909 2823 etvparticuliere-

365 2848 470 2886 ment
495 2845 589 2884 danS
618 2850 682 2875 ces
710 2845 806 2880 neus
829 2847 999 2887 derniers
1027 2860 1134 2896 vers,
1163 2846 1225 2897 qui
1251 2857 1298 2884 en
1329 2845 1498 2883 forment
1524 2852 1668 2884 comme
1694 2839 1731 2878 la
1756 2837 1911 2877 conclu-

367 2914 496 2954 sion.“
555 2905 668 2958 Qu⁰d
698 2906 822 2957 ipsum
849 2915 960 2970 quale
988 2922 1092 2955 esset
1119 2912 1358 2965 exposuimus
1384 2912 1423 2950 in
1451 2907 1647 2963 Epistulae
1671 2909 1909 2956 argumento.
