1910 3138
107 171 190 213 205
252 167 536 209 comm.
566 168 624 209 IN
650 168 776 210 HOR.
805 168 907 210 LIB.
927 170 958 209 I.
995 168 1161 210 EPIST.
1190 167 1495 209 mensumn.
1555 163 1642 208 553

108 297 151 322 re
185 282 339 322 laudm
377 281 650 320 Strodtmann.
692 283 731 321 in
769 283 908 334 Progr.
943 283 1062 322 schol.
1100 282 1259 321 Flensb.
1296 281 1418 324 1839.
1458 294 1500 332 p.
1535 280 1637 319 VIII.

118 350 272 404 Teuffel
293 351 333 389 in
371 349 561 399 „Horaz“
599 349 766 401 Tubing.
800 349 923 393 1843.
955 365 993 403 p.
1023 353 1048 393 2
1080 364 1141 401 sq.
1179 355 1219 389 et
1250 350 1288 388 in
1317 348 1473 400 Paulyi
1495 347 1641 398 „Reni-

107 419 263 470 Encycl.
290 418 355 457 111.
382 432 423 470 p.
453 417 574 460 1465.
604 416 754 455 Weber
775 418 800 457 l.
830 419 855 456 1.
879 433 919 471 p.
947 418 975 460 4
1002 432 1060 469 sq.
1098 417 1371 456 Walekenaer
1395 417 1425 458 Ι.
1450 429 1489 469 p.
1509 416 1535 457 5
1555 429 1641 467 sqq.

106 487 234 526 Dictio
257 491 382 525 autem
407 488 575 534 majores
595 499 751 536 pennas
773 487 868 525 nido
897 486 1096 524 extendere
1124 486 1191 536 (de
1221 497 1298 536 qua
1317 487 1452 536 jocose
1479 483 1640 522 Lucina.

108 555 379 606 Icaromenipp.
412 553 483 604 10)
522 567 606 592 eum
634 554 792 602 indicat,
828 555 891 605 qui
918 556 1017 592 intra
1045 554 1234 591 fortunam
1263 564 1370 590 suum
1398 564 1475 589 non
1501 554 1640 608 manet,

106 623 175 661 sed
202 624 347 674 majora
372 622 629 672 consequitur.
676 621 897 673 Comparari
924 625 1054 673 potest
1081 620 1212 661 similis
1231 619 1332 671 apud
1351 618 1443 656 Sall.
1462 618 1550 668 Jug.
1570 616 1640 668 64,

107 692 147 731 2.
175 690 244 742 (ib.
273 688 399 741 Cort.)
435 703 555 740 super
569 690 788 740 jer-tunam
815 691 998 727 animum
1016 703 1163 740 gerere.
1206 687 1372 726 Verbum
1400 685 1495 723 nido
1526 685 1641 737 pleri·-

107 771 182 808 que
208 771 291 796 cum
314 771 349 795 v.
380 757 595 794 extendisse
613 758 798 808 jungunt,
826 757 888 795 alii
913 762 956 795 ut
977 757 1217 802 Hocheder,
1253 754 1429 793 Orellius
1453 759 1493 792 et
1521 752 1642 790 Dt'in-

107 831 191 862 tzer
201 825 241 874 *)
269 825 319 862 ad
342 828 512 872 majores
533 825 724 876 pertinere
749 826 875 877 ajunt,
914 825 978 863 alii
1004 826 1053 862 ad
1090 829 1288 874 utrumque
1316 823 1496 860 referunt.
1545 820 1640 858 illud

108 892 231 931 solum
257 906 388 932 verum
413 897 494 943 est,
521 893 658 932 dicitur
682 893 878 944 enim-pro
905 893 1087 944 μείζονας
1112 888 1142 944 ἢ
1170 889 1271 932 κατά
1299 895 1373 930 etc.
1397 893 1441 927 ut
1473 890 1540 937 17,
1568 887 1639 929 40·

106 973 210 998 onus
237 982 290 991 -—
321 974 450 1012 pat-vo
479 974 638 1012 corpore
666 963 810 1008 majus.
855 962 938 1001 Sat.
967 962 1008 1010 2,
1035 961 1079 1010 3,
1107 961 1202 1001 310.
1257 960 1425 1010 Corpore
1451 958 1643 1007 majorem

107 1027 213 1066 rides
234 1049 292 1056 —
321 1028 518 1078 Spiritum
544 1036 583 1066 et
607 1029 816 1067 incessum.
858 1029 939 1069 Sat.
971 1030 1011 1077 1,
1042 1029 1108 1076 10,
1136 1025 1203 1068 54.
1231 1040 1367 1064 versus
1400 1026 1515 1063 Enni
1537 1037 1642 1076 gra-

106 1095 230 1132 vitate
252 1096 431 1136 minores.
473 1096 569 1135 Plin.
597 1097 721 1148 Epist.
741 1098 783 1147 7,
802 1097 873 1148 27,
897 1098 946 1137 2,
964 1095 1127 1148 offertur
1145 1097 1180 1132 ei
1198 1094 1376 1132 mulieris
1389 1093 1535 1144 figura
1561 1091 1642 1129 hu-

107 1177 233 1201 mana
256 1163 455 1215 grandior
475 1163 790 1216 pulchriorque,
824 1165 850 1202 i.
891 1177 927 1202 e.
954 1165 1099 1216 μείζων
1129 1160 1158 1216 ἦ
1185 1159 1269 1203 κατ’
1296 1159 1538 1215 ἄνθρωπον.
1581 1161 1640 1197 Ad

108 1232 355 1281 sententiam,
390 1233 494 1283 cujus
527 1233 724 1283 imaginem
755 1232 981 1271 contrariam
1011 1233 1050 1281 2,
1086 1233 1127 1282 2,
1156 1231 1225 1271 50.
1251 1229 1388 1279 habes,
1424 1230 1525 1268 conf.
1553 1228 1641 1267 Liv.

110 1298 180 1348 25,
207 1299 280 1350 87,
307 1302 348 1343 2.
377 1296 588 1347 Marcius,
617 1302 745 1338 αηὶηιί
764 1307 800 1337 et
819 1301 973 1351 ingenii
995 1299 1205 1351 aliquanto
1223 1311 1347 1350 quam
1359 1311 1436 1349 pro
1451 1298 1641 1349 fitium,

108 1367 153 1413 in
175 1375 257 1418 qua
285 1374 405 1405 natus
433 1376 547 1415 erat,
582 1370 755 1416 majoris.
802 1368 984 1405 Herder:
1013 1367 1284 1418 „Mittelglfick
1313 1367 1366 1404 ist
1401 1366 1470 1403 das
1499 1364 1640 1416 goldne

107 1434 234 1472 Gliiek
257 1435 326 1473 des
346 1434 513 1473 Lebens.
559 1436 687 1474 Breite
714 1435 815 1473 nicht
841 1435 911 1472 das
933 1435 1115 1474 Gefieder
1137 1434 1266 1474 ὕδει-ἐ
1282 1434 1383 1473 Nest
1410 1434 1535 1471 aus!“
1577 1433 1643 1471 In-

108 1514 270 1552 genuum
295 1507 421 1540 autem
451 1502 594 1542 Poetae
618 1504 780 1542 animum
807 1503 990 1540 imminuit
1018 1502 1317 1554 Haberseldus,
1347 1515 1462 1552 quum
1491 1501 1641 1539 humili-

109 1573 229 1607 tatem
250 1571 400 1620 generis
436 1570 485 1608 ob
520 1583 604 1609 eam
635 1582 787 1608 causam
821 1566 1105 1609 commemorari
1142 1575 1294 1621 censet,
1333 1583 1408 1620 quo
1436 1569 1557 1619 major
1583 1570 1639 1606 vis

109 1636 210 1674 laudi
232 1636 405 1675 virtutum
429 1651 505 1676 non
524 1638 779 1677 dissimulatae
798 1636 974 1680 addatur.
1021 1639 1243 1691 Comparari
1261 1641 1391 1688 potest
1412 1636 1502 1674 illud
1521 1637 1639 1675 Bion-

106 1705 180 1754 fis,
209 1704 275 1755 qui
307 1705 524 1754 „tenebras
551 1707 727 1745 natalium
761 1718 916 1744 suorum
950 1706 1051 1744 clara
1086 1707 1169 1744 luce
1205 1706 1499 1755 discusserat,“
1537 1707 1639 1757 apud

106 1770 223 1823 Diog.
246 1772 378 1811 Laert.
397 1770 440 1825 4,
458 1771 527 1815 47.
578 1770 798 1826 Ταύτηστοι
822 1776 965 1827 γενεῆς
991 1788 1033 1814 τε
1050 1772 1119 1814 καὶ
1144 1773 1308 1826 αἵματος
1332 1771 1497 1827 εὔχομαι
1522 1770 1636 1814 εἶναι.

218 1840 266 1878 V.
294 1842 362 1882 22.
390 1842 459 1883 23.
506 1843 562 1880 Ut
581 1849 778 1894 quantum
793 1855 886 1894 gen.
905 1842 1067 1888 demas,
1096 1843 1186 1880 virt.
1204 1841 1348 1880 addas.
1389 1841 1535 1880 Eadem
1551 1854 1640 1879 ver-

107 1906 243 1946 borum
269 1910 455 1948 contraria
488 1915 575 1948 sunt
601 1911 703 1961 apud
736 1909 1001 1949 Pseudo-Sall.
1029 1911 1079 1949 de
1104 1909 1204 1962 Rep.
1233 1910 1316 1948 ord.
1349 1911 1388 1958 1,
1416 1910 1457 1959 5,
1487 1911 1528 1950 8.
1573 1909 1638 1945 Ετι

106 1987 204 2012 vera
229 1981 350 2026 atque
369 1977 536 2028 simplex
563 1979 631 2015 via
659 1985 740 2025 est,
767 1978 1088 2030 magnitudinem
1109 1978 1240 2015 animi
1260 1978 1303 2014 in
1322 1977 1534 2022 addendo,
1557 1989 1638 2013 non

106 2041 297 2080 demendo
326 2044 386 2080 rei
405 2043 596 2095 publicae
622 2045 834 2088 ostendere.
887 2045 948 2084 De
978 2047 1116 2084 omissa
1143 2045 1330 2098 particula
1356 2051 1513 2080 tantum
1547 2048 1638 2094 post

107 2117 308 2161 quantum
328 2111 405 2150 vid.
432 2113 570 2152 Markl.
592 2115 642 2153 ad
670 2115 770 2155 Stat.
798 2114 891 2156 Silv.
922 2116 961 2166 1,
990 2113 1032 2165 4,
1063 2115 1132 2155 85.
1159 2114 1281 2152 Drak.
1312 2112 1360 2149 ad
1384 2110 1468 2148 Liv.
1499 2112 1540 2160 2,
1565 2111 1636 2159 10,

110 2180 176 2220 12.
203 2199 261 2207 ——
289 2178 335 2217 V.
362 2179 433 2221 23.
471 2181 545 2217 Me
564 2183 710 2232 primis
742 2186 813 2221 etc.
870 2181 970 2220 Fere
1006 2182 1095 2220 olim
1120 2181 1330 2232 jungebant
1357 2179 1505 2229 primis
1542 2177 1639 2214 belli

106 2245 318 2298 dmm-que,
347 2247 432 2286 coll.
461 2247 544 2286 Cic.
571 2248 688 2288 Tusc.
717 2250 759 2300 5,
790 2249 859 2299 19,
887 2249 972 2298 55.,
1001 2250 1068 2286 sed
1098 2255 1202 2286 recte
1224 2247 1330 2297 jungi
1353 2245 1487 2296 jubent
1522 2245 1637 2283 Orel-

108 2313 188 2351 lius
197 2341 213 2359 ,
241 2313 473 2351 Diintzerus
485 2343 500 2360 ‚
533 2316 869 2367 Dillenburgerus
906 2315 1002 2353 belli
1027 2316 1210 2367 domique
1230 2314 1435 2365 placuisse
1444 2327 1461 2360 ;
1497 2314 1636 2352 etenim

108 2394 170 2419 res
198 2381 369 2419 militaris
397 2383 497 2433 (Sat.
528 2384 568 2432 1,
596 2385 637 2434 6,
661 2382 731 2424 48.
764 2383 887 2434 Epist.
916 2386 957 2432 2,
985 2386 1025 2432 2,
1059 2383 1148 2433 47.)
1180 2383 1218 2419 in
1247 2381 1385 2419 talibus
1421 2381 1540 2419 omitti
1573 2381 1636 2419 vix

108 2453 259 2499 poterat
272 2449 359 2500 **),
388 2462 600 2501 quanquam
626 2455 714 2488 sunt
738 2451 800 2500 qui
827 2449 966 2487 relicta
989 2448 1184 2500 parmula
1209 2448 1302 2499 (Od.
1323 2451 1363 2498 2,
1382 2449 1425 2498 7,
1445 2449 1472 2488 9
1492 2468 1549 2477 —-·
1569 2449 1636 2490 12.

221 2562 259 2607 ¹³)
283 2563 346 2598 Sic.
361 2563 579 2610 interpretes
598 2575 737 2611 quoque
756 2564 959 2610 discrepant
977 2569 1018 2599 ut
1034 2564 1071 2598 J.
1086 2563 1242 2598 Merkel.-
1271 2563 1413 2607 „Sugez
1441 2560 1511 2596 Ein
1535 2561 1635 2598 Sohn

110 2621 173 2654 des
191 2619 387 2664 gefreieten
401 2621 534 2654 Vetere
557 2639 599 2646 -
616 2621 729 2655 Hfitte
747 2621 805 2656 ich
821 2621 906 2654 fiber
926 2621 990 2654 das
1005 2621 1099 2655 Nest
1113 2619 1333 2664 vox-regende
1347 2618 1473 2663 Flfigel
1493 2618 1634 2664 gebi-ei-

108 2680 176 2711 tet.
187 2676 211 2695 “
247 2675 477 2711 Doederlein.-
496 2676 636 2719 „Uibet
650 2677 713 2710 das
731 2677 915 2711 Nestchen
933 2677 1057 2710 hinaus
1070 2676 1156 2710 liess
1169 2675 1265 2710 kfihn
1285 2675 1343 2710 die
1362 2674 1498 2720 Fittige
1518 2676 1635 2711 wach-

110 2733 212 2767 sen.“
259 2731 343 2766 Voss
365 2736 403 2765 et
426 2732 585 2766 Possm.-
612 2732 744 2776 Sprich
767 2743 855 2776 nur,
876 2732 958 2766 dass
975 2732 1032 2767 ich
1047 2752 1103 2759 ——
1120 2750 1170 2758 -—
1199 2731 1332 2768 zuweit
1349 2732 1437 2767 iiber
1455 2731 1519 2767 das
1539 2733 1633 2768 Nest

108 2788 189 2824 hab'
208 2792 469 2834 ausgespannet
485 2787 544 2822 die
563 2787 815 2832 Schwingen.“

197 2844 255 2889 **)
274 2845 377 2880 Haud
393 2844 544 2879 absurde
564 2848 744 2890 utramque
760 2843 1054 2878 constructionem
1070 2842 1251 2889 conjungit
1269 2844 1552 2882 walcherum-im
1564 2846 1631 2892 (11.
