1910 3138
256 231 342 274 490
397 232 676 273 COMMENT.
694 233 752 272 IN
770 231 895 272 HOR.
922 231 1023 271 LIB.
1044 233 1072 271 Ι.
1108 232 1274 272 EPIST.
1293 233 1665 275 UNDEVICESIM,
1715 232 1798 275 142

368 347 452 384 Jam
482 347 631 397 videte,
660 345 853 396 quomodo
881 346 1108 397 interpretes
1133 346 1351 397 opusculum
1379 348 1573 399 egregium
1596 347 1797 396 lacerarint

257 418 296 453 et
333 413 562 464 disjecerint.
634 412 694 452 De
733 414 927 452 sententia
975 413 1296 452 Scholiastarum
1333 415 1513 455 Horatius
1544 415 1796 467 pragmatiam

257 495 385 532 suam,
427 483 452 520 i.
482 495 516 519 e.
547 494 701 519 causam
729 482 949 532 proposuit,
987 486 1146 533 propter
1183 495 1296 534 quam
1332 484 1588 536 composuerit
1616 483 1795 534 carmina,

256 552 304 588 de
331 551 519 588 sententia
553 549 721 601 Cruqzu‘i
751 550 937 588 deterruit
974 550 1234 590 Maecenatem
1268 550 1316 588 ab
1354 551 1492 603 ineptis
1520 551 1578 589 sni
1610 550 1796 602 temporis

255 618 406 667 Poetis,
436 619 500 670 qui
531 618 712 667 Cratino,
747 618 940 666 Homero,
979 618 1178 670 Ennioque
1206 619 1423 658 auctoribus
1451 632 1528 658 non
1551 631 1696 670 aquae,
1725 618 1795 655 sed

254 686 330 723 vini
364 686 522 736 potione
557 686 722 737 largiore
759 686 997 725 censuissent
1033 700 1130 738 opus
1169 699 1255 725 esse
1293 688 1344 725 ad
1376 687 1522 739 poesim
1556 686 1796 726 scribendam

253 754 422 805 posteris
458 754 692 806 plausibilem
730 759 822 803 etc„
863 755 912 793 de
941 754 1132 792 sententia
1169 754 1388 804 Stephani,
1426 767 1537 805 quam
1571 755 1652 793 fere
1689 767 1796 793 suam

253 822 428 860 fecerunt
456 822 715 874 Rappoltus,
761 823 962 860 Dae-erius
972 851 988 869 ‚
1019 823 1196 859 Zezmius
1221 827 1260 861 et
1287 823 1464 861 Botlzius
1476 850 1491 868 ,
1519 822 1641 861 Poeta
1667 821 1796 861 Venu-

253 891 359 928 sinus
378 890 538 942 primum
559 892 795 942 quorundam
817 891 853 928 in
879 891 1070 929 imitandis
1094 891 1194 930 vitiis
1214 891 1338 943 potius
1353 903 1466 941 quam
1489 890 1691 929 virtutibus
1715 894 1795 927 stu-

255 959 357 996 dium
376 959 640 1009 reprehendit,
664 959 801 998 deinde
820 960 1007 997 rationem
1027 946 1217 1009 reddidit,
1241 973 1306 998 cur
1326 959 1374 1009 ii,
1395 958 1459 1010 qui
1477 957 1657 996 librorum
1674 958 1796 1010 ipsius

253 1026 417 1065 lectione
437 1028 538 1065 domi
567 1028 849 1080 delectarentur
880 1040 1027 1078 eosque
1052 1027 1271 1077 laudarent,
1300 1028 1396 1065 foris
1421 1026 1580 1064 eosdem
1604 1026 1798 1077 vitupera·

254 1099 352 1132 rent.
410 1095 518 1133 Hanc
555 1097 782 1134 sententiam
812 1097 865 1135 ita
892 1100 1152 1147 temperarunt
1194 1095 1437 1134 Sanadonus
1466 1097 1506 1132 et
1538 1091 1797 1144 Doriglzello,

253 1168 295 1201 ut
315 1163 537 1214 Horatium,
567 1168 772 1216 propterea
798 1165 900 1215 quod
924 1165 1002 1215 jam
1033 1165 1097 1202 diu
1124 1165 1221 1202 inter
1245 1168 1380 1215 poetas
1408 1162 1545 1213 lyricos
1569 1162 1708 1213 primas
1737 1166 1796 1199 te·

252 1232 422 1282 nuisset,
453 1233 580 1283 plures
611 1245 752 1283 eosque
777 1233 929 1283 ineptos
954 1233 1011 1271 sui
1037 1232 1214 1270 habuisse
1244 1233 1418 1271 dicerent
1442 1230 1650 1268 imitatores
1671 1233 1710 1267 et
1738 1229 1797 1266 in-

252 1300 384 1349 vidos,
414 1301 478 1351 qui
508 1300 662 1351 quidem
690 1301 811 1351 ipsum
841 1304 917 1338 tam
945 1301 1145 1338 immodica
1164 1301 1344 1352 superbia
1371 1304 1410 1339 et
1438 1298 1628 1352 φιλαυῐίᾳ
1656 1297 1798 1336 elatum

253 1369 513 1417 dictitassent,
542 1372 584 1406 ut
611 1368 787 1418 neglecto
814 1374 1010 1420 poetarum
1030 1369 1266 1407 recitantium
1293 1371 1405 1407 coetu
1431 1379 1563 1406 versus
1594 1378 1685 1404 suos
1710 1370 1793 1404 tan-

251 1440 330 1475 tum
358 1436 593 1488 principibus
630 1438 717 1475 viris
746 1437 925 1488 legisset3
962 1438 1010 1475 de
1048 1436 1122 1474 illis
1160 1437 1312 1486 quidem
1340 1436 1536 1484 docuisse,
1568 1435 1607 1472 in
1635 1446 1710 1485 qua
1738 1447 1796 1485 re,

251 1506 274 1542 i.
307 1519 340 1546 e.
367 1506 406 1543 in
436 1505 572 1556 quibus
606 1505 831 1554 virtutibus,
875 1506 1045 1544 Graecos
1078 1506 1240 1544 imitatus
1282 1508 1320 1542 et
1355 1517 1431 1554 quo
1460 1507 1570 1556 pacto
1599 1503 1684 1554 ipse
1713 1503 1795 1541 imi-

251 1573 389 1611 tandus
422 1577 548 1621 esset,
577 1574 625 1612 de
655 1573 712 1611 his
736 1587 868 1612 causas
897 1574 1060 1612 invidiae
1088 1573 1294 1624 aperuisse,
1339 1572 1399 1610 Ab
1426 1572 1498 1610 illis
1523 1572 1794 1623 interpretibus

251 1642 360 1691 quasi
402 1642 543 1692 pendet
590 1637 852 1680 Welandias
864 1671 879 1689 ,
923 1655 1035 1693 quem
1077 1642 1272 1680 maximam
1313 1645 1462 1693 partem
1502 1639 1797 1692 Habetfildhe,

256 1708 514 1755 Schmidlus,
549 1709 822 1748 Walckenaer
848 1710 914 1761 (II.
945 1724 984 1762 p.
1015 1709 1098 1753 352
1125 1708 1229 1760 Sqq)
1257 1712 1488 1758 Sequuntur,
1527 1712 1570 1746 ut
1592 1709 1711 1761 ipsius
1738 1708 1795 1747 1·θὶ

253 1777 378 1827 capite
407 1781 446 1814 et
470 1777 576 1816 sonte
607 1792 683 1816 non
709 1780 861 1818 invento
892 1779 1041 1829 singula
1069 1783 1213 1817 tanturn
1240 1777 1440 1828 ingeniose
1467 1777 1703 1815 contexuerit
1733 1781 1794 1815 at·

252 1859 326 1895 que
355 1845 501 1883 erudite
536 1846 805 1897 explanaverit.
869 1848 1095 1886 Weicherto
1134 1845 1282 1898 (Lectt.
1305 1844 1486 1883 venusin.
1524 1858 1563 1896 p.
1588 1843 1664 1896 72)
1701 1844 1795 1883 haee

249 1912 425 1965 Epistola
455 1912 754 1953 obtrectatorum
781 1929 920 1964 causa,
957 1929 1116 1966 quorum
1145 1914 1302 1952 stultitia
1336 1915 1375 1949 et
1409 1911 1622 1961 malignitas
1650 1916 1793 1951 stoma—

251 1982 361 2021 chum
389 1981 552 2020 Horatio
582 1981 756 2031 fecisset,
788 1984 819 2021 si
848 1996 925 2021 non
953 1984 1123 2034 scripta,
1150 1986 1254 2020 certe
1282 1981 1321 2017 in
1350 1979 1468 2017 lucem
1497 1981 1600 2019 edita
1625 1993 1712 2019 esse
1739 1981 1793 2019 v-i-

251 2053 376 2090 detur.
429 2050 490 2088 Ad
514 2050 608 2100 hos,
639 2063 735 2100 quos
757 2051 1075 2099 enumeravimus,
1105 2051 1330 2100 interpretes
1358 2048 1412 2086 ita
1431 2049 1616 2087 accedunt
1641 2047 1797 2086 ΖσΠὶιω

251 2125 292 2158 et
327 2118 502 2158 Orellias
514 2146 531 2165 ,
559 2122 601 2156 ut
629 2118 820 2156 cardinem
846 2119 901 2156 rei
929 2118 968 2155 in
997 2118 1229 2155 imitatorum
1255 2122 1294 2154 et
1320 2117 1535 2155 invidorum
1558 2116 1669 2155 tm-ba
1695 2116 1794 2155 verti

249 2193 399 2242 putent.
458 2187 670 2227 Commode
696 2194 821 2243 autem
846 2184 1136 2236 Dillenburger
1161 2186 1296 2236 partim
1323 2184 1494 2222 morbum
1522 2184 1626 2222 illum
1653 2185 1791 2223 furoris

250 2259 409 2310 poetici,
451 2271 526 2308 quo
560 2256 741 2307 imprimis
770 2256 906 2293 divites
937 2258 975 2294 et
1003 2253 1149 2291 nobiles
1181 2254 1251 2290 viri
1280 2253 1443 2303 correpti
1473 2252 1636 2302 fuerint,
1677 2257 1790 2290 nota-

250 2332 354 2376 tum,
393 2326 531 2378 partim
565 2337 750 2376 pauperes
787 2323 975 2374 quosdam
1009 2322 1246 2372 miserosque
1278 2320 1448 2358 homines
1483 2324 1633 2357 taxatos
1652 2363 1654 2366 .
1673 2319 1791 2358 sentit

252 2403 290 2433 et
319 2395 393 2443 ita,
423 2399 465 2432 ut
493 2393 545 2430 illi
575 2393 728 2443 ingenio
757 2392 870 2443 plane
897 2390 1069 2429 destituti
1099 2393 1138 2427 et
1166 2400 1388 2439 magnorum
1419 2387 1498 2426 sere
1525 2387 1789 2439 exemplarium

251 2462 406 2501 serviles
434 2462 644 2499 imitatores
681 2461 782 2498 domi
816 2458 1038 2498 carminibus
1068 2458 1146 2496 suis
1185 2457 1350 2494 recitatis
1386 2455 1558 2506 plausum
1595 2468 1714 2495 coena
1750 2459 1790 2494 et

250 2531 412 2580 pecunia
449 2534 661 2581 coemptum
695 2528 937 2579 collegerint,
975 2527 1012 2564 hi
1042 2525 1138 2563 fame
1165 2536 1281 2575 saepe
1309 2524 1347 2561 in
1380 2523 1546 2562 furorem
1570 2524 1700 2574 agitati
1726 2528 1790 2562 aut

250 2600 423 2649 ingentes
454 2599 584 2636 laudes
612 2596 819 2635 liberalium
843 2601 1089 2647 patronorum
1117 2592 1357 2631 clamaverint
1380 2596 1445 2629 aut
1470 2591 1614 2630 flebiles
1637 2595 1790 2643 tragoe—

251 2667 332 2704 dias
359 2666 534 2704 mollibus
563 2665 716 2703 auribus
745 2663 1030 2703 delicatulorum
1050 2663 1282 2701 dominorum
1310 2660 1559 2697 cantaverint.
1603 2659 1665 2698 De
1684 2663 1789 2698 utm-

252 2747 323 2783 que
360 2734 473 2784 igitur
511 2746 652 2784 genere
689 2732 736 2770 ab
772 2732 935 2771 Horatio
977 2735 1192 2782 contempto
1235 2727 1392 2766 Poetam
1435 2727 1504 2766 hac
1544 2725 1713 2780 Epistola
1739 2725 1787 2763 ad

251 2799 508 2840 Maecenatem
539 2800 760 2851 scripsisse,
794 2800 934 2850 inqua
970 2799 1113 2850 lepide,
1149 2797 1215 2835 sed
1246 2795 1383 2834 acerbe
1411 2795 1448 2832 in
1478 2795 1550 2833 vile
1586 2794 1678 2832 illud·
1703 2793 1787 2830 imi-

251 2872 415 2906 tatorum
453 2882 572 2918 genus
609 2869 781 2905 invectus
822 2868 884 2906 sit.
947 2867 1095 2905 Rursus
1135 2865 1341 2908 Dilntzer,
1384 2863 1448 2912 qui
1483 2874 1580 2912 quae
1619 2859 1714 2897 ratio
1747 2862 1785 2895 et

252 2935 344 2972 initii
368 2940 405 2973 et
443 2938 526 2974 [inis
561 2936 668 2985 hujus
708 2935 904 2985 Epistolae
935 2940 1059 2985 esset,
1105 2935 1201 2972 bene
1237 2929 1466 2977 observavit,
1509 2929 1557 2966 ab
1589 2927 1658 2964 hac
1686 2925 1786 2963 omni
