<?xml version="1.0" encoding="UTF-8"?>
<!DOCTYPE html PUBLIC "-//W3C//DTD XHTML 1.0 Transitional//EN"
    "http://www.w3.org/TR/xhtml1/DTD/xhtml1-transitional.dtd">
<html xmlns="http://www.w3.org/1999/xhtml" xml:lang="en" lang="en">
 <head>
  <title>
</title>
<meta http-equiv="Content-Type" content="text/html;charset=utf-8" />
  <meta name='ocr-system' content='tesseract 3.04.00' />
  <meta name='ocr-capabilities' content='ocr_page ocr_carea ocr_par ocr_line ocrx_word'/>
</head>
<body>
  <div class='ocr_page' id='page_1' title='image "./epistolascomment02horauoft_0542.png"; bbox 0 0 1910 3138; ppageno 0'>
   <div class='ocr_carea' id='block_1_1' title="bbox 659 967 1467 1042">
    <p class='ocr_par' dir='ltr' id='par_1_1' title="bbox 659 967 1467 1042">
     <span class='ocr_line' id='line_1_1' title="bbox 659 967 1467 1042; baseline 0.004 -2"><span class='ocrx_word' id='word_1_1' title='bbox 659 967 1410 1042; x_wconf 75' lang='lat' dir='ltr'><strong>COMMENTARII</strong></span> <span class='ocrx_word' id='word_1_2' title='bbox 1465 1012 1467 1014; x_wconf 90' lang='lat'>·</span> 
     </span>
    </p>
   </div>
   <div class='ocr_carea' id='block_1_2' title="bbox 1000 1141 1057 1179">
    <p class='ocr_par' dir='ltr' id='par_1_2' title="bbox 1000 1141 1057 1179">
     <span class='ocr_line' id='line_1_2' title="bbox 1000 1141 1057 1179; baseline 0.018 -1"><span class='ocrx_word' id='word_1_3' title='bbox 1000 1141 1057 1179; x_wconf 94' lang='lat' dir='ltr'><strong>IN</strong></span> 
     </span>
    </p>
   </div>
   <div class='ocr_carea' id='block_1_3' title="bbox 361 1273 1693 1325">
    <p class='ocr_par' dir='ltr' id='par_1_3' title="bbox 361 1273 1693 1325">
     <span class='ocr_line' id='line_1_3' title="bbox 361 1273 1693 1325; baseline 0.002 -7"><span class='ocrx_word' id='word_1_4' title='bbox 361 1273 617 1321; x_wconf 78' lang='lat' dir='ltr'><strong>HORA&#39;I&#39;II</strong></span> <span class='ocrx_word' id='word_1_5' title='bbox 661 1276 777 1322; x_wconf 88' lang='lat' dir='ltr'><strong>LlB.</strong></span> <span class='ocrx_word' id='word_1_6' title='bbox 823 1278 859 1322; x_wconf 91' lang='lat'><strong>1.</strong></span> <span class='ocrx_word' id='word_1_7' title='bbox 931 1276 1288 1324; x_wconf 76' lang='lat' dir='ltr'><strong>EPISTOLAM</strong></span> <span class='ocrx_word' id='word_1_8' title='bbox 1331 1275 1693 1325; x_wconf 76' lang='lat' dir='ltr'><strong>VIGESIMAM.</strong></span> 
     </span>
    </p>
   </div>
   <div class='ocr_carea' id='block_1_4' title="bbox 253 1587 1791 2207">
    <p class='ocr_par' dir='ltr' id='par_1_4' title="bbox 253 1587 1791 2207">
     <span class='ocr_line' id='line_1_4' title="bbox 256 1587 1791 1665; baseline 0.004 -19"><span class='ocrx_word' id='word_1_9' title='bbox 256 1587 465 1648; x_wconf 81' lang='lat' dir='ltr'><strong>Horatius</strong></span> <span class='ocrx_word' id='word_1_10' title='bbox 493 1624 606 1662; x_wconf 93' lang='lat' dir='ltr'><strong>quum</strong></span> <span class='ocrx_word' id='word_1_11' title='bbox 634 1612 807 1651; x_wconf 86' lang='lat' dir='ltr'><strong>volumen</strong></span> <span class='ocrx_word' id='word_1_12' title='bbox 836 1612 1091 1665; x_wconf 80' lang='lat' dir='ltr'><strong>Epistularum</strong></span> <span class='ocrx_word' id='word_1_13' title='bbox 1119 1614 1325 1653; x_wconf 86' lang='lat' dir='ltr'><strong>emissurus</strong></span> <span class='ocrx_word' id='word_1_14' title='bbox 1355 1617 1478 1664; x_wconf 75' lang='lat' dir='ltr'><strong>esset,</strong></span> <span class='ocrx_word' id='word_1_15' title='bbox 1503 1613 1599 1652; x_wconf 83' lang='lat' dir='ltr'><strong>hanc</strong></span> <span class='ocrx_word' id='word_1_16' title='bbox 1625 1613 1676 1652; x_wconf 89' lang='lat' dir='ltr'><strong>illi</strong></span> <span class='ocrx_word' id='word_1_17' title='bbox 1704 1618 1791 1652; x_wconf 79' lang='lat' dir='ltr'><strong>tan-</strong></span> 
     </span>
     <span class='ocr_line' id='line_1_5' title="bbox 256 1679 1790 1733; baseline 0.002 -18"><span class='ocrx_word' id='word_1_18' title='bbox 256 1691 366 1728; x_wconf 91' lang='lat' dir='ltr'><strong>quam</strong></span> <span class='ocrx_word' id='word_1_19' title='bbox 390 1679 591 1730; x_wconf 86' lang='lat' dir='ltr'><strong>Epilogum</strong></span> <span class='ocrx_word' id='word_1_20' title='bbox 619 1681 766 1719; x_wconf 84' lang='lat' dir='ltr'>addidit</span> <span class='ocrx_word' id='word_1_21' title='bbox 789 1681 1010 1733; x_wconf 86' lang='lat' dir='ltr'><strong>Epistolam.</strong></span> <span class='ocrx_word' id='word_1_22' title='bbox 1068 1681 1160 1719; x_wconf 87' lang='lat' dir='ltr'><strong>Eam</strong></span> <span class='ocrx_word' id='word_1_23' title='bbox 1183 1696 1259 1721; x_wconf 90' lang='lat' dir='ltr'><strong>non</strong></span> <span class='ocrx_word' id='word_1_24' title='bbox 1288 1683 1370 1721; x_wconf 87' lang='lat' dir='ltr'><strong>sine</strong></span> <span class='ocrx_word' id='word_1_25' title='bbox 1398 1683 1604 1721; x_wconf 81' lang='lat' dir='ltr'><strong>festivitate</strong></span> <span class='ocrx_word' id='word_1_26' title='bbox 1629 1681 1790 1732; x_wconf 85' lang='lat' dir='ltr'><strong>alloqui-</strong></span> 
     </span>
     <span class='ocr_line' id='line_1_6' title="bbox 256 1750 1788 1801; baseline 0.003 -19"><span class='ocrx_word' id='word_1_27' title='bbox 256 1750 316 1783; x_wconf 85' lang='lat' dir='ltr'><strong>tur</strong></span> <span class='ocrx_word' id='word_1_28' title='bbox 342 1750 523 1797; x_wconf 81' lang='lat' dir='ltr'><strong>tanquam</strong></span> <span class='ocrx_word' id='word_1_29' title='bbox 550 1761 750 1799; x_wconf 85' lang='lat' dir='ltr'><strong>personam</strong></span> <span class='ocrx_word' id='word_1_30' title='bbox 767 1750 807 1801; x_wconf 88' lang='lat'><strong>*)</strong></span> <span class='ocrx_word' id='word_1_31' title='bbox 845 1754 883 1788; x_wconf 92' lang='lat' dir='ltr'><strong>et</strong></span> <span class='ocrx_word' id='word_1_32' title='bbox 911 1763 1007 1801; x_wconf 85' lang='lat' dir='ltr'><strong>quae</strong></span> <span class='ocrx_word' id='word_1_33' title='bbox 1038 1755 1234 1788; x_wconf 86' lang='lat' dir='ltr'><strong>exeuntem</strong></span> <span class='ocrx_word' id='word_1_34' title='bbox 1263 1751 1302 1788; x_wconf 91' lang='lat' dir='ltr'><strong>in</strong></span> <span class='ocrx_word' id='word_1_35' title='bbox 1328 1751 1446 1789; x_wconf 88' lang='lat' dir='ltr'><strong>lucem</strong></span> <span class='ocrx_word' id='word_1_36' title='bbox 1476 1754 1650 1788; x_wconf 82' lang='lat' dir='ltr'><strong>maneant</strong></span> <span class='ocrx_word' id='word_1_37' title='bbox 1676 1762 1788 1800; x_wconf 87' lang='lat' dir='ltr'><strong>prae-</strong></span> 
     </span>
     <span class='ocr_line' id='line_1_7' title="bbox 256 1813 1788 1869; baseline 0.003 -20"><span class='ocrx_word' id='word_1_38' title='bbox 256 1813 358 1850; x_wconf 87' lang='lat' dir='ltr'>dicit.</span> <span class='ocrx_word' id='word_1_39' title='bbox 414 1814 554 1853; x_wconf 89' lang='lat' dir='ltr'><strong>Jocose</strong></span> <span class='ocrx_word' id='word_1_40' title='bbox 586 1816 699 1864; x_wconf 85' lang='lat' dir='ltr'><strong>igitur</strong></span> <span class='ocrx_word' id='word_1_41' title='bbox 736 1817 845 1867; x_wconf 84' lang='lat' dir='ltr'><strong>fingit</strong></span> <span class='ocrx_word' id='word_1_42' title='bbox 884 1818 1017 1856; x_wconf 89' lang='lat' dir='ltr'><strong>librum</strong></span> <span class='ocrx_word' id='word_1_43' title='bbox 1046 1819 1164 1856; x_wconf 87' lang='lat' dir='ltr'><strong>invito</strong></span> <span class='ocrx_word' id='word_1_44' title='bbox 1201 1820 1310 1869; x_wconf 87' lang='lat' dir='ltr'><strong>quasi</strong></span> <span class='ocrx_word' id='word_1_45' title='bbox 1347 1824 1500 1857; x_wconf 85' lang='lat' dir='ltr'><strong>auctore</strong></span> <span class='ocrx_word' id='word_1_46' title='bbox 1535 1818 1573 1855; x_wconf 90' lang='lat' dir='ltr'><strong>in</strong></span> <span class='ocrx_word' id='word_1_47' title='bbox 1601 1817 1788 1868; x_wconf 89' lang='lat' dir='ltr'><strong>publicum</strong></span> 
     </span>
     <span class='ocr_line' id='line_1_8' title="bbox 253 1881 1789 1938; baseline 0.003 -21"><span class='ocrx_word' id='word_1_48' title='bbox 253 1881 408 1932; x_wconf 88' lang='lat' dir='ltr'><strong>prodire</strong></span> <span class='ocrx_word' id='word_1_49' title='bbox 439 1884 687 1932; x_wconf 83' lang='lat' dir='ltr'><strong>gestientem,</strong></span> <span class='ocrx_word' id='word_1_50' title='bbox 720 1885 778 1921; x_wconf 89' lang='lat' dir='ltr'><strong>cui</strong></span> <span class='ocrx_word' id='word_1_51' title='bbox 802 1885 967 1935; x_wconf 88' lang='lat' dir='ltr'><strong>scriptor</strong></span> <span class='ocrx_word' id='word_1_52' title='bbox 994 1890 1034 1923; x_wconf 89' lang='lat' dir='ltr'><strong>ut</strong></span> <span class='ocrx_word' id='word_1_53' title='bbox 1055 1899 1174 1936; x_wconf 84' lang='lat' dir='ltr'><strong>augur</strong></span> <span class='ocrx_word' id='word_1_54' title='bbox 1203 1887 1289 1938; x_wconf 89' lang='lat' dir='ltr'><strong>plus</strong></span> <span class='ocrx_word' id='word_1_55' title='bbox 1310 1886 1532 1924; x_wconf 88' lang='lat' dir='ltr'><strong>incommodi</strong></span> <span class='ocrx_word' id='word_1_56' title='bbox 1553 1898 1662 1936; x_wconf 90' lang='lat' dir='ltr'><strong>quam</strong></span> <span class='ocrx_word' id='word_1_57' title='bbox 1686 1898 1789 1922; x_wconf 88' lang='lat' dir='ltr'><strong>com·</strong></span> 
     </span>
     <span class='ocr_line' id='line_1_9' title="bbox 254 1949 1788 2004; baseline 0.003 -19"><span class='ocrx_word' id='word_1_58' title='bbox 254 1949 357 1986; x_wconf 91' lang='lat' dir='ltr'><strong>modi</strong></span> <span class='ocrx_word' id='word_1_59' title='bbox 381 1950 615 1988; x_wconf 88' lang='lat' dir='ltr'><strong>vaticinatur.</strong></span> <span class='ocrx_word' id='word_1_60' title='bbox 670 1951 892 2002; x_wconf 86' lang='lat' dir='ltr'><strong>Quanquam</strong></span> <span class='ocrx_word' id='word_1_61' title='bbox 918 1954 950 1989; x_wconf 89' lang='lat' dir='ltr'><strong>si</strong></span> <span class='ocrx_word' id='word_1_62' title='bbox 977 1966 1056 1990; x_wconf 88' lang='lat' dir='ltr'><strong>rem</strong></span> <span class='ocrx_word' id='word_1_63' title='bbox 1079 1954 1127 1991; x_wconf 91' lang='lat' dir='ltr'><strong>ad</strong></span> <span class='ocrx_word' id='word_1_64' title='bbox 1151 1954 1274 1992; x_wconf 88' lang='lat' dir='ltr'><strong>vivum</strong></span> <span class='ocrx_word' id='word_1_65' title='bbox 1297 1967 1470 2002; x_wconf 82' lang='lat' dir='ltr'><strong>reseceS,</strong></span> <span class='ocrx_word' id='word_1_66' title='bbox 1499 1954 1570 1991; x_wconf 89' lang='lat' dir='ltr'><strong>nisi</strong></span> <span class='ocrx_word' id='word_1_67' title='bbox 1585 1954 1788 2004; x_wconf 83' lang='lat' dir='ltr'><strong>jucundam</strong></span> 
     </span>
     <span class='ocr_line' id='line_1_10' title="bbox 254 2018 1789 2071; baseline 0.003 -16"><span class='ocrx_word' id='word_1_68' title='bbox 254 2018 511 2069; x_wconf 86' lang='lat' dir='ltr'><strong>apostrophen</strong></span> <span class='ocrx_word' id='word_1_69' title='bbox 536 2031 612 2056; x_wconf 89' lang='lat' dir='ltr'><strong>non</strong></span> <span class='ocrx_word' id='word_1_70' title='bbox 640 2019 805 2069; x_wconf 88' lang='lat' dir='ltr'><strong>videbis,</strong></span> <span class='ocrx_word' id='word_1_71' title='bbox 836 2033 930 2070; x_wconf 83' lang='lat' dir='ltr'><strong>qua,</strong></span> <span class='ocrx_word' id='word_1_72' title='bbox 967 2025 1008 2057; x_wconf 92' lang='lat' dir='ltr'><strong>ut</strong></span> <span class='ocrx_word' id='word_1_73' title='bbox 1042 2021 1241 2058; x_wconf 72' lang='lat' dir='ltr'><strong>Gesner-us</strong></span> <span class='ocrx_word' id='word_1_74' title='bbox 1269 2021 1466 2071; x_wconf 81' lang='lat' dir='ltr'><strong>observat,</strong></span> <span class='ocrx_word' id='word_1_75' title='bbox 1495 2021 1566 2059; x_wconf 88' lang='lat' dir='ltr'><strong>sibi</strong></span> <span class='ocrx_word' id='word_1_76' title='bbox 1601 2021 1789 2059; x_wconf 86' lang='lat' dir='ltr'><strong>blanditur</strong></span> 
     </span>
     <span class='ocr_line' id='line_1_11' title="bbox 253 2086 1789 2140; baseline 0.002 -18"><span class='ocrx_word' id='word_1_77' title='bbox 253 2086 380 2136; x_wconf 86' lang='lat' dir='ltr'><strong>potius</strong></span> <span class='ocrx_word' id='word_1_78' title='bbox 411 2090 448 2124; x_wconf 87' lang='lat' dir='ltr'><strong>et</strong></span> <span class='ocrx_word' id='word_1_79' title='bbox 476 2087 658 2138; x_wconf 89' lang='lat' dir='ltr'><strong>epistolas</strong></span> <span class='ocrx_word' id='word_1_80' title='bbox 689 2100 778 2125; x_wconf 90' lang='lat' dir='ltr'><strong>suas</strong></span> <span class='ocrx_word' id='word_1_81' title='bbox 806 2086 897 2137; x_wconf 89' lang='lat' dir='ltr'><strong>(non</strong></span> <span class='ocrx_word' id='word_1_82' title='bbox 923 2090 1129 2133; x_wconf 83' lang='lat' dir='ltr'><strong>carmina,</strong></span> <span class='ocrx_word' id='word_1_83' title='bbox 1158 2102 1254 2138; x_wconf 90' lang='lat' dir='ltr'><strong>quae</strong></span> <span class='ocrx_word' id='word_1_84' title='bbox 1284 2089 1378 2126; x_wconf 92' lang='lat' dir='ltr'><strong>dicit</strong></span> <span class='ocrx_word' id='word_1_85' title='bbox 1415 2087 1583 2140; x_wconf 79' lang='lat' dir='ltr'><strong>Gesner)</strong></span> <span class='ocrx_word' id='word_1_86' title='bbox 1611 2090 1648 2127; x_wconf 89' lang='lat' dir='ltr'><strong>in</strong></span> <span class='ocrx_word' id='word_1_87' title='bbox 1677 2088 1789 2127; x_wconf 88' lang='lat' dir='ltr'><strong>scho-</strong></span> 
     </span>
     <span class='ocr_line' id='line_1_12' title="bbox 255 2152 1786 2207; baseline 0.003 -17"><span class='ocrx_word' id='word_1_88' title='bbox 255 2152 309 2191; x_wconf 86' lang='lat' dir='ltr'><strong>las</strong></span> <span class='ocrx_word' id='word_1_89' title='bbox 345 2158 385 2192; x_wconf 89' lang='lat' dir='ltr'><strong>et</strong></span> <span class='ocrx_word' id='word_1_90' title='bbox 420 2156 632 2205; x_wconf 87' lang='lat' dir='ltr'><strong>provincias</strong></span> <span class='ocrx_word' id='word_1_91' title='bbox 670 2155 834 2193; x_wconf 84' lang='lat' dir='ltr'><strong>delatum</strong></span> <span class='ocrx_word' id='word_1_92' title='bbox 863 2155 907 2192; x_wconf 93' lang='lat' dir='ltr'><strong>iri</strong></span> <span class='ocrx_word' id='word_1_93' title='bbox 942 2156 1142 2206; x_wconf 87' lang='lat' dir='ltr'><strong>pollicetur</strong></span> <span class='ocrx_word' id='word_1_94' title='bbox 1180 2170 1293 2207; x_wconf 88' lang='lat' dir='ltr'><strong>quam</strong></span> <span class='ocrx_word' id='word_1_95' title='bbox 1318 2162 1361 2195; x_wconf 89' lang='lat' dir='ltr'><strong>ut</strong></span> <span class='ocrx_word' id='word_1_96' title='bbox 1390 2158 1434 2195; x_wconf 90' lang='lat' dir='ltr'><strong>iis</strong></span> <span class='ocrx_word' id='word_1_97' title='bbox 1462 2162 1617 2197; x_wconf 80' lang='lat' dir='ltr'><strong>metuat.</strong></span> <span class='ocrx_word' id='word_1_98' title='bbox 1675 2156 1786 2194; x_wconf 85' lang='lat' dir='ltr'><strong>conf.</strong></span> 
     </span>
    </p>
   </div>
   <div class='ocr_carea' id='block_1_5' title="bbox 255 2221 1787 2274">
    <p class='ocr_par' dir='ltr' id='par_1_5' title="bbox 255 2221 1787 2274">
     <span class='ocr_line' id='line_1_13' title="bbox 255 2221 1787 2274; baseline 0.001 -16"><span class='ocrx_word' id='word_1_99' title='bbox 255 2221 328 2258; x_wconf 90' lang='lat' dir='ltr'><strong>alia</strong></span> <span class='ocrx_word' id='word_1_100' title='bbox 354 2222 482 2260; x_wconf 89' lang='lat' dir='ltr'><strong>similis</strong></span> <span class='ocrx_word' id='word_1_101' title='bbox 511 2225 723 2274; x_wconf 86' lang='lat' dir='ltr'><strong>argumenti</strong></span> <span class='ocrx_word' id='word_1_102' title='bbox 746 2224 920 2262; x_wconf 89' lang='lat' dir='ltr'><strong>vaticinia</strong></span> <span class='ocrx_word' id='word_1_103' title='bbox 943 2223 1017 2263; x_wconf 89' lang='lat' dir='ltr'><strong>Od.</strong></span> <span class='ocrx_word' id='word_1_104' title='bbox 1051 2226 1090 2273; x_wconf 84' lang='lat'><strong>2,</strong></span> <span class='ocrx_word' id='word_1_105' title='bbox 1123 2226 1188 2266; x_wconf 85' lang='lat'><strong>20.</strong></span> <span class='ocrx_word' id='word_1_106' title='bbox 1216 2225 1258 2274; x_wconf 86' lang='grc'><strong>3,</strong></span> <span class='ocrx_word' id='word_1_107' title='bbox 1277 2225 1345 2266; x_wconf 88' lang='grc'><strong>30.</strong></span> <span class='ocrx_word' id='word_1_108' title='bbox 1395 2227 1503 2271; x_wconf 87' lang='lat' dir='ltr'><strong>Quae</strong></span> <span class='ocrx_word' id='word_1_109' title='bbox 1529 2223 1787 2262; x_wconf 65' lang='lat' dir='ltr'><strong>Welandisae</strong></span> 
     </span>
    </p>
   </div>
   <div class='ocr_carea' id='block_1_6' title="bbox 254 2395 1788 2841">
    <p class='ocr_par' dir='ltr' id='par_1_6' title="bbox 254 2395 1788 2841">
     <span class='ocr_line' id='line_1_14' title="bbox 367 2395 1784 2446; baseline -0.001 -14"><span class='ocrx_word' id='word_1_110' title='bbox 367 2395 404 2446; x_wconf 88' lang='lat'><strong>*)</strong></span> <span class='ocrx_word' id='word_1_111' title='bbox 426 2399 481 2432; x_wconf 91' lang='lat' dir='ltr'><strong>De</strong></span> <span class='ocrx_word' id='word_1_112' title='bbox 508 2399 574 2433; x_wconf 87' lang='lat' dir='ltr'><strong>hac</strong></span> <span class='ocrx_word' id='word_1_113' title='bbox 593 2398 903 2443; x_wconf 82' lang='lat' dir='ltr'><strong>personificatione</strong></span> <span class='ocrx_word' id='word_1_114' title='bbox 928 2398 1009 2433; x_wconf 89' lang='lat' dir='ltr'><strong>vide</strong></span> <span class='ocrx_word' id='word_1_115' title='bbox 1029 2398 1295 2445; x_wconf 82' lang='lat' dir='ltr'><strong>Morgenstern.</strong></span> <span class='ocrx_word' id='word_1_116' title='bbox 1317 2399 1362 2433; x_wconf 90' lang='lat' dir='ltr'><strong>de</strong></span> <span class='ocrx_word' id='word_1_117' title='bbox 1391 2399 1533 2433; x_wconf 84' lang='lat' dir='ltr'><strong>Satirae</strong></span> <span class='ocrx_word' id='word_1_118' title='bbox 1563 2403 1670 2443; x_wconf 82' lang='lat' dir='ltr'><strong>atque</strong></span> <span class='ocrx_word' id='word_1_119' title='bbox 1699 2397 1784 2443; x_wconf 86' lang='lat' dir='ltr'><strong>Epi-</strong></span> 
     </span>
     <span class='ocr_line' id='line_1_15' title="bbox 254 2454 1784 2501; baseline 0.001 -14"><span class='ocrx_word' id='word_1_120' title='bbox 254 2454 369 2488; x_wconf 85' lang='lat' dir='ltr'><strong>stolae</strong></span> <span class='ocrx_word' id='word_1_121' title='bbox 389 2455 517 2489; x_wconf 83' lang='lat' dir='ltr'><strong>Horat.</strong></span> <span class='ocrx_word' id='word_1_122' title='bbox 538 2454 737 2489; x_wconf 89' lang='lat' dir='ltr'><strong>discrimine</strong></span> <span class='ocrx_word' id='word_1_123' title='bbox 757 2467 791 2500; x_wconf 91' lang='lat' dir='ltr'><strong>p.</strong></span> <span class='ocrx_word' id='word_1_124' title='bbox 815 2457 868 2490; x_wconf 92' lang='lat'><strong>10.</strong></span> <span class='ocrx_word' id='word_1_125' title='bbox 891 2460 928 2489; x_wconf 83' lang='lat' dir='ltr'><strong>et</strong></span> <span class='ocrx_word' id='word_1_126' title='bbox 949 2467 1038 2500; x_wconf 88' lang='lat' dir='ltr'><strong>quae</strong></span> <span class='ocrx_word' id='word_1_127' title='bbox 1059 2461 1183 2489; x_wconf 78' lang='lat' dir='ltr'><strong>contra</strong></span> <span class='ocrx_word' id='word_1_128' title='bbox 1202 2454 1423 2490; x_wconf 73' lang='lat' dir='ltr'><strong>Diintzerum</strong></span> <span class='ocrx_word' id='word_1_129' title='bbox 1445 2455 1593 2490; x_wconf 67' lang='lat' dir='ltr'><strong>Orellicoe</strong></span> <span class='ocrx_word' id='word_1_130' title='bbox 1612 2454 1784 2501; x_wconf 82' lang='lat' dir='ltr'><strong>disputat.</strong></span> 
     </span>
     <span class='ocr_line' id='line_1_16' title="bbox 254 2510 1786 2557; baseline 0 -13"><span class='ocrx_word' id='word_1_131' title='bbox 254 2510 347 2545; x_wconf 87' lang='lat' dir='ltr'><strong>Mire</strong></span> <span class='ocrx_word' id='word_1_132' title='bbox 366 2511 585 2557; x_wconf 73' lang='lat' dir='ltr'><strong>Porphyriot</strong></span> <span class='ocrx_word' id='word_1_133' title='bbox 613 2512 769 2555; x_wconf 81' lang='lat' dir='ltr'><strong>„Mirum</strong></span> <span class='ocrx_word' id='word_1_134' title='bbox 799 2517 873 2556; x_wconf 85' lang='lat' dir='ltr'><strong>est,</strong></span> <span class='ocrx_word' id='word_1_135' title='bbox 901 2513 992 2546; x_wconf 90' lang='lat' dir='ltr'><strong>hanc</strong></span> <span class='ocrx_word' id='word_1_136' title='bbox 1016 2511 1226 2546; x_wconf 78' lang='lat' dir='ltr'><strong>locutionem</strong></span> <span class='ocrx_word' id='word_1_137' title='bbox 1254 2511 1348 2546; x_wconf 80' lang='lat' dir='ltr'><strong>inter</strong></span> <span class='ocrx_word' id='word_1_138' title='bbox 1367 2512 1536 2556; x_wconf 80' lang='lat' dir='ltr'><strong>epistolas</strong></span> <span class='ocrx_word' id='word_1_139' title='bbox 1556 2512 1659 2557; x_wconf 87' lang='lat' dir='ltr'><strong>poni,</strong></span> <span class='ocrx_word' id='word_1_140' title='bbox 1683 2522 1786 2556; x_wconf 89' lang='lat' dir='ltr'><strong>quum</strong></span> 
     </span>
     <span class='ocr_line' id='line_1_17' title="bbox 254 2568 1788 2614; baseline 0.002 -15"><span class='ocrx_word' id='word_1_141' title='bbox 254 2578 368 2613; x_wconf 89' lang='lat' dir='ltr'><strong>neque</strong></span> <span class='ocrx_word' id='word_1_142' title='bbox 388 2568 431 2602; x_wconf 88' lang='lat' dir='ltr'><strong>ad</strong></span> <span class='ocrx_word' id='word_1_143' title='bbox 452 2570 633 2603; x_wconf 84' lang='lat' dir='ltr'><strong>absentem</strong></span> <span class='ocrx_word' id='word_1_144' title='bbox 662 2580 776 2614; x_wconf 86' lang='lat' dir='ltr'><strong>neque</strong></span> <span class='ocrx_word' id='word_1_145' title='bbox 800 2570 845 2603; x_wconf 83' lang='lat' dir='ltr'><strong>ad</strong></span> <span class='ocrx_word' id='word_1_146' title='bbox 865 2575 1090 2614; x_wconf 86' lang='lat' dir='ltr'><strong>praesentem</strong></span> <span class='ocrx_word' id='word_1_147' title='bbox 1110 2569 1278 2603; x_wconf 84' lang='lat' dir='ltr'><strong>hominem</strong></span> <span class='ocrx_word' id='word_1_148' title='bbox 1300 2569 1435 2614; x_wconf 81' lang='lat' dir='ltr'><strong>scripta</strong></span> <span class='ocrx_word' id='word_1_149' title='bbox 1453 2570 1521 2613; x_wconf 85' lang='lat' dir='ltr'><strong>sit,</strong></span> <span class='ocrx_word' id='word_1_150' title='bbox 1543 2568 1610 2603; x_wconf 80' lang='lat' dir='ltr'><strong>nisi</strong></span> <span class='ocrx_word' id='word_1_151' title='bbox 1629 2569 1711 2613; x_wconf 83' lang='lat' dir='ltr'><strong>quia</strong></span> <span class='ocrx_word' id='word_1_152' title='bbox 1729 2579 1788 2602; x_wconf 82' lang='lat' dir='ltr'><strong>re-</strong></span> 
     </span>
     <span class='ocr_line' id='line_1_18' title="bbox 254 2624 1787 2671; baseline 0.001 -14"><span class='ocrx_word' id='word_1_153' title='bbox 254 2631 391 2669; x_wconf 78' lang='lat' dir='ltr'><strong>ceptum</strong></span> <span class='ocrx_word' id='word_1_154' title='bbox 412 2632 468 2659; x_wconf 87' lang='lat' dir='ltr'><strong>est</strong></span> <span class='ocrx_word' id='word_1_155' title='bbox 488 2630 524 2659; x_wconf 84' lang='lat' dir='ltr'><strong>et</strong></span> <span class='ocrx_word' id='word_1_156' title='bbox 542 2625 718 2671; x_wconf 87' lang='lat' dir='ltr'><strong>principia</strong></span> <span class='ocrx_word' id='word_1_157' title='bbox 735 2631 772 2659; x_wconf 89' lang='lat' dir='ltr'><strong>et</strong></span> <span class='ocrx_word' id='word_1_158' title='bbox 791 2627 879 2660; x_wconf 80' lang='lat' dir='ltr'><strong>fines</strong></span> <span class='ocrx_word' id='word_1_159' title='bbox 904 2626 939 2659; x_wconf 92' lang='lat' dir='ltr'><strong>in</strong></span> <span class='ocrx_word' id='word_1_160' title='bbox 962 2625 1120 2661; x_wconf 84' lang='lat' dir='ltr'><strong>omnibus</strong></span> <span class='ocrx_word' id='word_1_161' title='bbox 1139 2625 1238 2660; x_wconf 82' lang='lat' dir='ltr'><strong>libris</strong></span> <span class='ocrx_word' id='word_1_162' title='bbox 1254 2625 1381 2660; x_wconf 87' lang='lat' dir='ltr'><strong>nullius</strong></span> <span class='ocrx_word' id='word_1_163' title='bbox 1402 2626 1492 2671; x_wconf 83' lang='lat' dir='ltr'><strong>legis</strong></span> <span class='ocrx_word' id='word_1_164' title='bbox 1512 2625 1658 2659; x_wconf 88' lang='lat' dir='ltr'><strong>formula</strong></span> <span class='ocrx_word' id='word_1_165' title='bbox 1673 2624 1787 2659; x_wconf 85' lang='lat' dir='ltr'><strong>conti-</strong></span> 
     </span>
     <span class='ocr_line' id='line_1_19' title="bbox 254 2681 1785 2728; baseline 0.001 -16"><span class='ocrx_word' id='word_1_166' title='bbox 254 2681 328 2713; x_wconf 75' lang='lat' dir='ltr'><strong>neri</strong></span> <span class='ocrx_word' id='word_1_167' title='bbox 343 2683 441 2714; x_wconf 84' lang='lat' dir='ltr'><strong>etc.“</strong></span> <span class='ocrx_word' id='word_1_168' title='bbox 475 2684 572 2717; x_wconf 86' lang='lat' dir='ltr'><strong>Bene</strong></span> <span class='ocrx_word' id='word_1_169' title='bbox 589 2690 704 2716; x_wconf 85' lang='lat' dir='ltr'><strong>autem</strong></span> <span class='ocrx_word' id='word_1_170' title='bbox 719 2682 834 2717; x_wconf 86' lang='lat' dir='ltr'><strong>addit.-</strong></span> <span class='ocrx_word' id='word_1_171' title='bbox 862 2684 984 2726; x_wconf 81' lang='lat' dir='ltr'><strong>„Sane</strong></span> <span class='ocrx_word' id='word_1_172' title='bbox 1002 2695 1045 2717; x_wconf 87' lang='lat' dir='ltr'><strong>ex</strong></span> <span class='ocrx_word' id='word_1_173' title='bbox 1061 2683 1114 2718; x_wconf 85' lang='lat' dir='ltr'><strong>his</strong></span> <span class='ocrx_word' id='word_1_174' title='bbox 1127 2681 1289 2717; x_wconf 82' lang='lat' dir='ltr'><strong>versibus</strong></span> <span class='ocrx_word' id='word_1_175' title='bbox 1305 2687 1343 2716; x_wconf 82' lang='lat' dir='ltr'><strong>et</strong></span> <span class='ocrx_word' id='word_1_176' title='bbox 1360 2684 1395 2716; x_wconf 90' lang='lat' dir='ltr'><strong>in</strong></span> <span class='ocrx_word' id='word_1_177' title='bbox 1411 2682 1585 2728; x_wconf 90' lang='lat' dir='ltr'><strong>principio</strong></span> <span class='ocrx_word' id='word_1_178' title='bbox 1604 2681 1785 2727; x_wconf 78' lang='lat' dir='ltr'><strong>sequentis</strong></span> 
     </span>
     <span class='ocr_line' id='line_1_20' title="bbox 254 2736 1784 2785; baseline 0.003 -18"><span class='ocrx_word' id='word_1_179' title='bbox 254 2736 335 2769; x_wconf 84' lang='lat' dir='ltr'><strong>libri</strong></span> <span class='ocrx_word' id='word_1_180' title='bbox 357 2745 527 2782; x_wconf 85' lang='lat' dir='ltr'><strong>apparet,</strong></span> <span class='ocrx_word' id='word_1_181' title='bbox 559 2739 742 2774; x_wconf 84' lang='lat' dir='ltr'><strong>Horatium</strong></span> <span class='ocrx_word' id='word_1_182' title='bbox 764 2739 828 2773; x_wconf 91' lang='lat' dir='ltr'><strong>hoc</strong></span> <span class='ocrx_word' id='word_1_183' title='bbox 849 2740 1010 2774; x_wconf 86' lang='lat' dir='ltr'><strong>volumen</strong></span> <span class='ocrx_word' id='word_1_184' title='bbox 1030 2739 1130 2785; x_wconf 76' lang='lat' dir='ltr'><strong>quasi</strong></span> <span class='ocrx_word' id='word_1_185' title='bbox 1158 2739 1381 2774; x_wconf 85' lang='lat' dir='ltr'><strong>novissimum</strong></span> <span class='ocrx_word' id='word_1_186' title='bbox 1406 2739 1517 2774; x_wconf 87' lang='lat' dir='ltr'><strong>totius</strong></span> <span class='ocrx_word' id='word_1_187' title='bbox 1538 2737 1657 2784; x_wconf 83' lang='lat' dir='ltr'><strong>operis</strong></span> <span class='ocrx_word' id='word_1_188' title='bbox 1675 2737 1784 2772; x_wconf 87' lang='lat' dir='ltr'><strong>habu-</strong></span> 
     </span>
     <span class='ocr_line' id='line_1_21' title="bbox 255 2791 1782 2841; baseline 0.002 -18"><span class='ocrx_word' id='word_1_189' title='bbox 255 2791 344 2833; x_wconf 67' lang='lat' dir='ltr'><strong>isse;</strong></span> <span class='ocrx_word' id='word_1_190' title='bbox 366 2805 441 2827; x_wconf 85' lang='lat' dir='ltr'><strong>uam</strong></span> <span class='ocrx_word' id='word_1_191' title='bbox 461 2797 646 2830; x_wconf 85' lang='lat' dir='ltr'><strong>secundum</strong></span> <span class='ocrx_word' id='word_1_192' title='bbox 671 2796 898 2841; x_wconf 76' lang='lat' dir='ltr'><strong>epistolarum</strong></span> <span class='ocrx_word' id='word_1_193' title='bbox 918 2803 1061 2831; x_wconf 82' lang='lat' dir='ltr'><strong>coactus</strong></span> <span class='ocrx_word' id='word_1_194' title='bbox 1083 2796 1253 2841; x_wconf 81' lang='lat' dir='ltr'><strong>adjecit.“</strong></span> <span class='ocrx_word' id='word_1_195' title='bbox 1290 2797 1392 2838; x_wconf 83' lang='lat' dir='ltr'><strong>Quae</strong></span> <span class='ocrx_word' id='word_1_196' title='bbox 1417 2797 1630 2831; x_wconf 71' lang='lat' dir='ltr'><strong>lVeichertus</strong></span> <span class='ocrx_word' id='word_1_197' title='bbox 1649 2794 1782 2837; x_wconf 80' lang='lat' dir='ltr'><strong>(Lectt.</strong></span> 
     </span>
    </p>
   </div>
   <div class='ocr_carea' id='block_1_7' title="bbox 254 2847 1783 2949">
    <p class='ocr_par' dir='ltr' id='par_1_7' title="bbox 254 2847 1783 2949">
     <span class='ocr_line' id='line_1_22' title="bbox 255 2847 1783 2900; baseline 0 -19"><span class='ocrx_word' id='word_1_198' title='bbox 255 2849 386 2882; x_wconf 67' lang='lat' dir='ltr'><strong>Venus.</strong></span> <span class='ocrx_word' id='word_1_199' title='bbox 417 2862 450 2895; x_wconf 89' lang='lat' dir='ltr'><strong>p.</strong></span> <span class='ocrx_word' id='word_1_200' title='bbox 481 2850 539 2893; x_wconf 86' lang='lat'><strong>74)</strong></span> <span class='ocrx_word' id='word_1_201' title='bbox 570 2853 613 2887; x_wconf 90' lang='lat' dir='ltr'><strong>de</strong></span> <span class='ocrx_word' id='word_1_202' title='bbox 640 2854 707 2887; x_wconf 88' lang='lat' dir='ltr'><strong>hoc</strong></span> <span class='ocrx_word' id='word_1_203' title='bbox 739 2854 915 2899; x_wconf 78' lang='lat' dir='ltr'><strong>poematio</strong></span> <span class='ocrx_word' id='word_1_204' title='bbox 942 2854 1143 2899; x_wconf 83' lang='lat' dir='ltr'><strong>singulatim</strong></span> <span class='ocrx_word' id='word_1_205' title='bbox 1171 2855 1359 2898; x_wconf 84' lang='lat' dir='ltr'><strong>observat,</strong></span> <span class='ocrx_word' id='word_1_206' title='bbox 1386 2865 1450 2900; x_wconf 87' lang='lat' dir='ltr'><strong>pro</strong></span> <span class='ocrx_word' id='word_1_207' title='bbox 1477 2851 1628 2897; x_wconf 80' lang='lat' dir='ltr'><strong>explosis</strong></span> <span class='ocrx_word' id='word_1_208' title='bbox 1660 2847 1783 2883; x_wconf 85' lang='lat' dir='ltr'><strong>haberi</strong></span> 
     </span>
     <span class='ocr_line' id='line_1_23' title="bbox 254 2911 411 2949; baseline 0.013 -13"><span class='ocrx_word' id='word_1_209' title='bbox 254 2911 411 2949; x_wconf 62' lang='lat' dir='ltr'><strong>possunt.</strong></span> 
     </span>
    </p>
   </div>
  </div>
 </body>
</html>
