<?xml version="1.0" encoding="UTF-8"?>
<!DOCTYPE html PUBLIC "-//W3C//DTD XHTML 1.0 Transitional//EN"
    "http://www.w3.org/TR/xhtml1/DTD/xhtml1-transitional.dtd">
<html xmlns="http://www.w3.org/1999/xhtml" xml:lang="en" lang="en">
 <head>
  <title>
</title>
<meta http-equiv="Content-Type" content="text/html;charset=utf-8" />
  <meta name='ocr-system' content='tesseract 3.04.00' />
  <meta name='ocr-capabilities' content='ocr_page ocr_carea ocr_par ocr_line ocrx_word'/>
</head>
<body>
  <div class='ocr_page' id='page_1' title='image "./epistolascomment02horauoft_0038.png"; bbox 0 0 2034 3224; ppageno 0'>
   <div class='ocr_carea' id='block_1_1' title="bbox 370 234 1913 287">
    <p class='ocr_par' dir='ltr' id='par_1_1' title="bbox 370 234 1913 287">
     <span class='ocr_line' id='line_1_1' title="bbox 370 234 1913 287; baseline 0.003 -4"><span class='ocrx_word' id='word_1_1' title='bbox 370 241 426 283; x_wconf 76' lang='lat'><strong>32</strong></span> <span class='ocrx_word' id='word_1_2' title='bbox 533 235 911 279; x_wconf 80' lang='lat' dir='ltr'><strong>COMMENTARH</strong></span> <span class='ocrx_word' id='word_1_3' title='bbox 932 235 991 275; x_wconf 86' lang='lat' dir='ltr'><strong>IN</strong></span> <span class='ocrx_word' id='word_1_4' title='bbox 1009 234 1232 278; x_wconf 76' lang='lat' dir='ltr'><strong>HORATn</strong></span> <span class='ocrx_word' id='word_1_5' title='bbox 1251 236 1361 279; x_wconf 86' lang='lat' dir='ltr'><strong>LIB.</strong></span> <span class='ocrx_word' id='word_1_6' title='bbox 1381 237 1601 280; x_wconf 65' lang='lat' dir='ltr'>LEPIS&#39;R</span> <span class='ocrx_word' id='word_1_7' title='bbox 1621 239 1753 283; x_wconf 58' lang='lat' dir='ltr'><strong>NON»</strong></span> <span class='ocrx_word' id='word_1_8' title='bbox 1857 243 1913 287; x_wconf 77' lang='lat'><strong>82</strong></span> 
     </span>
    </p>
   </div>
   <div class='ocr_carea' id='block_1_2' title="bbox 362 361 1917 2253">
    <p class='ocr_par' dir='ltr' id='par_1_2' title="bbox 368 361 1917 894">
     <span class='ocr_line' id='line_1_2' title="bbox 370 361 1917 419; baseline -0.001 -13"><span class='ocrx_word' id='word_1_9' title='bbox 370 365 585 419; x_wconf 78' lang='lat' dir='ltr'>disputavi,</span> <span class='ocrx_word' id='word_1_10' title='bbox 616 376 733 415; x_wconf 89' lang='lat' dir='ltr'><strong>quum</strong></span> <span class='ocrx_word' id='word_1_11' title='bbox 767 362 833 401; x_wconf 88' lang='lat' dir='ltr'><strong>Vir</strong></span> <span class='ocrx_word' id='word_1_12' title='bbox 862 361 1019 400; x_wconf 84' lang='lat' dir='ltr'><strong>doctiss.</strong></span> <span class='ocrx_word' id='word_1_13' title='bbox 1051 363 1284 414; x_wconf 84' lang='lat' dir='ltr'><strong>censuisset,</strong></span> <span class='ocrx_word' id='word_1_14' title='bbox 1311 363 1411 403; x_wconf 82' lang='lat' dir='ltr'><strong>hanc</strong></span> <span class='ocrx_word' id='word_1_15' title='bbox 1438 363 1653 417; x_wconf 73' lang='lat' dir='ltr'><strong>Epistulam</strong></span> <span class='ocrx_word' id='word_1_16' title='bbox 1679 364 1814 418; x_wconf 65' lang='lat' dir='ltr'><strong>„ulla</strong></span> <span class='ocrx_word' id='word_1_17' title='bbox 1839 365 1917 408; x_wconf 75' lang='lat' dir='ltr'><strong>alia</strong></span> 
     </span>
     <span class='ocr_line' id='line_1_3' title="bbox 370 429 1913 489; baseline 0.001 -15"><span class='ocrx_word' id='word_1_18' title='bbox 370 436 420 474; x_wconf 91' lang='lat' dir='ltr'><strong>de</strong></span> <span class='ocrx_word' id='word_1_19' title='bbox 447 445 563 473; x_wconf 84' lang='lat' dir='ltr'><strong>cansa</strong></span> <span class='ocrx_word' id='word_1_20' title='bbox 593 430 755 484; x_wconf 88' lang='lat' dir='ltr'><strong>posthac</strong></span> <span class='ocrx_word' id='word_1_21' title='bbox 782 431 821 469; x_wconf 89' lang='lat' dir='ltr'><strong>in</strong></span> <span class='ocrx_word' id='word_1_22' title='bbox 843 429 966 468; x_wconf 86' lang='lat' dir='ltr'><strong>lucem</strong></span> <span class='ocrx_word' id='word_1_23' title='bbox 989 429 1165 470; x_wconf 76' lang='lat' dir='ltr'><strong>emissam</strong></span> <span class='ocrx_word' id='word_1_24' title='bbox 1186 444 1300 484; x_wconf 84' lang='lat' dir='ltr'><strong>esse,</strong></span> <span class='ocrx_word' id='word_1_25' title='bbox 1326 432 1402 471; x_wconf 88' lang='lat' dir='ltr'><strong>nisi</strong></span> <span class='ocrx_word' id='word_1_26' title='bbox 1427 436 1469 471; x_wconf 91' lang='lat' dir='ltr'><strong>ut</strong></span> <span class='ocrx_word' id='word_1_27' title='bbox 1494 431 1592 472; x_wconf 85' lang='lat' dir='ltr'><strong>Hor.</strong></span> <span class='ocrx_word' id='word_1_28' title='bbox 1618 433 1803 486; x_wconf 80' lang='lat' dir='ltr'><strong>aequales</strong></span> <span class='ocrx_word' id='word_1_29' title='bbox 1819 448 1913 489; x_wconf 75' lang='lat' dir='ltr'><strong>suos</strong></span> 
     </span>
     <span class='ocr_line' id='line_1_4' title="bbox 370 496 1915 554; baseline 0.001 -13"><span class='ocrx_word' id='word_1_30' title='bbox 370 503 570 550; x_wconf 86' lang='lat' dir='ltr'><strong>edoceret,</strong></span> <span class='ocrx_word' id='word_1_31' title='bbox 605 510 703 550; x_wconf 88' lang='lat' dir='ltr'><strong>quae</strong></span> <span class='ocrx_word' id='word_1_32' title='bbox 731 496 803 535; x_wconf 87' lang='lat' dir='ltr'>sibi</span> <span class='ocrx_word' id='word_1_33' title='bbox 833 509 915 535; x_wconf 90' lang='lat' dir='ltr'><strong>cum</strong></span> <span class='ocrx_word' id='word_1_34' title='bbox 942 498 1119 550; x_wconf 84' lang='lat' dir='ltr'><strong>privigno</strong></span> <span class='ocrx_word' id='word_1_35' title='bbox 1146 499 1402 539; x_wconf 82' lang='lat' dir='ltr'><strong>intercederet</strong></span> <span class='ocrx_word' id='word_1_36' title='bbox 1429 501 1673 540; x_wconf 82' lang='lat' dir='ltr'><strong>necessitudo</strong></span> <span class='ocrx_word' id='word_1_37' title='bbox 1699 507 1915 554; x_wconf 60' lang='lat' dir='ltr'><strong>quantaque</strong></span> 
     </span>
     <span class='ocr_line' id='line_1_5' title="bbox 370 565 1912 623; baseline 0 -14"><span class='ocrx_word' id='word_1_38' title='bbox 370 570 471 623; x_wconf 83' lang='lat' dir='ltr'><strong>apud</strong></span> <span class='ocrx_word' id='word_1_39' title='bbox 492 582 578 608; x_wconf 90' lang='lat' dir='ltr'><strong>eum</strong></span> <span class='ocrx_word' id='word_1_40' title='bbox 595 566 758 619; x_wconf 88' lang='lat' dir='ltr'><strong>polleret</strong></span> <span class='ocrx_word' id='word_1_41' title='bbox 785 565 1011 604; x_wconf 85' lang='lat' dir='ltr'><strong>auctoritate</strong></span> <span class='ocrx_word' id='word_1_42' title='bbox 1038 570 1078 605; x_wconf 92' lang='lat' dir='ltr'><strong>et</strong></span> <span class='ocrx_word' id='word_1_43' title='bbox 1100 567 1254 618; x_wconf 83' lang='lat' dir='ltr'><strong>gratia“</strong></span> <span class='ocrx_word' id='word_1_44' title='bbox 1281 571 1353 606; x_wconf 84' lang='lat' dir='ltr'><strong>ete.</strong></span> <span class='ocrx_word' id='word_1_45' title='bbox 1410 567 1616 608; x_wconf 89' lang='lat' dir='ltr'><strong>Praeterea</strong></span> <span class='ocrx_word' id='word_1_46' title='bbox 1637 573 1786 610; x_wconf 83' lang='lat' dir='ltr'><strong>tantum</strong></span> <span class='ocrx_word' id='word_1_47' title='bbox 1803 571 1912 621; x_wconf 59' lang='lat' dir='ltr'><strong>aiant,</strong></span> 
     </span>
     <span class='ocr_line' id='line_1_6' title="bbox 370 633 1913 690; baseline 0 -12"><span class='ocrx_word' id='word_1_48' title='bbox 370 643 413 678; x_wconf 92' lang='lat' dir='ltr'><strong>ut</strong></span> <span class='ocrx_word' id='word_1_49' title='bbox 430 637 614 677; x_wconf 86' lang='lat' dir='ltr'><strong>Horatius</strong></span> <span class='ocrx_word' id='word_1_50' title='bbox 633 633 843 686; x_wconf 83' lang='lat' dir='ltr'><strong>principum</strong></span> <span class='ocrx_word' id='word_1_51' title='bbox 862 633 1027 672; x_wconf 87' lang='lat' dir='ltr'><strong>virorum</strong></span> <span class='ocrx_word' id='word_1_52' title='bbox 1044 634 1322 674; x_wconf 65' lang='lat' dir='ltr'>familiaritates</span> <span class='ocrx_word' id='word_1_53' title='bbox 1333 639 1508 688; x_wconf 79' lang='lat' dir='ltr'><strong>captaret</strong></span> <span class='ocrx_word' id='word_1_54' title='bbox 1527 637 1754 689; x_wconf 82' lang='lat' dir='ltr'><strong>adeptisque</strong></span> <span class='ocrx_word' id='word_1_55' title='bbox 1771 637 1913 690; x_wconf 79' lang='lat' dir='ltr'><strong>gloria·</strong></span> 
     </span>
     <span class='ocr_line' id='line_1_7' title="bbox 368 700 1915 756; baseline 0.001 -11"><span class='ocrx_word' id='word_1_56' title='bbox 368 712 497 756; x_wconf 88' lang='lat' dir='ltr'><strong>retur,</strong></span> <span class='ocrx_word' id='word_1_57' title='bbox 530 709 596 742; x_wconf 87' lang='lat' dir='ltr'><strong>aut</strong></span> <span class='ocrx_word' id='word_1_58' title='bbox 621 700 711 752; x_wconf 90' lang='lat' dir='ltr'><strong>quid</strong></span> <span class='ocrx_word' id='word_1_59' title='bbox 741 701 790 739; x_wconf 89' lang='lat' dir='ltr'><strong>de</strong></span> <span class='ocrx_word' id='word_1_60' title='bbox 818 701 906 753; x_wconf 74' lang='lat' dir='ltr'><strong>ipso</strong></span> <span class='ocrx_word' id='word_1_61' title='bbox 945 702 1124 754; x_wconf 81' lang='lat' dir='ltr'>aequales</span> <span class='ocrx_word' id='word_1_62' title='bbox 1156 703 1341 742; x_wconf 81' lang='lat' dir='ltr'><strong>sentirent</strong></span> <span class='ocrx_word' id='word_1_63' title='bbox 1367 704 1478 743; x_wconf 79' lang='lat' dir='ltr'><strong>anxie</strong></span> <span class='ocrx_word' id='word_1_64' title='bbox 1506 709 1680 755; x_wconf 79' lang='lat' dir='ltr'><strong>curaret,</strong></span> <span class='ocrx_word' id='word_1_65' title='bbox 1708 711 1753 745; x_wconf 86' lang='lat' dir='ltr'><strong>ut</strong></span> <span class='ocrx_word' id='word_1_66' title='bbox 1781 710 1915 747; x_wconf 81' lang='lat' dir='ltr'><strong>contra</strong></span> 
     </span>
     <span class='ocr_line' id='line_1_8' title="bbox 368 760 1914 822; baseline 0.001 -9"><span class='ocrx_word' id='word_1_67' title='bbox 368 787 438 813; x_wconf 91' lang='lat' dir='ltr'><strong>suo</strong></span> <span class='ocrx_word' id='word_1_68' title='bbox 467 771 616 812; x_wconf 90' lang='lat' dir='ltr'><strong>modulo</strong></span> <span class='ocrx_word' id='word_1_69' title='bbox 641 760 845 811; x_wconf 87' lang='lat' dir='ltr'><strong>contentus</strong></span> <span class='ocrx_word' id='word_1_70' title='bbox 877 769 918 808; x_wconf 87' lang='lat' dir='ltr'><strong>id</strong></span> <span class='ocrx_word' id='word_1_71' title='bbox 949 773 1192 821; x_wconf 83' lang='lat' dir='ltr'><strong>sequeretur,</strong></span> <span class='ocrx_word' id='word_1_72' title='bbox 1223 775 1266 809; x_wconf 87' lang='lat' dir='ltr'><strong>ut</strong></span> <span class='ocrx_word' id='word_1_73' title='bbox 1291 770 1462 822; x_wconf 77' lang='lat' dir='ltr'><strong>placeret</strong></span> <span class='ocrx_word' id='word_1_74' title='bbox 1486 773 1576 813; x_wconf 78' lang='lat' dir='ltr'><strong>viris</strong></span> <span class='ocrx_word' id='word_1_75' title='bbox 1605 773 1786 813; x_wconf 83' lang='lat' dir='ltr'><strong>virtutum</strong></span> <span class='ocrx_word' id='word_1_76' title='bbox 1802 774 1914 814; x_wconf 81' lang='lat' dir='ltr'><strong>laude</strong></span> 
     </span>
     <span class='ocr_line' id='line_1_9' title="bbox 368 836 1742 894; baseline 0.004 -13"><span class='ocrx_word' id='word_1_77' title='bbox 368 843 593 894; x_wconf 88' lang='lat' dir='ltr'><strong>quicumque</strong></span> <span class='ocrx_word' id='word_1_78' title='bbox 612 841 743 876; x_wconf 87' lang='lat' dir='ltr'><strong>essent</strong></span> <span class='ocrx_word' id='word_1_79' title='bbox 770 837 993 890; x_wconf 76' lang='lat' dir='ltr'><strong>insignibus.</strong></span> <span class='ocrx_word' id='word_1_80' title='bbox 1031 838 1147 876; x_wconf 86' lang='lat' dir='ltr'><strong>Conf.</strong></span> <span class='ocrx_word' id='word_1_81' title='bbox 1168 837 1237 877; x_wconf 62' lang='lat' dir='ltr'><strong>R.</strong></span> <span class='ocrx_word' id='word_1_82' title='bbox 1273 836 1435 880; x_wconf 75' lang='lat' dir='ltr'><strong>Jacobs.</strong></span> <span class='ocrx_word' id='word_1_83' title='bbox 1462 838 1510 880; x_wconf 88' lang='lat' dir='ltr'><strong>V.</strong></span> <span class='ocrx_word' id='word_1_84' title='bbox 1529 852 1569 892; x_wconf 74' lang='lat' dir='ltr'><strong>p·</strong></span> <span class='ocrx_word' id='word_1_85' title='bbox 1591 842 1742 894; x_wconf 55' lang='lat'><strong>813⁴}-</strong></span> 
     </span>
    </p>

    <p class='ocr_par' dir='ltr' id='par_1_3' title="bbox 362 905 1915 2253">
     <span class='ocr_line' id='line_1_10' title="bbox 481 905 1913 962; baseline -0.004 -16"><span class='ocrx_word' id='word_1_86' title='bbox 481 909 606 954; x_wconf 87' lang='lat' dir='ltr'><strong>Quum</strong></span> <span class='ocrx_word' id='word_1_87' title='bbox 624 910 791 958; x_wconf 89' lang='lat' dir='ltr'><strong>tempus,</strong></span> <span class='ocrx_word' id='word_1_88' title='bbox 813 918 887 957; x_wconf 88' lang='lat' dir='ltr'><strong>quo</strong></span> <span class='ocrx_word' id='word_1_89' title='bbox 907 905 1002 944; x_wconf 87' lang='lat' dir='ltr'><strong>haec</strong></span> <span class='ocrx_word' id='word_1_90' title='bbox 1018 905 1193 957; x_wconf 83' lang='lat' dir='ltr'><strong>Epistola</strong></span> <span class='ocrx_word' id='word_1_91' title='bbox 1211 907 1353 958; x_wconf 86' lang='lat' dir='ltr'><strong>scripta</strong></span> <span class='ocrx_word' id='word_1_92' title='bbox 1373 907 1438 956; x_wconf 83' lang='lat' dir='ltr'><strong>sit,</strong></span> <span class='ocrx_word' id='word_1_93' title='bbox 1458 906 1799 962; x_wconf 60' lang='lat' dir='ltr'><strong>definirimqneat,</strong></span> <span class='ocrx_word' id='word_1_94' title='bbox 1819 923 1913 950; x_wconf 88' lang='lat' dir='ltr'><strong>con-</strong></span> 
     </span>
     <span class='ocr_line' id='line_1_11' title="bbox 362 973 1913 1030; baseline 0.001 -14"><span class='ocrx_word' id='word_1_95' title='bbox 362 979 426 1030; x_wconf 88' lang='lat' dir='ltr'><strong>jici</strong></span> <span class='ocrx_word' id='word_1_96' title='bbox 443 977 554 1028; x_wconf 85' lang='lat' dir='ltr'><strong>licet,</strong></span> <span class='ocrx_word' id='word_1_97' title='bbox 581 974 777 1014; x_wconf 89' lang='lat' dir='ltr'><strong>Tiberium</strong></span> <span class='ocrx_word' id='word_1_98' title='bbox 795 973 971 1012; x_wconf 89' lang='lat' dir='ltr'><strong>comitem</strong></span> <span class='ocrx_word' id='word_1_99' title='bbox 990 973 1110 1012; x_wconf 83' lang='lat' dir='ltr'><strong>fuisse</strong></span> <span class='ocrx_word' id='word_1_100' title='bbox 1130 973 1312 1024; x_wconf 85' lang='lat' dir='ltr'><strong>Augusti,</strong></span> <span class='ocrx_word' id='word_1_101' title='bbox 1341 988 1452 1026; x_wconf 89' lang='lat' dir='ltr'><strong>quum</strong></span> <span class='ocrx_word' id='word_1_102' title='bbox 1479 976 1512 1014; x_wconf 86' lang='lat' dir='ltr'><strong>is</strong></span> <span class='ocrx_word' id='word_1_103' title='bbox 1538 975 1664 1015; x_wconf 82' lang='lat' dir='ltr'><strong>medio</strong></span> <span class='ocrx_word' id='word_1_104' title='bbox 1689 990 1790 1017; x_wconf 78' lang='lat' dir='ltr'><strong>anno</strong></span> <span class='ocrx_word' id='word_1_105' title='bbox 1803 979 1913 1022; x_wconf 47' lang='lat'>4782.</span> 
     </span>
     <span class='ocr_line' id='line_1_12' title="bbox 364 1041 1913 1098; baseline 0.001 -16"><span class='ocrx_word' id='word_1_106' title='bbox 364 1047 486 1086; x_wconf 87' lang='lat' dir='ltr'><strong>Roma</strong></span> <span class='ocrx_word' id='word_1_107' title='bbox 503 1044 794 1096; x_wconf 86' lang='lat' dir='ltr'><strong>profisceretur,</strong></span> <span class='ocrx_word' id='word_1_108' title='bbox 823 1045 866 1081; x_wconf 87' lang='lat' dir='ltr'><strong>ut</strong></span> <span class='ocrx_word' id='word_1_109' title='bbox 882 1041 1113 1093; x_wconf 81' lang='lat' dir='ltr'><strong>expeditioni</strong></span> <span class='ocrx_word' id='word_1_110' title='bbox 1138 1041 1178 1078; x_wconf 90' lang='lat' dir='ltr'><strong>in</strong></span> <span class='ocrx_word' id='word_1_111' title='bbox 1195 1041 1362 1080; x_wconf 89' lang='lat' dir='ltr'><strong>Parthos</strong></span> <span class='ocrx_word' id='word_1_112' title='bbox 1392 1042 1659 1095; x_wconf 78' lang='lat' dir='ltr'><strong>suscipiendae</strong></span> <span class='ocrx_word' id='word_1_113' title='bbox 1689 1048 1913 1098; x_wconf 53' lang='lat' dir='ltr'><strong>suscepta&amp;</strong></span> 
     </span>
     <span class='ocr_line' id='line_1_13' title="bbox 365 1109 1915 1166; baseline 0 -14"><span class='ocrx_word' id='word_1_114' title='bbox 365 1127 440 1164; x_wconf 91' lang='lat' dir='ltr'><strong>que</strong></span> <span class='ocrx_word' id='word_1_115' title='bbox 459 1114 686 1162; x_wconf 85' lang='lat' dir='ltr'><strong>interesset,</strong></span> <span class='ocrx_word' id='word_1_116' title='bbox 705 1121 783 1162; x_wconf 86' lang='lat' dir='ltr'><strong>qua</strong></span> <span class='ocrx_word' id='word_1_117' title='bbox 798 1109 953 1162; x_wconf 89' lang='lat' dir='ltr'><strong>quidem</strong></span> <span class='ocrx_word' id='word_1_118' title='bbox 970 1120 1097 1148; x_wconf 90' lang='lat' dir='ltr'><strong>rerum</strong></span> <span class='ocrx_word' id='word_1_119' title='bbox 1115 1109 1331 1148; x_wconf 88' lang='lat' dir='ltr'><strong>conditione</strong></span> <span class='ocrx_word' id='word_1_120' title='bbox 1348 1109 1549 1149; x_wconf 80' lang='lat' dir='ltr'><strong>Horatium</strong></span> <span class='ocrx_word' id='word_1_121' title='bbox 1566 1123 1639 1163; x_wconf 88' lang='lat' dir='ltr'><strong>per</strong></span> <span class='ocrx_word' id='word_1_122' title='bbox 1654 1111 1783 1153; x_wconf 75' lang='lat' dir='ltr'><strong>literas</strong></span> <span class='ocrx_word' id='word_1_123' title='bbox 1801 1113 1915 1166; x_wconf 69' lang='lat' dir='ltr'><strong>paulo</strong></span> 
     </span>
     <span class='ocr_line' id='line_1_14' title="bbox 364 1176 1912 1230; baseline -0.001 -10"><span class='ocrx_word' id='word_1_124' title='bbox 364 1186 454 1220; x_wconf 89' lang='lat' dir='ltr'><strong>ante</strong></span> <span class='ocrx_word' id='word_1_125' title='bbox 474 1180 631 1219; x_wconf 87' lang='lat' dir='ltr'><strong>Tiberio</strong></span> <span class='ocrx_word' id='word_1_126' title='bbox 643 1205 658 1229; x_wconf 88' lang='lat'><strong>,</strong></span> <span class='ocrx_word' id='word_1_127' title='bbox 677 1179 742 1230; x_wconf 91' lang='lat' dir='ltr'><strong>qui</strong></span> <span class='ocrx_word' id='word_1_128' title='bbox 756 1178 897 1229; x_wconf 90' lang='lat' dir='ltr'><strong>ubique</strong></span> <span class='ocrx_word' id='word_1_129' title='bbox 916 1177 1075 1216; x_wconf 84' lang='lat' dir='ltr'><strong>comites</strong></span> <span class='ocrx_word' id='word_1_130' title='bbox 1095 1179 1136 1215; x_wconf 89' lang='lat' dir='ltr'><strong>et</strong></span> <span class='ocrx_word' id='word_1_131' title='bbox 1153 1176 1283 1214; x_wconf 83' lang='lat' dir='ltr'><strong>habuit</strong></span> <span class='ocrx_word' id='word_1_132' title='bbox 1302 1180 1342 1215; x_wconf 82' lang='lat' dir='ltr'><strong>et</strong></span> <span class='ocrx_word' id='word_1_133' title='bbox 1361 1178 1402 1216; x_wconf 89' lang='lat' dir='ltr'><strong>in</strong></span> <span class='ocrx_word' id='word_1_134' title='bbox 1422 1192 1533 1217; x_wconf 89' lang='lat' dir='ltr'><strong>suum</strong></span> <span class='ocrx_word' id='word_1_135' title='bbox 1553 1181 1789 1220; x_wconf 85' lang='lat' dir='ltr'><strong>consortium</strong></span> <span class='ocrx_word' id='word_1_136' title='bbox 1811 1182 1912 1223; x_wconf 72' lang='lat' dir='ltr'><strong>viros</strong></span> 
     </span>
     <span class='ocr_line' id='line_1_15' title="bbox 364 1244 1914 1302; baseline 0.001 -14"><span class='ocrx_word' id='word_1_137' title='bbox 364 1249 650 1302; x_wconf 86' lang='lat' dir='ltr'><strong>probatissimos</strong></span> <span class='ocrx_word' id='word_1_138' title='bbox 677 1246 852 1296; x_wconf 82' lang='lat' dir='ltr'><strong>admisit,</strong></span> <span class='ocrx_word' id='word_1_139' title='bbox 881 1245 1106 1297; x_wconf 87' lang='lat' dir='ltr'><strong>Septimium</strong></span> <span class='ocrx_word' id='word_1_140' title='bbox 1136 1245 1434 1287; x_wconf 86' lang='lat' dir='ltr'><strong>commendasse.</strong></span> <span class='ocrx_word' id='word_1_141' title='bbox 1489 1244 1597 1285; x_wconf 86' lang='lat' dir='ltr'><strong>Idem</strong></span> <span class='ocrx_word' id='word_1_142' title='bbox 1628 1247 1709 1286; x_wconf 83' lang='lat' dir='ltr'><strong>fere</strong></span> <span class='ocrx_word' id='word_1_143' title='bbox 1742 1251 1914 1289; x_wconf 84' lang='lat' dir='ltr'><strong>sentiunt</strong></span> 
     </span>
     <span class='ocr_line' id='line_1_16' title="bbox 365 1311 1912 1365; baseline 0.001 -10"><span class='ocrx_word' id='word_1_144' title='bbox 365 1319 584 1355; x_wconf 64' lang='lat' dir='ltr'><strong>Massurius</strong></span> <span class='ocrx_word' id='word_1_145' title='bbox 605 1315 653 1363; x_wconf 91' lang='lat' dir='ltr'><strong>(V</strong></span> <span class='ocrx_word' id='word_1_146' title='bbox 653 1315 696 1353; x_wconf 87' lang='lat' dir='ltr'><strong>it.</strong></span> <span class='ocrx_word' id='word_1_147' title='bbox 716 1313 812 1355; x_wconf 88' lang='lat' dir='ltr'><strong>Hor.</strong></span> <span class='ocrx_word' id='word_1_148' title='bbox 830 1327 871 1365; x_wconf 90' lang='lat' dir='ltr'><strong>p.</strong></span> <span class='ocrx_word' id='word_1_149' title='bbox 891 1313 1005 1363; x_wconf 86' lang='lat'><strong>258),</strong></span> <span class='ocrx_word' id='word_1_150' title='bbox 1033 1311 1266 1359; x_wconf 74' lang='lat' dir='ltr'><strong>Oberlinua,</strong></span> <span class='ocrx_word' id='word_1_151' title='bbox 1294 1312 1529 1362; x_wconf 75' lang='lat' dir='ltr'><strong>W&#39;etzelius,</strong></span> <span class='ocrx_word' id='word_1_152' title='bbox 1553 1314 1912 1365; x_wconf 54' lang='lat' dir='ltr'><strong>maachathi-hius,</strong></span> 
     </span>
     <span class='ocr_line' id='line_1_17' title="bbox 363 1372 1913 1435; baseline 0.002 -11"><span class='ocrx_word' id='word_1_153' title='bbox 363 1383 630 1429; x_wconf 61' lang='lat' dir='ltr'><strong>manera-s,</strong></span> <span class='ocrx_word' id='word_1_154' title='bbox 649 1382 902 1423; x_wconf 68' lang='lat' dir='ltr'><strong>Weiehmm</strong></span> <span class='ocrx_word' id='word_1_155' title='bbox 920 1379 1128 1429; x_wconf 66' lang='lat' dir='ltr'><strong>(Poet-lat.</strong></span> <span class='ocrx_word' id='word_1_156' title='bbox 1140 1380 1268 1432; x_wconf 83' lang='lat' dir='ltr'><strong>Reliq.</strong></span> <span class='ocrx_word' id='word_1_157' title='bbox 1286 1393 1328 1433; x_wconf 77' lang='lat' dir='ltr'><strong>p.</strong></span> <span class='ocrx_word' id='word_1_158' title='bbox 1347 1382 1445 1424; x_wconf 81' lang='lat'><strong>378.</strong></span> <span class='ocrx_word' id='word_1_159' title='bbox 1463 1383 1594 1435; x_wconf 62' lang='lat'><strong>3760,</strong></span> <span class='ocrx_word' id='word_1_160' title='bbox 1622 1372 1810 1424; x_wconf 67' lang='grc' dir='ltr'><em>οιιὲιιεω.</em></span> <span class='ocrx_word' id='word_1_161' title='bbox 1834 1384 1913 1427; x_wconf 69' lang='lat' dir='ltr'><strong>Alii</strong></span> 
     </span>
     <span class='ocr_line' id='line_1_18' title="bbox 364 1446 1915 1505; baseline 0 -13"><span class='ocrx_word' id='word_1_162' title='bbox 364 1459 515 1505; x_wconf 86' lang='lat' dir='ltr'><strong>tempus</strong></span> <span class='ocrx_word' id='word_1_163' title='bbox 535 1452 755 1503; x_wconf 84' lang='lat' dir='ltr'><strong>scriptionis</strong></span> <span class='ocrx_word' id='word_1_164' title='bbox 773 1452 814 1491; x_wconf 89' lang='lat' dir='ltr'><strong>in</strong></span> <span class='ocrx_word' id='word_1_165' title='bbox 833 1461 971 1489; x_wconf 87' lang='lat' dir='ltr'><strong>annum</strong></span> <span class='ocrx_word' id='word_1_166' title='bbox 991 1446 1107 1499; x_wconf 61' lang='lat'><strong>734„</strong></span> <span class='ocrx_word' id='word_1_167' title='bbox 1129 1461 1204 1499; x_wconf 92' lang='lat' dir='ltr'><strong>quo</strong></span> <span class='ocrx_word' id='word_1_168' title='bbox 1224 1451 1310 1502; x_wconf 87' lang='lat' dir='ltr'><strong>ipso</strong></span> <span class='ocrx_word' id='word_1_169' title='bbox 1329 1450 1510 1489; x_wconf 88' lang='lat' dir='ltr'><strong>Tiberius</strong></span> <span class='ocrx_word' id='word_1_170' title='bbox 1530 1450 1736 1490; x_wconf 82' lang='lat' dir='ltr'><strong>exercitum</strong></span> <span class='ocrx_word' id='word_1_171' title='bbox 1758 1451 1801 1491; x_wconf 84' lang='lat' dir='ltr'><strong>in</strong></span> <span class='ocrx_word' id='word_1_172' title='bbox 1815 1451 1915 1492; x_wconf 75' lang='lat' dir='ltr'><strong>Par-</strong></span> 
     </span>
     <span class='ocr_line' id='line_1_19' title="bbox 363 1516 1912 1571; baseline -0.001 -11"><span class='ocrx_word' id='word_1_173' title='bbox 363 1522 452 1561; x_wconf 79' lang='lat' dir='ltr'><strong>thos</strong></span> <span class='ocrx_word' id='word_1_174' title='bbox 489 1520 618 1570; x_wconf 84' lang='lat' dir='ltr'><strong>duxit,</strong></span> <span class='ocrx_word' id='word_1_175' title='bbox 658 1520 857 1558; x_wconf 80' lang='lat' dir='ltr'><strong>conferunt</strong></span> <span class='ocrx_word' id='word_1_176' title='bbox 894 1521 938 1556; x_wconf 90' lang='lat' dir='ltr'><strong>ut</strong></span> <span class='ocrx_word' id='word_1_177' title='bbox 976 1516 1254 1571; x_wconf 75' lang='lat' dir='ltr'><strong>Haberseldus</strong></span> <span class='ocrx_word' id='word_1_178' title='bbox 1262 1546 1281 1565; x_wconf 90' lang='lat'><em>‚</em></span> <span class='ocrx_word' id='word_1_179' title='bbox 1328 1518 1586 1565; x_wconf 77' lang='lat' dir='ltr'><strong>Schmidius,</strong></span> <span class='ocrx_word' id='word_1_180' title='bbox 1631 1518 1912 1568; x_wconf 68' lang='lat' dir='ltr'><strong>Hoehaederm,</strong></span> 
     </span>
     <span class='ocr_line' id='line_1_20' title="bbox 362 1586 1911 1639; baseline -0.001 -10"><span class='ocrx_word' id='word_1_181' title='bbox 362 1589 567 1629; x_wconf 59' lang='lat' dir='ltr'><strong>mankim</strong></span> <span class='ocrx_word' id='word_1_182' title='bbox 594 1588 636 1637; x_wconf 91' lang='lat' dir='ltr'><strong>(l.</strong></span> <span class='ocrx_word' id='word_1_183' title='bbox 656 1587 682 1627; x_wconf 91' lang='lat' dir='ltr'><strong>l.</strong></span> <span class='ocrx_word' id='word_1_184' title='bbox 703 1601 742 1639; x_wconf 87' lang='lat' dir='ltr'><strong>p.</strong></span> <span class='ocrx_word' id='word_1_185' title='bbox 763 1586 876 1634; x_wconf 83' lang='lat'>205).</span> <span class='ocrx_word' id='word_1_186' title='bbox 930 1587 1067 1638; x_wconf 74' lang='lat' dir='ltr'><strong>Quid,</strong></span> <span class='ocrx_word' id='word_1_187' title='bbox 1093 1587 1198 1638; x_wconf 89' lang='lat' dir='ltr'><strong>quod</strong></span> <span class='ocrx_word' id='word_1_188' title='bbox 1234 1586 1480 1626; x_wconf 75' lang='lat' dir='ltr'><strong>Sanadonus</strong></span> <span class='ocrx_word' id='word_1_189' title='bbox 1490 1614 1508 1634; x_wconf 94' lang='lat'><strong>,</strong></span> <span class='ocrx_word' id='word_1_190' title='bbox 1542 1586 1791 1638; x_wconf 64' lang='lat' dir='ltr'><strong>Mavilum,</strong></span> <span class='ocrx_word' id='word_1_191' title='bbox 1819 1588 1911 1627; x_wconf 76' lang='lat' dir='ltr'><strong>Do-</strong></span> 
     </span>
     <span class='ocr_line' id='line_1_21' title="bbox 363 1655 1910 1712; baseline -0.002 -14"><span class='ocrx_word' id='word_1_192' title='bbox 363 1658 537 1712; x_wconf 81' lang='lat' dir='ltr'><strong>righello</strong></span> <span class='ocrx_word' id='word_1_193' title='bbox 554 1656 768 1709; x_wconf 87' lang='lat' dir='ltr'><strong>Epistolam</strong></span> <span class='ocrx_word' id='word_1_194' title='bbox 784 1667 884 1693; x_wconf 91' lang='lat' dir='ltr'><strong>anno</strong></span> <span class='ocrx_word' id='word_1_195' title='bbox 903 1655 1001 1696; x_wconf 88' lang='lat'><strong>731.</strong></span> <span class='ocrx_word' id='word_1_196' title='bbox 1021 1655 1205 1707; x_wconf 87' lang='lat' dir='ltr'><strong>scriptam</strong></span> <span class='ocrx_word' id='word_1_197' title='bbox 1225 1655 1425 1707; x_wconf 86' lang='lat' dir='ltr'><strong>opinantur</strong></span> <span class='ocrx_word' id='word_1_198' title='bbox 1438 1682 1454 1706; x_wconf 95' lang='lat'><strong>,</strong></span> <span class='ocrx_word' id='word_1_199' title='bbox 1481 1667 1582 1707; x_wconf 89' lang='lat' dir='ltr'><strong>quae</strong></span> <span class='ocrx_word' id='word_1_200' title='bbox 1609 1655 1910 1708; x_wconf 82' lang='lat' dir='ltr'><strong>quidem-opinio</strong></span> 
     </span>
     <span class='ocr_line' id='line_1_22' title="bbox 363 1723 1911 1777; baseline -0.002 -9"><span class='ocrx_word' id='word_1_201' title='bbox 363 1741 410 1768; x_wconf 83' lang='lat' dir='ltr'><strong>ex</strong></span> <span class='ocrx_word' id='word_1_202' title='bbox 444 1740 492 1766; x_wconf 91' lang='lat' dir='ltr'><strong>eo</strong></span> <span class='ocrx_word' id='word_1_203' title='bbox 518 1737 647 1764; x_wconf 89' lang='lat' dir='ltr'><strong>errore</strong></span> <span class='ocrx_word' id='word_1_204' title='bbox 674 1724 850 1777; x_wconf 81' lang='lat' dir='ltr'><strong>profecta</strong></span> <span class='ocrx_word' id='word_1_205' title='bbox 880 1723 1054 1774; x_wconf 86' lang='lat' dir='ltr'><strong>videtur,</strong></span> <span class='ocrx_word' id='word_1_206' title='bbox 1093 1723 1133 1760; x_wconf 90' lang='lat' dir='ltr'><strong>in</strong></span> <span class='ocrx_word' id='word_1_207' title='bbox 1166 1735 1279 1774; x_wconf 91' lang='lat' dir='ltr'><strong>quem</strong></span> <span class='ocrx_word' id='word_1_208' title='bbox 1315 1725 1459 1775; x_wconf 84' lang='lat' dir='ltr'><strong>majore</strong></span> <span class='ocrx_word' id='word_1_209' title='bbox 1497 1735 1581 1764; x_wconf 88' lang='lat' dir='ltr'><strong>cum</strong></span> <span class='ocrx_word' id='word_1_210' title='bbox 1617 1724 1911 1765; x_wconf 75' lang='lat' dir='ltr'><strong>standeincidit</strong></span> 
     </span>
     <span class='ocr_line' id='line_1_23' title="bbox 367 1787 1912 1844; baseline -0.002 -9"><span class='ocrx_word' id='word_1_211' title='bbox 367 1794 702 1835; x_wconf 77' lang='lat' dir='ltr'><strong>Walekenaerius</strong></span> <span class='ocrx_word' id='word_1_212' title='bbox 723 1790 788 1844; x_wconf 85' lang='lat' dir='ltr'><strong>(ll.</strong></span> <span class='ocrx_word' id='word_1_213' title='bbox 806 1805 845 1844; x_wconf 89' lang='lat' dir='ltr'><strong>p.</strong></span> <span class='ocrx_word' id='word_1_214' title='bbox 862 1787 968 1842; x_wconf 86' lang='lat'>41.)‚</span> <span class='ocrx_word' id='word_1_215' title='bbox 992 1793 1098 1843; x_wconf 86' lang='lat' dir='ltr'><strong>cujus</strong></span> <span class='ocrx_word' id='word_1_216' title='bbox 1117 1790 1265 1843; x_wconf 89' lang='lat' dir='ltr'><strong>aliquot</strong></span> <span class='ocrx_word' id='word_1_217' title='bbox 1283 1792 1420 1842; x_wconf 86' lang='lat' dir='ltr'><strong>verba,</strong></span> <span class='ocrx_word' id='word_1_218' title='bbox 1450 1805 1501 1831; x_wconf 88' lang='lat' dir='ltr'><strong>ne</strong></span> <span class='ocrx_word' id='word_1_219' title='bbox 1531 1792 1698 1843; x_wconf 79' lang='lat' dir='ltr'><strong>maligne</strong></span> <span class='ocrx_word' id='word_1_220' title='bbox 1721 1792 1912 1844; x_wconf 77' lang='lat' dir='ltr'><strong>interpre-</strong></span> 
     </span>
     <span class='ocr_line' id='line_1_24' title="bbox 364 1857 1911 1912; baseline -0.003 -10"><span class='ocrx_word' id='word_1_221' title='bbox 364 1867 470 1903; x_wconf 86' lang='lat' dir='ltr'><strong>tatus</strong></span> <span class='ocrx_word' id='word_1_222' title='bbox 497 1875 585 1901; x_wconf 89' lang='lat' dir='ltr'><strong>esse</strong></span> <span class='ocrx_word' id='word_1_223' title='bbox 615 1861 768 1912; x_wconf 88' lang='lat' dir='ltr'><strong>videar,</strong></span> <span class='ocrx_word' id='word_1_224' title='bbox 807 1860 881 1899; x_wconf 89' lang='lat' dir='ltr'><strong>huc</strong></span> <span class='ocrx_word' id='word_1_225' title='bbox 909 1859 1204 1899; x_wconf 82' lang='lat' dir='ltr'><strong>transscribam:</strong></span> <span class='ocrx_word' id='word_1_226' title='bbox 1240 1859 1332 1911; x_wconf 89' lang='lat' dir='ltr'><strong>„La</strong></span> <span class='ocrx_word' id='word_1_227' title='bbox 1356 1859 1519 1898; x_wconf 74' lang='lat' dir='ltr'><strong>maiadie</strong></span> <span class='ocrx_word' id='word_1_228' title='bbox 1547 1857 1761 1910; x_wconf 76' lang='lat' dir='ltr'><strong>d&#39;Auguste</strong></span> <span class='ocrx_word' id='word_1_229' title='bbox 1782 1863 1834 1899; x_wconf 78' lang='lat' dir='ltr'><strong>et</strong></span> <span class='ocrx_word' id='word_1_230' title='bbox 1872 1859 1911 1898; x_wconf 83' lang='lat' dir='ltr'><strong>la</strong></span> 
     </span>
     <span class='ocr_line' id='line_1_25' title="bbox 363 1925 1910 1981; baseline -0.003 -11"><span class='ocrx_word' id='word_1_231' title='bbox 363 1931 506 1970; x_wconf 83' lang='lat' dir='ltr'><strong>crainte</strong></span> <span class='ocrx_word' id='word_1_232' title='bbox 521 1929 637 1981; x_wconf 82' lang='lat' dir='ltr'><strong>qu&#39;on</strong></span> <span class='ocrx_word' id='word_1_233' title='bbox 651 1929 753 1967; x_wconf 85' lang='lat' dir='ltr'><strong>avait</strong></span> <span class='ocrx_word' id='word_1_234' title='bbox 766 1941 839 1967; x_wconf 91' lang='lat' dir='ltr'><strong>eue</strong></span> <span class='ocrx_word' id='word_1_235' title='bbox 853 1927 951 1967; x_wconf 89' lang='lat' dir='ltr'><strong>dele</strong></span> <span class='ocrx_word' id='word_1_236' title='bbox 961 1929 1100 1980; x_wconf 88' lang='lat' dir='ltr'><strong>perdre</strong></span> <span class='ocrx_word' id='word_1_237' title='bbox 1113 1928 1266 1968; x_wconf 86' lang='lat' dir='ltr'><strong>avaient</strong></span> <span class='ocrx_word' id='word_1_238' title='bbox 1282 1929 1351 1967; x_wconf 85' lang='lat' dir='ltr'><strong>fait</strong></span> <span class='ocrx_word' id='word_1_239' title='bbox 1369 1927 1511 1967; x_wconf 77' lang='lat' dir='ltr'><strong>eclater</strong></span> <span class='ocrx_word' id='word_1_240' title='bbox 1527 1929 1657 1965; x_wconf 86' lang='lat' dir='ltr'><strong>tontes</strong></span> <span class='ocrx_word' id='word_1_241' title='bbox 1677 1938 1746 1966; x_wconf 81' lang='lat' dir='ltr'><strong>ces</strong></span> <span class='ocrx_word' id='word_1_242' title='bbox 1755 1925 1910 1978; x_wconf 68' lang='lat' dir='ltr'><strong>heines,</strong></span> 
     </span>
     <span class='ocr_line' id='line_1_26' title="bbox 362 1994 1912 2048; baseline -0.001 -10"><span class='ocrx_word' id='word_1_243' title='bbox 362 2003 492 2038; x_wconf 87' lang='lat' dir='ltr'><strong>toutes</strong></span> <span class='ocrx_word' id='word_1_244' title='bbox 513 2011 578 2037; x_wconf 89' lang='lat' dir='ltr'><strong>ces</strong></span> <span class='ocrx_word' id='word_1_245' title='bbox 596 1997 787 2046; x_wconf 81' lang='lat' dir='ltr'><strong>rivalite&#39;s,</strong></span> <span class='ocrx_word' id='word_1_246' title='bbox 819 2000 948 2035; x_wconf 90' lang='lat' dir='ltr'><strong>toutes</strong></span> <span class='ocrx_word' id='word_1_247' title='bbox 969 2010 1034 2035; x_wconf 89' lang='lat' dir='ltr'><strong>ces</strong></span> <span class='ocrx_word' id='word_1_248' title='bbox 1063 1997 1303 2048; x_wconf 85' lang='lat' dir='ltr'><strong>pre&#39;tentions</strong></span> <span class='ocrx_word' id='word_1_249' title='bbox 1326 1994 1584 2036; x_wconf 73' lang='lat' dir='ltr'><strong>ambitieuses.</strong></span> <span class='ocrx_word' id='word_1_250' title='bbox 1640 1994 1700 2034; x_wconf 87' lang='lat' dir='ltr'><strong>Ce</strong></span> <span class='ocrx_word' id='word_1_251' title='bbox 1729 1994 1796 2047; x_wconf 78' lang='lat' dir='ltr'><strong>qn&#39;</strong></span> <span class='ocrx_word' id='word_1_252' title='bbox 1808 1996 1912 2036; x_wconf 76' lang='lat' dir='ltr'><strong>avait</strong></span> 
     </span>
     <span class='ocr_line' id='line_1_27' title="bbox 362 2063 1911 2118; baseline -0.002 -12"><span class='ocrx_word' id='word_1_253' title='bbox 362 2067 433 2106; x_wconf 85' lang='lat' dir='ltr'><strong>fait</strong></span> <span class='ocrx_word' id='word_1_254' title='bbox 450 2067 647 2118; x_wconf 83' lang='lat' dir='ltr'><strong>Auguste,</strong></span> <span class='ocrx_word' id='word_1_255' title='bbox 674 2063 849 2115; x_wconf 81' lang='lat' dir='ltr'><strong>lorsqu&#39;il</strong></span> <span class='ocrx_word' id='word_1_256' title='bbox 875 2063 1007 2103; x_wconf 83' lang='lat' dir='ltr'><strong>s&#39;e&#39;tait</strong></span> <span class='ocrx_word' id='word_1_257' title='bbox 1033 2078 1098 2104; x_wconf 91' lang='lat' dir='ltr'><strong>cru</strong></span> <span class='ocrx_word' id='word_1_258' title='bbox 1126 2065 1216 2117; x_wconf 74' lang='lat' dir='ltr'><strong>pres</strong></span> <span class='ocrx_word' id='word_1_259' title='bbox 1247 2066 1297 2105; x_wconf 90' lang='lat' dir='ltr'><strong>de</strong></span> <span class='ocrx_word' id='word_1_260' title='bbox 1323 2077 1395 2103; x_wconf 90' lang='lat' dir='ltr'><strong>son</strong></span> <span class='ocrx_word' id='word_1_261' title='bbox 1423 2063 1574 2102; x_wconf 84' lang='lat' dir='ltr'><strong>dernier</strong></span> <span class='ocrx_word' id='word_1_262' title='bbox 1591 2068 1781 2115; x_wconf 85' lang='lat' dir='ltr'><strong>moment,</strong></span> <span class='ocrx_word' id='word_1_263' title='bbox 1806 2064 1911 2103; x_wconf 68' lang='lat' dir='ltr'><strong>avait</strong></span> 
     </span>
     <span class='ocr_line' id='line_1_28' title="bbox 362 2129 1910 2184; baseline -0.003 -10"><span class='ocrx_word' id='word_1_264' title='bbox 362 2136 568 2174; x_wconf 84' lang='lat' dir='ltr'><strong>fortement</strong></span> <span class='ocrx_word' id='word_1_265' title='bbox 583 2133 763 2172; x_wconf 72' lang='lat' dir='ltr'><strong>meconte</strong></span> <span class='ocrx_word' id='word_1_266' title='bbox 777 2131 959 2170; x_wconf 86' lang='lat' dir='ltr'><strong>Marcelle</strong></span> <span class='ocrx_word' id='word_1_267' title='bbox 973 2135 1014 2171; x_wconf 86' lang='lat' dir='ltr'><strong>et</strong></span> <span class='ocrx_word' id='word_1_268' title='bbox 1026 2144 1071 2171; x_wconf 86' lang='lat' dir='ltr'><strong>sa</strong></span> <span class='ocrx_word' id='word_1_269' title='bbox 1087 2133 1206 2184; x_wconf 73' lang='lat' dir='ltr'><strong>mere,</strong></span> <span class='ocrx_word' id='word_1_270' title='bbox 1229 2133 1309 2184; x_wconf 90' lang='lat' dir='ltr'><strong>qui,</strong></span> <span class='ocrx_word' id='word_1_271' title='bbox 1326 2130 1474 2182; x_wconf 88' lang='lat' dir='ltr'><strong>lorsqu&#39;</strong></span> <span class='ocrx_word' id='word_1_272' title='bbox 1490 2129 1664 2181; x_wconf 85' lang='lat' dir='ltr'><strong>Auguste</strong></span> <span class='ocrx_word' id='word_1_273' title='bbox 1681 2132 1740 2172; x_wconf 70' lang='lat' dir='ltr'><strong>fut</strong></span> <span class='ocrx_word' id='word_1_274' title='bbox 1756 2130 1910 2182; x_wconf 69' lang='lat' dir='ltr'><strong>retabli,</strong></span> 
     </span>
     <span class='ocr_line' id='line_1_29' title="bbox 364 2198 1909 2253; baseline -0.003 -10"><span class='ocrx_word' id='word_1_275' title='bbox 364 2207 522 2243; x_wconf 90' lang='lat' dir='ltr'><strong>eussent</strong></span> <span class='ocrx_word' id='word_1_276' title='bbox 551 2214 663 2242; x_wconf 86' lang='lat' dir='ltr'><strong>assez</strong></span> <span class='ocrx_word' id='word_1_277' title='bbox 694 2201 744 2239; x_wconf 89' lang='lat' dir='ltr'><strong>de</strong></span> <span class='ocrx_word' id='word_1_278' title='bbox 778 2199 911 2239; x_wconf 65' lang='lat' dir='ltr'><strong>credit‘</strong></span> <span class='ocrx_word' id='word_1_279' title='bbox 930 2200 1068 2252; x_wconf 74' lang='lat' dir='ltr'><strong>aupres</strong></span> <span class='ocrx_word' id='word_1_280' title='bbox 1105 2201 1155 2240; x_wconf 92' lang='lat' dir='ltr'><strong>de</strong></span> <span class='ocrx_word' id='word_1_281' title='bbox 1181 2200 1232 2240; x_wconf 88' lang='lat' dir='ltr'><strong>lui</strong></span> <span class='ocrx_word' id='word_1_282' title='bbox 1265 2213 1365 2253; x_wconf 87' lang='lat' dir='ltr'><strong>pour</strong></span> <span class='ocrx_word' id='word_1_283' title='bbox 1396 2198 1545 2239; x_wconf 89' lang='lat' dir='ltr'><strong>obtenir</strong></span> <span class='ocrx_word' id='word_1_284' title='bbox 1582 2200 1647 2251; x_wconf 87' lang='lat' dir='ltr'><strong>qu&#39;</strong></span> <span class='ocrx_word' id='word_1_285' title='bbox 1665 2198 1840 2252; x_wconf 79' lang='lat' dir='ltr'><strong>Agrippa</strong></span> <span class='ocrx_word' id='word_1_286' title='bbox 1869 2202 1909 2238; x_wconf 84' lang='lat' dir='ltr'><strong>et</strong></span> 
     </span>
    </p>
   </div>
   <div class='ocr_carea' id='block_1_3' title="bbox 365 2320 637 2327">
    <p class='ocr_par' dir='ltr' id='par_1_4' title="bbox 365 2320 637 2327">
     <span class='ocr_line' id='line_1_30' title="bbox 365 2320 637 2327; baseline 0 897"><span class='ocrx_word' id='word_1_287' title='bbox 365 2320 637 2327; x_wconf 95' lang='lat' dir='ltr'><strong> </strong></span> 
     </span>
    </p>
   </div>
   <div class='ocr_carea' id='block_1_4' title="bbox 364 2373 1909 2886">
    <p class='ocr_par' dir='ltr' id='par_1_5' title="bbox 364 2373 1909 2886">
     <span class='ocr_line' id='line_1_31' title="bbox 364 2373 1907 2434; baseline 0 -15"><span class='ocrx_word' id='word_1_288' title='bbox 364 2383 483 2420; x_wconf 83' lang='lat' dir='ltr'><strong>videri</strong></span> <span class='ocrx_word' id='word_1_289' title='bbox 502 2373 508 2379; x_wconf 34' lang='lat'>²</span> <span class='ocrx_word' id='word_1_290' title='bbox 524 2384 615 2427; x_wconf 77' lang='lat' dir='ltr'><strong>hauc</strong></span> <span class='ocrx_word' id='word_1_291' title='bbox 651 2385 855 2433; x_wconf 78' lang='lat' dir='ltr'><strong>Epistolam</strong></span> <span class='ocrx_word' id='word_1_292' title='bbox 890 2397 1006 2421; x_wconf 82' lang='lat' dir='ltr'><strong>vanae</strong></span> <span class='ocrx_word' id='word_1_293' title='bbox 1041 2384 1248 2422; x_wconf 71' lang='lat' dir='ltr'><strong>ambitionis</strong></span> <span class='ocrx_word' id='word_1_294' title='bbox 1282 2394 1391 2420; x_wconf 75' lang='lat' dir='ltr'><strong>causa</strong></span> <span class='ocrx_word' id='word_1_295' title='bbox 1428 2383 1600 2431; x_wconf 85' lang='lat' dir='ltr'><strong>scriptam</strong></span> <span class='ocrx_word' id='word_1_296' title='bbox 1632 2395 1736 2429; x_wconf 84' lang='lat' dir='ltr'><strong>esse,</strong></span> <span class='ocrx_word' id='word_1_297' title='bbox 1780 2383 1907 2434; x_wconf 77' lang='lat' dir='ltr'><strong>lubens</strong></span> 
     </span>
     <span class='ocr_line' id='line_1_32' title="bbox 366 2431 1908 2490; baseline 0.001 -17"><span class='ocrx_word' id='word_1_298' title='bbox 366 2439 429 2474; x_wconf 83' lang='lat' dir='ltr'><strong>dat</strong></span> <span class='ocrx_word' id='word_1_299' title='bbox 455 2431 683 2478; x_wconf 29' lang='lat' dir='ltr'><strong>martinse-De</strong></span> <span class='ocrx_word' id='word_1_300' title='bbox 701 2443 856 2490; x_wconf 86' lang='lat' dir='ltr'><strong>poeticis</strong></span> <span class='ocrx_word' id='word_1_301' title='bbox 884 2447 1002 2479; x_wconf 85' lang='lat' dir='ltr'><strong>autem</strong></span> <span class='ocrx_word' id='word_1_302' title='bbox 1035 2443 1189 2488; x_wconf 86' lang='lat' dir='ltr'><strong>studiis,</strong></span> <span class='ocrx_word' id='word_1_303' title='bbox 1217 2440 1345 2489; x_wconf 84' lang='lat' dir='ltr'><strong>quibus</strong></span> <span class='ocrx_word' id='word_1_304' title='bbox 1371 2441 1583 2487; x_wconf 78' lang='lat' dir='ltr'><strong>Septimium</strong></span> <span class='ocrx_word' id='word_1_305' title='bbox 1610 2440 1767 2476; x_wconf 87' lang='lat' dir='ltr'><strong>deditum</strong></span> <span class='ocrx_word' id='word_1_306' title='bbox 1795 2439 1908 2476; x_wconf 83' lang='lat' dir='ltr'><strong>fuisse</strong></span> 
     </span>
     <span class='ocr_line' id='line_1_33' title="bbox 367 2495 1905 2548; baseline -0.005 -9"><span class='ocrx_word' id='word_1_307' title='bbox 367 2495 514 2539; x_wconf 55' lang='lat' dir='ltr'><strong>‘mullei‘</strong></span> <span class='ocrx_word' id='word_1_308' title='bbox 544 2497 749 2536; x_wconf 71' lang='lat' dir='ltr'><strong>Dn‘lntzems</strong></span> <span class='ocrx_word' id='word_1_309' title='bbox 778 2512 818 2548; x_wconf 84' lang='lat' dir='ltr'><strong>p.</strong></span> <span class='ocrx_word' id='word_1_310' title='bbox 849 2500 931 2536; x_wconf 84' lang='lat'><strong>103.</strong></span> <span class='ocrx_word' id='word_1_311' title='bbox 945 2527 956 2546; x_wconf 92' lang='lat'><strong>,</strong></span> <span class='ocrx_word' id='word_1_312' title='bbox 986 2500 1075 2536; x_wconf 84' lang='lat' dir='ltr'><strong>nihil</strong></span> <span class='ocrx_word' id='word_1_313' title='bbox 1103 2509 1220 2547; x_wconf 82' lang='lat' dir='ltr'><strong>neque</strong></span> <span class='ocrx_word' id='word_1_314' title='bbox 1252 2497 1502 2533; x_wconf 81' lang='lat' dir='ltr'><strong>affirmaverim</strong></span> <span class='ocrx_word' id='word_1_315' title='bbox 1535 2508 1652 2544; x_wconf 87' lang='lat' dir='ltr'><strong>neque</strong></span> <span class='ocrx_word' id='word_1_316' title='bbox 1684 2497 1905 2544; x_wconf 56' lang='lat' dir='ltr'><strong>negaverim.</strong></span> 
     </span>
     <span class='ocr_line' id='line_1_34' title="bbox 367 2550 1909 2604; baseline 0.005 -21"><span class='ocrx_word' id='word_1_317' title='bbox 367 2550 458 2584; x_wconf 87' lang='lat' dir='ltr'><strong>Veri</strong></span> <span class='ocrx_word' id='word_1_318' title='bbox 477 2551 624 2589; x_wconf 88' lang='lat' dir='ltr'><strong>similius</strong></span> <span class='ocrx_word' id='word_1_319' title='bbox 652 2562 770 2593; x_wconf 81' lang='lat' dir='ltr'><strong>autem</strong></span> <span class='ocrx_word' id='word_1_320' title='bbox 798 2561 878 2602; x_wconf 84' lang='lat' dir='ltr'><strong>est,</strong></span> <span class='ocrx_word' id='word_1_321' title='bbox 908 2557 1004 2604; x_wconf 90' lang='lat' dir='ltr'><strong>quod</strong></span> <span class='ocrx_word' id='word_1_322' title='bbox 1021 2557 1116 2593; x_wconf 86' lang='lat' dir='ltr'><strong>idem</strong></span> <span class='ocrx_word' id='word_1_323' title='bbox 1138 2568 1186 2592; x_wconf 85' lang='lat' dir='ltr'><strong>ex</strong></span> <span class='ocrx_word' id='word_1_324' title='bbox 1204 2554 1348 2590; x_wconf 88' lang='lat' dir='ltr'><strong>silentio</strong></span> <span class='ocrx_word' id='word_1_325' title='bbox 1368 2554 1415 2589; x_wconf 85' lang='lat' dir='ltr'><strong>de</strong></span> <span class='ocrx_word' id='word_1_326' title='bbox 1429 2554 1607 2601; x_wconf 83' lang='lat' dir='ltr'><strong>Septimio</strong></span> <span class='ocrx_word' id='word_1_327' title='bbox 1625 2555 1664 2589; x_wconf 89' lang='lat' dir='ltr'><strong>in</strong></span> <span class='ocrx_word' id='word_1_328' title='bbox 1678 2550 1851 2601; x_wconf 71' lang='lat' dir='ltr'><strong>Epist-³1³,</strong></span> <span class='ocrx_word' id='word_1_329' title='bbox 1867 2554 1909 2590; x_wconf 81' lang='grc'><strong>8.“’</strong></span> 
     </span>
     <span class='ocr_line' id='line_1_35' title="bbox 369 2609 1906 2660; baseline 0.004 -20"><span class='ocrx_word' id='word_1_330' title='bbox 369 2613 515 2641; x_wconf 78' lang='lat' dir='ltr'><strong>servato</strong></span> <span class='ocrx_word' id='word_1_331' title='bbox 545 2611 642 2645; x_wconf 83' lang='lat' dir='ltr'><strong>effici</strong></span> <span class='ocrx_word' id='word_1_332' title='bbox 667 2614 758 2659; x_wconf 83' lang='lat' dir='ltr'><strong>vult,</strong></span> <span class='ocrx_word' id='word_1_333' title='bbox 787 2614 999 2660; x_wconf 83' lang='lat' dir='ltr'><strong>Septimium</strong></span> <span class='ocrx_word' id='word_1_334' title='bbox 1025 2614 1064 2650; x_wconf 90' lang='lat' dir='ltr'><strong>in</strong></span> <span class='ocrx_word' id='word_1_335' title='bbox 1090 2612 1295 2649; x_wconf 81' lang='lat' dir='ltr'><strong>Parthicam</strong></span> <span class='ocrx_word' id='word_1_336' title='bbox 1323 2609 1588 2657; x_wconf 81' lang='lat' dir='ltr'><strong>expeditionem</strong></span> <span class='ocrx_word' id='word_1_337' title='bbox 1613 2613 1817 2659; x_wconf 77' lang='lat' dir='ltr'><strong>profectum</strong></span> <span class='ocrx_word' id='word_1_338' title='bbox 1833 2621 1906 2646; x_wconf 85' lang='lat' dir='ltr'><strong>non</strong></span> 
     </span>
     <span class='ocr_line' id='line_1_36' title="bbox 370 2664 1904 2715; baseline -0.005 -7"><span class='ocrx_word' id='word_1_339' title='bbox 370 2674 473 2707; x_wconf 66' lang='lat'><strong>0⁸⁸0,</strong></span> <span class='ocrx_word' id='word_1_340' title='bbox 506 2664 571 2697; x_wconf 82' lang='lat' dir='ltr'><strong>sed</strong></span> <span class='ocrx_word' id='word_1_341' title='bbox 594 2666 726 2703; x_wconf 86' lang='lat' dir='ltr'><strong>Romae</strong></span> <span class='ocrx_word' id='word_1_342' title='bbox 755 2671 927 2707; x_wconf 79' lang='lat' dir='ltr'><strong>mansisse</strong></span> <span class='ocrx_word' id='word_1_343' title='bbox 953 2671 1085 2706; x_wconf 82' lang='lat' dir='ltr'><strong>videri.</strong></span> <span class='ocrx_word' id='word_1_344' title='bbox 1144 2671 1314 2706; x_wconf 85' lang='lat' dir='ltr'><strong>Ceterum</strong></span> <span class='ocrx_word' id='word_1_345' title='bbox 1342 2668 1388 2704; x_wconf 86' lang='lat' dir='ltr'><strong>de</strong></span> <span class='ocrx_word' id='word_1_346' title='bbox 1427 2668 1531 2703; x_wconf 89' lang='lat' dir='ltr'><strong>Titio</strong></span> <span class='ocrx_word' id='word_1_347' title='bbox 1560 2669 1760 2715; x_wconf 81' lang='lat' dir='ltr'><strong>Septimio,</strong></span> <span class='ocrx_word' id='word_1_348' title='bbox 1794 2677 1904 2713; x_wconf 52' lang='lat' dir='ltr'><strong>&lt;quem</strong></span> 
     </span>
     <span class='ocr_line' id='line_1_37' title="bbox 364 2718 1903 2775; baseline 0.003 -22"><span class='ocrx_word' id='word_1_349' title='bbox 364 2720 438 2763; x_wconf 72' lang='lat' dir='ltr'><strong>¹iam</strong></span> <span class='ocrx_word' id='word_1_350' title='bbox 476 2718 614 2763; x_wconf 85' lang='lat' dir='ltr'><strong>pridem</strong></span> <span class='ocrx_word' id='word_1_351' title='bbox 657 2735 700 2756; x_wconf 86' lang='lat' dir='ltr'><strong>ex</strong></span> <span class='ocrx_word' id='word_1_352' title='bbox 736 2726 891 2762; x_wconf 86' lang='lat' dir='ltr'><strong>Horatio</strong></span> <span class='ocrx_word' id='word_1_353' title='bbox 924 2727 1105 2775; x_wconf 83' lang='lat' dir='ltr'><strong>expulisse</strong></span> <span class='ocrx_word' id='word_1_354' title='bbox 1131 2726 1237 2763; x_wconf 81' lang='lat' dir='ltr'><strong>nobis</strong></span> <span class='ocrx_word' id='word_1_355' title='bbox 1266 2725 1448 2770; x_wconf 81' lang='lat' dir='ltr'><strong>videmur,</strong></span> <span class='ocrx_word' id='word_1_356' title='bbox 1494 2726 1644 2761; x_wconf 86' lang='lat' dir='ltr'><strong>eundem</strong></span> <span class='ocrx_word' id='word_1_357' title='bbox 1667 2725 1903 2772; x_wconf 72' lang='lat' dir='ltr'><strong>interpretem</strong></span> 
     </span>
     <span class='ocr_line' id='line_1_38' title="bbox 368 2774 1903 2832; baseline 0.003 -24"><span class='ocrx_word' id='word_1_358' title='bbox 368 2774 422 2809; x_wconf 92' lang='lat' dir='ltr'><strong>ibi</strong></span> <span class='ocrx_word' id='word_1_359' title='bbox 449 2776 617 2810; x_wconf 85' lang='lat' dir='ltr'><strong>habemus</strong></span> <span class='ocrx_word' id='word_1_360' title='bbox 645 2778 922 2829; x_wconf 85' lang='lat' dir='ltr'><strong>adsentientem,</strong></span> <span class='ocrx_word' id='word_1_361' title='bbox 963 2785 1066 2832; x_wconf 87' lang='lat' dir='ltr'><strong>quia,</strong></span> <span class='ocrx_word' id='word_1_362' title='bbox 1101 2781 1197 2831; x_wconf 89' lang='lat' dir='ltr'><strong>quod</strong></span> <span class='ocrx_word' id='word_1_363' title='bbox 1227 2786 1336 2829; x_wconf 86' lang='lat' dir='ltr'><strong>caput</strong></span> <span class='ocrx_word' id='word_1_364' title='bbox 1362 2782 1418 2817; x_wconf 92' lang='lat' dir='ltr'><strong>rei</strong></span> <span class='ocrx_word' id='word_1_365' title='bbox 1447 2787 1525 2828; x_wconf 85' lang='lat' dir='ltr'><strong>est,</strong></span> <span class='ocrx_word' id='word_1_366' title='bbox 1560 2775 1782 2817; x_wconf 72' lang='lat' dir='ltr'><strong>scholiastes</strong></span> <span class='ocrx_word' id='word_1_367' title='bbox 1811 2779 1903 2814; x_wconf 87' lang='lat' dir='ltr'><strong>Cru-</strong></span> 
     </span>
     <span class='ocr_line' id='line_1_39' title="bbox 370 2831 1902 2886; baseline -0.005 -9"><span class='ocrx_word' id='word_1_368' title='bbox 370 2831 446 2877; x_wconf 65' lang='lat' dir='ltr'><strong>qUii</strong></span> <span class='ocrx_word' id='word_1_369' title='bbox 478 2836 630 2877; x_wconf 65' lang='lat' dir='ltr'><strong>P¹⁰Pter</strong></span> <span class='ocrx_word' id='word_1_370' title='bbox 669 2835 807 2872; x_wconf 89' lang='lat' dir='ltr'><strong>nomina</strong></span> <span class='ocrx_word' id='word_1_371' title='bbox 842 2844 879 2873; x_wconf 85' lang='lat' dir='ltr'><strong>et</strong></span> <span class='ocrx_word' id='word_1_372' title='bbox 915 2841 1005 2876; x_wconf 83' lang='lat' dir='ltr'><strong>alias</strong></span> <span class='ocrx_word' id='word_1_373' title='bbox 1035 2841 1095 2877; x_wconf 78' lang='lat' dir='ltr'><strong>vel</strong></span> <span class='ocrx_word' id='word_1_374' title='bbox 1130 2840 1255 2876; x_wconf 83' lang='lat' dir='ltr'><strong>addita</strong></span> <span class='ocrx_word' id='word_1_375' title='bbox 1292 2839 1352 2874; x_wconf 85' lang='lat' dir='ltr'><strong>vel</strong></span> <span class='ocrx_word' id='word_1_376' title='bbox 1387 2839 1475 2875; x_wconf 78' lang='lat' dir='ltr'><strong>ficta</strong></span> <span class='ocrx_word' id='word_1_377' title='bbox 1516 2849 1585 2886; x_wconf 83' lang='lat' dir='ltr'><strong>pro</strong></span> <span class='ocrx_word' id='word_1_378' title='bbox 1622 2834 1902 2883; x_wconf 76' lang='lat' dir='ltr'><strong>locupletissimo</strong></span> 
     </span>
    </p>
   </div>
   <div class='ocr_carea' id='block_1_5' title="bbox 369 2888 1902 3000">
    <p class='ocr_par' dir='ltr' id='par_1_6' title="bbox 369 2888 1902 3000">
     <span class='ocr_line' id='line_1_40' title="bbox 369 2888 1902 2941; baseline 0.013 -19"><span class='ocrx_word' id='word_1_379' title='bbox 369 2891 465 2923; x_wconf 84' lang='lat' dir='ltr'><strong>teste</strong></span> <span class='ocrx_word' id='word_1_380' title='bbox 493 2888 619 2923; x_wconf 81' lang='lat' dir='ltr'><strong>haberi</strong></span> <span class='ocrx_word' id='word_1_381' title='bbox 644 2896 808 2936; x_wconf 79' lang='lat' dir='ltr'><strong>nequeat.</strong></span> <span class='ocrx_word' id='word_1_382' title='bbox 878 2895 958 2931; x_wconf 88' lang='lat' dir='ltr'><strong>Hoc</strong></span> <span class='ocrx_word' id='word_1_383' title='bbox 995 2899 1042 2934; x_wconf 88' lang='lat' dir='ltr'><strong>ob</strong></span> <span class='ocrx_word' id='word_1_384' title='bbox 1079 2896 1384 2934; x_wconf 53' lang='lat' dir='ltr'><strong>Vulcanum-‘um</strong></span> <span class='ocrx_word' id='word_1_385' title='bbox 1418 2894 1630 2940; x_wconf 63' lang='lat' dir='ltr'><strong>monuimus</strong></span> <span class='ocrx_word' id='word_1_386' title='bbox 1673 2892 1809 2941; x_wconf 64' lang='lat' dir='ltr'><strong>‘l&#39;lil’l’⁸</strong></span> <span class='ocrx_word' id='word_1_387' title='bbox 1841 2891 1902 2940; x_wconf 80' lang='lat' dir='ltr'><strong>‘1¹¹i</strong></span> 
     </span>
     <span class='ocr_line' id='line_1_41' title="bbox 369 2943 1254 3000; baseline 0.012 -22"><span class='ocrx_word' id='word_1_388' title='bbox 369 2943 581 2980; x_wconf 78' lang='lat' dir='ltr'><strong>novissimus</strong></span> <span class='ocrx_word' id='word_1_389' title='bbox 607 2945 702 2980; x_wconf 85' lang='lat' dir='ltr'><strong>Titii</strong></span> <span class='ocrx_word' id='word_1_390' title='bbox 729 2947 823 2983; x_wconf 87' lang='lat' dir='ltr'><strong>illius</strong></span> <span class='ocrx_word' id='word_1_391' title='bbox 853 2952 1036 2990; x_wconf 83' lang='lat' dir='ltr'><strong>exstiterit</strong></span> <span class='ocrx_word' id='word_1_392' title='bbox 1066 2959 1254 3000; x_wconf 83' lang='lat' dir='ltr'><strong>patronus.</strong></span> 
     </span>
    </p>
   </div>
  </div>
 </body>
</html>
