1910 3138
74 232 153 279 1151
203 226 480 276 comm.
495 231 558 273 ῐΝ
575 231 698 272 non.
718 229 818 272 Lm.
838 231 867 270 1.
894 231 1059 271 ssms‘r,
1080 228 1261 277 QmNT.
1280 229 1456 270 neem.
1497 225 1581 270 261

71 358 261 414 ignauiae
285 357 543 410 &memeque
565 356 727 408 probra.
757 356 870 396 ovid.
899 356 991 395 Her.
1024 357 1090 405 12,
1122 357 1219 397 177.
1251 356 1303 394 In
1319 356 1471 408 faciem
1495 367 1582 391 mo-

71 438 207 478 mqu
231 438 338 464 meve
363 437 469 463 nova
495 425 664 463 crimina
679 424 835 476 fingas.
863 423 944 462 Cic.
974 423 1012 461 in
1041 422 1150 461 Verr.
1182 425 1228 473 1,
1257 422 1308 473 5,
1337 421 1403 464 15.
1449 422 1582 473 magis

69 491 300 543 mam,
328 505 379 530 no
401 491 530 530 multa
551 493 721 530 crimina
738 492 1064 543 praetermittere,
1087 503 1209 542 quam
1234 503 1284 527 ne
1303 501 1386 542 qua
1402 491 1445 527 in
1463 490 1583 526 isam

59 559 220 612 fingere
245 560 451 598 existima.
487 559 668 599 Ammian.
694 559 860 598 Marcell.
900 560 979 607 17,
1011 559 1076 598 11.
1134 558 1328 609 Legimus
1361 571 1407 594 m
1439 564 1583 595 veteres

69 639 223 684 quoque
253 627 489 678 magnificos
525 627 647 665 duces
682 629 782 666 vitia
815 628 1060 677 criminaque
1076 625 1248 673 finxisse
1277 623 1581 676 malignitatem.

68 693 163 734 Tac.
190 692 288 732 Aun.
315 694 366 744 3,
399 695 478 745 12,
506 695 548 736 3.
591 695 743 733 Saevus
771 701 917 745 autem,
944 699 986 732 ut
1013 696 1062 742 2,
1094 695 1140 742 1,
1167 694 1261 734 148.
1290 705 1433 730 saevus
1444 694 1580 740 jocus,

67 762 132 813 qni
157 762 198 800 in
215 760 365 800 rabiem
401 774 534 800 versus
572 762 715 814 probos
752 764 865 802 dente
901 765 1056 801 cruento
1092 760 1250 798 laesisse
1287 761 1435 799 dicitur.
1470 759 1584 798 Conf.

69 829 235 868 Sehnfid·
257 830 308 868 ad
332 830 380 878 2,
409 831 457 878 2,
487 831 552 872 21.
590 831 676 875 Qua
704 844 746 869 re
773 832 884 869 cadet
909 830 973 868 illa
998 829 1056 866 vel
1082 829 1268 880 scriptura
1294 834 1439 875 certus,
1457 823 1496 879 ¹')
1523 827 1584 864 vel

69 897 196 950 opinio
231 904 366 935 suetus
376 924 392 942 ,
425 897 450 934 i.
480 910 515 935 e.
545 903 758 940 consuetus.
799 897 924 950 Atque
953 898 1109 936 Poetam
1146 897 1268 948 ipsum
1301 895 1525 934 emendasse
1559 893 1586 931 ii

67 966 246 1006 censendi
272 969 381 1014 sunt,
409 966 472 1015 qui
493 965 647 1004 verbum
665 966 725 1005 vel
735 966 900 1018 figendi
921 965 979 1003 vel
995 964 1201 1016 fundendi
1210 963 1269 1013 ἢ)
1294 963 1586 1015 praeferendum
1608 960 1611 963 ’

68 1034 281 1085 opinantur.
324 1032 472 1071 Pariter
505 1038 632 1072 errant
657 1035 704 1083 ii,
743 1035 808 1085 qui
841 1037 884 1072 ut
915 1032 1101 1071 Diintzer
1125 1030 1336 1082 opprobria
1352 1031 1513 1082 fingere
1540 1042 1586 1067 ea

68 1102 266 1150 sententia,
294 1112 369 1152 qua
386 1101 586 1147 earmina,
614 1114 748 1139 versus
763 1101 882 1152 fingi
906 1101 1093 1150 dicantur,
1120 1099 1278 1149 intelligi
1294 1097 1442 1148 jubent.
1482 1098 1588 1136 Nota

68 1173 194 1208 autem
230 1181 277 1208 ex
313 1169 399 1220 ipso
432 1168 618 1208 Cicerone
652 1168 736 1220 (pr.
763 1168 911 1207 Muren-
943 1169 993 1218 6,
1026 1167 1118 1218 13.)
1155 1179 1371 1206 scurrarum
1407 1166 1587 1203 convicia

68 1241 176 1283 sunt5
217 1236 307 1275 inde
346 1235 549 1287 Euripides
593 1238 631 1275 in
670 1235 889 1287 Menalippa
929 1234 1054 1273 vincta
1099 1247 1161 1286 ap.
1200 1235 1384 1274 Athenae.
1429 1230 1505 1282 14,
1547 1235 1585 1273 1.

69 1303 127 1356 (p.
145 1303 242 1345 613.
270 1303 359 1342 Cas.
387 1317 426 1356 p.
453 1304 548 1347 223.
578 1303 771 1355 Schwgh.)
809 1299 988 1357 Ἀνδρῶν
1007 1301 1051 1344 δὲ
1069 1301 1210 1344 πολλοὶ
1229 1304 1302 1343 τοῦ
1320 1299 1487 1355 γέλωτος
1515 1296 1586 1340 οὕ-

71 1464 188 1500 autin.
206 1463 260 1498 ld.
277 1463 324 1498 ad
342 1463 425 1498 Div.
445 1463 480 1506 3,
500 1465 556 1507 10,
576 1460 635 1498 34.
659 1463 794 1498 etiamsi
811 1463 892 1507 tibi,
913 1463 970 1497 cui
988 1468 1062 1497 tum
1083 1463 1323 1504 amicissimus,
1343 1461 1449 1497 hostis
1467 1473 1587 1496 essem.

71 1520 159 1556 sall.
183 1521 265 1565 Jug.
285 1522 350 1563 10,
371 1520 406 1555 5.
434 1519 501 1564 (ib.
522 1520 641 1554 Kritz.
661 1524 699 1554 et
717 1518 847 1563 Febr.)
874 1519 906 1553 εἰ
929 1519 999 1554 tuis
1023 1520 1128 1554 hosat·
1141 1519 1281 1564 fueris3
1311 1517 1391 1552 coll.
1418 1518 1586 1552 Doederl.

22 1591 35 1595 „
71 1578 160 1623 Syn.
174 1577 238 1615 IV.
264 1589 302 1622 p.
321 1575 403 1611 395.
427 1576 547 1610 Verbo
567 1576 768 1610 dinoscendi
786 1577 839 1620 (2,
861 1577 895 1620 2,
914 1570 980 1619 44)
998 1575 1132 1621 primus
1150 1585 1234 1609 usus
1254 1586 1334 1609 esse
1351 1574 1495 1608 videtur
1512 1575 1589 1608 Ho-

72 1633 206 1677 ratius,
228 1633 323 1679 quod
339 1635 439 1667 recte
458 1632 667 1667 observavit
686 1632 823 1667 Grulner
841 1633 886 1666 ad
907 1633 998 1667 Tac.
1019 1633 1141 1667 Germ.
1164 1633 1228 1676 20,
1250 1633 1308 1674 2.;
1328 1631 1373 1665 de
1391 1631 1492 1665 vario
1511 1631 1589 1676 ejus

1 1729 7 1732 ,
70 1700 136 1725 usu
150 1690 196 1725 cf.
215 1690 386 1724 Bastul-
404 1690 451 1723 ad
465 1689 566 1723 Pers.
584 1700 622 1734 p.
637 1689 720 1724 396.

181 1743 219 1790 *)
238 1746 293 1779 De
313 1744 576 1793 constructione
583 1747 729 1791 fingere
745 1757 870 1779 saevus
889 1744 993 1790 paulo
1013 1742 1202 1787 liberiore,
1231 1755 1300 1790 quo
1321 1741 1448 1778 offensi
1465 1741 1589 1777 videu-

73 1808 132 1837 tur
148 1801 357 1849 complures,
374 1802 459 1836 vide
477 1813 565 1848 qnos
589 1801 710 1836 laudat
728 1800 922 1836 Schmidius
942 1801 988 1835 ad
1007 1802 1040 1843 2,
1062 1801 1119 1836 27.
1140 1801 1222 1834 coll.
1247 1801 1371 1835 Lamb.
1390 1799 1437 1834 ad
1457 1799 1528 1834 od.
1551 1796 1588 1844 4,

73 1861 115 1902 8,
137 1860 171 1894 8.
199 1858 315 1894 Lfibk.
335 1858 380 1892 ad
397 1859 468 1893 Od.
494 1859 538 1904 3,
557 1859 590 1894 7.
615 1871 654 1904 p.
679 1854 761 1893 412.
792 1858 925 1893 Hauth.
947 1857 993 1892 ad
1012 1858 1114 1892 Pers.
1133 1869 1172 1903 p.
1193 1857 1273 1892 156.
1299 1857 1401 1892 Jahn.
1419 1856 1466 1891 ad
1483 1857 1587 1891 Pers.

74 1915 166 1962 prol.
187 1916 244 1950 11.
265 1927 302 1961 p.
321 1915 381 1950 77.
1173 1932 1191 1955 0

169 1969 226 2016 **)
242 1971 421 2006 Schrader,
431 1971 457 2006 l.
471 1971 496 2006 l.
509 1970 726 2016 ingeniosius
746 1982 849 2017 quam
865 1971 984 2005 verius
999 1970 1108 2014 dicit,
1127 1980 1325 2004 scurrarum
1339 1980 1409 2003 non
1422 1972 1494 2003 tam
1509 1979 1590 2002 esse

66 2029 210 2075 fingere
228 2038 330 2074 quam
349 2027 461 2063 dicere
478 2031 516 2062 et
534 2027 584 2062 ita
593 2029 752 2073 fundere
779 2026 996 2073 opprobria;
1024 2026 1061 2061 in
1083 2037 1185 2073 quam
1212 2039 1287 2061 rem
1312 2027 1434 2060 laudat
1459 2025 1587 2058 senec.

75 2083 172 2119 Med.
192 2081 273 2120 114.
303 2083 412 2118 Ovid.
431 2084 523 2120 Met.
543 2085 610 2128 13,
627 2084 709 2120 306.
741 2084 832 2118 Tac.
852 2084 942 2118 Ann.
967 2086 1009 2126 6,
1030 2080 1088 2119 42.
1116 2083 1207 2118 Hor.
1228 2083 1408 2129 Epist.·2‚
1429 2083 1445 2116 1
1459 2106 1469 2123 ,
1494 2077 1588 2121 145„

74 2137 137 2174 ubi
158 2153 282 2176 saevus
300 2151 411 2186 aeque
429 2138 665 2187 congruenter
682 2140 737 2174 his
755 2140 896 2184 verbis,
916 2153 1018 2186 oppr-
1029 2141 1189 2184 sundere
1206 2151 1339 2181 saevus,
1360 2138 1433 2182 legi
1453 2135 1516 2170 ait.
1542 2135 1590 2169 At

76 2195 154 2241 quis
180 2201 249 2242 est,
275 2197 335 2242 qui
358 2197 534 2232 Maenium
560 2197 752 2243 opprobria
777 2197 863 2231 ficta
891 2197 975 2231 item
999 2195 1036 2230 in
1061 2195 1218 2230 homines
1238 2194 1432 2229 contulisse
1453 2189 1588 2236 neget?

75 2252 264 2288 Nostrates
287 2253 324 2287 in
352 2253 457 2288 simili
483 2266 524 2288 re
549 2253 690 2288 dicunt:
731 2253 965 2296 „Jemandem
984 2251 1149 2296 Schimpf
1169 2251 1241 2285 und
1267 2250 1431 2287 Schande
1457 2247 1588 2281 unhin-

77 2310 184 2352 gen.“
221 2309 335 2344 Acute
354 2309 550 2345 Hocheder:
577 2310 675 2354 „Das
692 2309 954 2355 Wortfingere
975 2309 1051 2353 legt
1068 2307 1139 2341 ihm
1159 2308 1238 2341 eine
1258 2305 1410 2350 gewisse
1431 2303 1589 2338 Geniali-

78 2364 135 2397 tit
150 2364 233 2398 ‘uf‘
270 2366 383 2399 Recte
402 2366 560 2412 quidem,
589 2366 718 2401 etenim
741 2364 778 2399 in
804 2366 913 2399 verbo
928 2365 1110 2409 fundendi
1127 2368 1263 2397 tantum
1282 2361 1388 2406 copia
1408 2358 1589 2395 convicio-

78 2429 154 2453 rum
171 2419 288 2454 subito
308 2420 441 2466 impetu
465 2423 580 2467 jacta,
617 2422 655 2456 in
682 2433 719 2456 v.
737 2421 906 2467 fingendi
929 2421 1006 2454 fere
1032 2419 1108 2453 sola
1138 2419 1234 2452 actio
1255 2417 1399 2462 oblique
1420 2414 1590 2461 tangendi

79 2478 275 2519 spectatur.
302 2475 475 2512 Dfintzen‘
491 2482 606 2512 autem
624 2477 815 2523 explicatio
836 2474 1080 2511 consuetudini
1098 2474 1319 2516 adversatur,
1342 2484 1431 2518 quae
1452 2471 1588 2506 in'tali-

78 2532 145 2564 bus
173 2529 384 2565 dictionibus
412 2533 589 2568 notionem
611 2533 825 2580 peculiarem
849 2543 964 2575 vanu,
993 2542 1066 2564 non
1084 2542 1216 2574 aequa,
1243 2540 1316 2562 non
1334 2534 1430 2563 recta
1448 2528 1589 2574 aengi-

0 2626 1 2635 Ὶ
79 2586 180 2621 tundi
196 2588 273 2621 fere
291 2586 436 2621 retinet.
479 2588 614 2623 Confer
630 2590 742 2634 igitur
760 2599 836 2623 cum
851 2587 1022 2632 exemplis
1041 2597 1150 2630 snpra
1168 2583 1296 2631 positis
1311 2584 1429 2620 Burm.
1448 2584 1493 2618 ad
1506 2585 1587 2618 Val.

0 2638 2 2657 ³
79 2642 138 2676 10'1.
158 2644 192 2686 1,
210 2642 269 2677 39.
290 2641 325 2685 5,
345 2639 426 2677 534.
454 2642 609 2678 Broukh.
631 2646 676 2680 ud
693 2647 802 2690 Prop.
823 2646 856 2687 1,
877 2645 932 2687 18,
952 2644 1010 2678 26.
1038 2642 1157 2676 Burm.
1177 2642 1223 2675 ad
1243 2642 1276 2683 1,
1293 2642 1350 2684 12,
1366 2643 1400 2676 1.
1424 2639 1588 2676 Oudeud.

0 2692 2 2696 ’
80 2698 126 2732 ad
143 2699 248 2744 Apul.
271 2698 359 2733 Met.
380 2699 474 2732 vm.
494 2710 532 2743 p.
550 2699 631 2734 579.
660 2701 769 2736 Fabr.
790 2701 836 2735 ad
855 2699 942 2733 Sall.
961 2695 1043 2742 Jug.
1066 2698 1121 2740 14,
1141 2699 1198 2732 20.
1225 2696 1287 2731 Sic
1303 2697 1392 2732 Hor.
1409 2698 1487 2732 Sat.
1503 2699 1537 2742 1,
1549 2697 1587 2743 8,

81 2755 138 2789 62.
161 2756 286 2800 fictum
315 2759 533 2798 astutumque
548 2756 664 2799 junxit
681 2762 718 2791 et
744 2757 866 2791 eadem
886 2753 1064 2788 sententia
1086 2751 1209 2788 Livius
1229 2755 1294 2797 22,
1315 2755 1377 2798 12,
1398 2755 1454 2790 12.
1484 2755 1586 2800 affin-

82 2820 171 2854 gens
194 2810 307 2845 vicina
330 2809 510 2846 virtutibm
531 2810 615 2844 vitia
642 2811 746 2846 dixit.
777 2812 891 2856 Atque
911 2809 1004 2843 haud
1022 2807 1096 2843 scio
1116 2821 1160 2844 an
1179 2821 1206 2844 a
1219 2809 1383 2857 partibus
1401 2810 1590 2846 Seru-aden·

83 2867 156 2898 stet
178 2864 328 2902 Vossius:
358 2866 597 2911 „Grimmvoll
619 2866 704 2901 alles
730 2868 794 2902 auf
816 2867 885 2901 alle
912 2865 974 2900 mit
999 2864 1208 2901 hiihnizcher
1234 2867 1354 2902 Lache
1379 2878 1423 2902 zu
1451 2866 1586 2902 schleu-

83 2918 210 2956 dem-u
