1910 3138
275 137 358 181 184
422 137 698 179 COMMENT.
718 134 775 174 IN
793 133 916 173 HOR.
934 131 1037 176 LIB.
1054 133 1085 173 Ι.
1125 133 1291 173 EPIST.
1313 133 1349 173 T
1350 134 1470 174 ERT.
1490 132 1666 174 Dsscffl.
1730 132 1786 178 24

275 268 335 306 hic
360 247 562 318 praeterea
589 260 815 313 spectaverit
839 260 993 310 jocosus
1030 257 1169 309 Poeta,
1205 272 1227 298 e
1254 271 1366 298 versu
1394 261 1460 300 19.
1497 258 1705 311 apparebit.
1732 276 1789 288 —

276 334 322 374 V.
349 335 414 374 17.
450 331 638 370 Carmina
649 358 665 376 ,
698 342 800 382 quae
819 341 927 378 pose.
952 327 1087 364 oeulos
1113 328 1300 379 aurisque
1326 328 1475 365 morari
1510 327 1691 367 Caesaris
1717 327 1791 365 nisi

277 401 467 455 proverbii
498 402 618 437 instar
656 399 851 446 dicuntur,
891 409 963 447 ego
1003 396 1154 446 quidem
1192 409 1269 434 non
1306 399 1381 434 tam
1417 396 1467 434 ad
1501 395 1688 446 legentem
1726 397 1793 433 aut

279 471 506 520 anagnostes
535 478 653 518 opera
681 469 847 503 utentem
866 463 1078 515 Augustum
1103 464 1274 516 Cruquio
1293 468 1447 502 auctore
1471 463 1662 502 retulerim
1681 475 1794 514 quam

278 552 313 575 v.
343 534 476 574 oculos
504 534 654 584 quidem
686 533 734 571 ad
772 535 991 571 ornamenta
1022 531 1249 571 voluminum
1277 545 1301 570 a
1326 532 1515 571 veteribus
1545 530 1793 583 scriptoribus

279 619 393 656 saepe
421 604 584 642 laudata.
625 601 738 640 Mart.
768 600 811 650 3,
842 602 884 650 2,
913 601 952 641 6.
987 599 1108 638 Cedro
1131 613 1239 638 nune
1265 599 1354 638 licet
1376 599 1556 638 ambules
1577 607 1796 652 perunctus

278 674 328 713 Et
349 672 497 725 frontis
521 671 682 723 gemino
709 668 847 706 decens
873 668 1018 706 honore
1041 669 1167 706 Pictis
1192 667 1403 706 luxurieris
1425 668 1635 706 umbilicis.
1672 668 1728 706 ld.
1748 666 1796 715 ,5,

281 743 330 791 6,
367 740 432 781 13.
477 739 562 778 coll.
603 738 793 776 Schwarz.
834 737 881 775 de
920 737 1142 775 Ornament.
1174 736 1304 775 libror.
1331 740 1423 776 vett.
1450 750 1488 788 p.
1517 738 1583 780 82.
1616 737 1692 778 211
1711 747 1796 785 sqq.

278 808 391 846 Both.
422 808 471 845 ad
495 808 534 845 h.
563 806 589 844 l.
620 819 679 858 ap.
711 806 832 844 Gesn.
867 805 1034 843 Schmid.
1064 806 1112 843 ad
1143 805 1210 854 20,
1240 805 1278 846 2.
1307 803 1488 856 Doering.
1518 806 1567 843 ad
1597 803 1734 842 Catull.
1757 805 1797 852 1,

282 879 359 927 22,
389 876 540 916 6—8.
571 873 693 912 Loers
732 875 781 911 ad
817 873 928 911 Ovid.
967 873 1086 912 Trist.
1119 874 1164 923 1,
1191 874 1237 922 1,
1257 861 1306 913 ’5.
1343 872 1449 911 Diss.
1479 875 1518 912 et
1551 872 1711 921 Becker.
1750 872 1800 909 ad

281 944 370 982 Tib.
400 943 449 992 3,
483 943 531 991 1,
560 943 585 982 9
603 953 688 992 sqq.
724 941 827 979 Nolo
860 945 987 979 tamen
1015 955 1176 992 negare,
1217 941 1382 991 priorem
1419 945 1568 991 quoque
1603 941 1800 991 rationem,

282 1026 358 1064 quo
386 1025 429 1050 se
451 1014 624 1059 tueatur,
653 1009 790 1048 habere
818 1009 984 1047 multum.
1023 1009 1134 1047 Mart.
1158 1010 1197 1058 2,
1223 1009 1292 1059 91,
1321 1009 1360 1049 3.
1395 1009 1444 1046 Si
1461 1009 1664 1060 festinatis
1691 1009 1802 1045 toties

283 1079 356 1118 tibi
393 1079 496 1116 lecta
535 1077 680 1115 libellis
718 1078 934 1115 Detinuere
972 1077 1106 1114 oculos
1133 1078 1315 1113 carmina
1341 1083 1478 1125 nostra
1517 1083 1615 1114 tuos.
1676 1075 1804 1115 Verba

282 1152 409 1186 autem
449 1145 642 1183 oblectare
678 1151 718 1185 et
757 1146 906 1183 morari
927 1145 1133 1195 junguntur
1163 1144 1209 1182 A.
1237 1145 1282 1186 Ρ.
1312 1145 1407 1186 323.
1437 1145 1527 1196 ibiq.
1564 1145 1734 1184 Hoched.
1763 1148 1804 1183 et

285 1216 335 1254 Ο.
360 1215 468 1253 Jahn.
499 1215 548 1252 ad
573 1213 681 1252 Pers.
714 1215 753 1264 1,
784 1215 851 1255 77.
879 1212 940 1251 De
971 1213 1144 1250 Genitivo
1180 1212 1360 1249 Caesaris
1388 1214 1605 1266 postposito
1634 1214 1708 1252 vid.
1734 1225 1803 1251 an-

285 1288 363 1322 not.
390 1284 439 1321 ad
470 1283 538 1334 12,
569 1284 634 1323 27.
665 1286 704 1321 et
729 1282 843 1320 Voss.
870 1282 919 1319 ad
947 1281 1051 1332 Virg.
1081 1281 1154 1320 Ge.
1183 1281 1224 1331 3,
1254 1281 1322 1320 46.

395 1385 441 1423 V.
475 1385 540 1424 18.
584 1391 719 1421 oratus
747 1406 803 1414 --
830 1384 951 1421 nitere
980 1397 1112 1433 porro.
1166 1383 1221 1421 Ut
1251 1382 1372 1420 locum
1402 1383 1613 1434 elegantem
1641 1394 1666 1420 a
1693 1381 1806 1421 variis

285 1453 590 1492 dissentientium
613 1451 984 1503 interpretationibus
1007 1452 1258 1502 vindicemus,
1288 1452 1554 1490 sententiarum
1576 1452 1671 1490 ordo
1695 1463 1808 1502 repe-

284 1521 422 1560 tendus
460 1523 521 1558 est
553 1520 676 1558 altius.
719 1519 787 1558 Uti
814 1533 851 1558 v.
883 1521 949 1561 16.
991 1518 1111 1557 Poeta
1139 1519 1312 1558 Vinnium
1349 1520 1511 1569 monuit,
1539 1531 1621 1572 „ne
1648 1518 1809 1556 Romam

287 1603 399 1640 quum
427 1588 642 1626 advenisset
671 1588 753 1626 aliis
793 1600 946 1626 narrare
976 1588 1180 1638 inciperet,
1214 1589 1303 1638 quid
1315 1589 1343 1612 ‘⁶
1372 1592 1471 1639 etc.,
1503 1588 1557 1626 ita
1584 1599 1683 1624 nunc
1713 1585 1808 1624 alios

286 1657 463 1694 Vinnium
490 1656 724 1706 alloquentes
753 1656 868 1694 hacce
898 1657 1082 1695 sententia
1109 1657 1238 1707 ponit:
1267 1656 1486 1706 „Quamvis
1512 1656 1600 1694 licet
1626 1658 1666 1693 te
1690 1654 1812 1693 homi-

290 1737 379 1762 num
405 1725 639 1762 curiosorum
670 1727 754 1762 oret
775 1724 907 1774 turba,
939 1728 980 1762 ut
1005 1724 1077 1762 sibi
1101 1725 1246 1775 aperias
1277 1725 1367 1775 quid
1394 1725 1448 1763 rei
1473 1723 1647 1774 Augusto
1671 1735 1812 1774 appor-

290 1797 374 1842 tes,
402 1806 449 1831 ne
480 1792 715 1841 obsequere,
744 1792 854 1828 immo
883 1793 1087 1830 ascendere
1115 1792 1278 1843 perge.“
1329 1793 1396 1831 Uti
1422 1793 1462 1830 in
1487 1794 1611 1830 forum
1637 1790 1812 1830 euntibus

290 1859 626 1906 descendendam,
675 1859 729 1896 ita
764 1860 802 1896 in
841 1858 1002 1909 Augusti
1038 1861 1217 1911 palatim
1253 1861 1493 1899 tendentibus
1521 1859 1814 1898 ascendendum

292 1933 398 1972 erat,
433 1927 473 1963 id
502 1927 603 1977 quod
635 1928 712 1977 jam
739 1926 860 1964 Poeta
896 1929 1032 1966 festive
1058 1929 1179 1965 nitere
1196 1942 1316 1979 porro
1345 1930 1448 1967 dicit.
1503 1929 1610 1967 Hanc
1638 1928 1694 1966 rei
1721 1940 1814 1965 con—

293 1995 470 2034 ditionem
499 1995 530 2031 si
559 1994 630 2031 sibi
657 1995 827 2032 finxisset
857 1995 1099 2033 doctissimus
1134 1996 1304 2042 Weber,
1344 2011 1421 2035 non
1450 1998 1607 2036 dixisset
1634 1995 1690 2047 (p.
1719 1996 1813 2038 227·

292 2063 346 2102 N.
371 2055 497 2115 4174);
528 2062 623 2112 „Ich
650 2062 750 2100 kann
777 2062 856 2100 hier
885 2063 1042 2100 meinem
1072 2063 1247 2101 Freunde
1283 2064 1411 2102 Orelli
1439 2065 1541 2103 nicht
1568 2065 1814 2114 beistimmen,

293 2143 403 2168 wenn
429 2143 472 2168 er
494 2130 557 2169 die
578 2129 736 2181 Vulgate
764 2131 885 2166 nitere
907 2143 1026 2180 porro
1053 2131 1190 2168 wieder
1218 2132 1286 2169 auf
1304 2136 1372 2181 gut
1390 2132 1571 2171 Vossisch
1593 2132 1709 2170 frisch
1733 2144 1816 2182 weg

298 2198 462 2237 erklart:
501 2226 538 2244 ,‚
547 2197 699 2236 sckiehe
734 2197 828 2235 dieb
863 2200 1055 2235 vorusiirts
1065 2202 1126 2244 ,“
1170 2211 1246 2237 was
1272 2200 1350 2235 nita·
1383 2199 1486 2237 nicht
1513 2199 1665 2238 heissen
1700 2199 1816 2251 kann,

300 2405 476 2438 pervacua
501 2394 663 2428 sudatur.
707 2393 878 2428 Prudent.
906 2392 1064 2428 Cathem.
1085 2395 1122 2438 2,
1142 2394 1200 2429 76.
1243 2394 1392 2428 sudavit
1408 2394 1522 2439 impar
1537 2394 1720 2440 proelium.
1762 2393 1816 2428 De

301 2451 428 2484 sudore
447 2462 490 2484 ex
509 2450 636 2484 timore
655 2450 711 2484 vel
738 2450 920 2485 anxietate
944 2456 1023 2485 orto
1052 2451 1111 2485 vel
1136 2450 1310 2484 translate
1337 2456 1508 2496 usurpato
1537 2451 1612 2488 vid.
1643 2451 1816 2485 Torrent.

302 2506 347 2539 ad
370 2507 447 2540 Sat.
470 2510 507 2551 1,
529 2507 569 2551 9,
596 2509 651 2542 10.
686 2507 798 2553 Ilgen.
819 2508 876 2543 ad.
896 2506 998 2553 Virg.
1021 2508 1111 2554 Cop.
1130 2519 1166 2552 p.
1186 2504 1245 2541 49.
1275 2508 1421 2542 Hesiod.
1444 2521 1501 2554 ap.
1523 2508 1689 2554 Xenoph.
1709 2507 1816 2542 Mem.

304 2565 337 2607 2,
358 2565 390 2607 1,
414 2565 468 2599 20.
498 2564 670 2602 Wiistem.
692 2565 736 2599 ad
753 2564 906 2599 Theocr.
923 2566 955 2608 2,
977 2565 1056 2599 107.
1082 2565 1185 2598 Hess.
1206 2563 1249 2597 ad
1268 2565 1378 2599 Basil.
1398 2565 1449 2599 M.
1469 2565 1559 2599 Coh.
1576 2565 1620 2599 ad
1635 2565 1766 2599 Graec.
1781 2563 1816 2599 8.

304 2630 341 2663 p.
362 2618 418 2653 14.
438 2619 596 2666 interpp.
625 2621 668 2655 ad
695 2621 770 2656 Cic.
793 2621 912 2667 Epist.
931 2623 971 2665 6,
1000 2620 1065 2664 19,
1093 2622 1126 2656 9.
1159 2620 1276 2655 Burm.
1308 2622 1351 2655 ad
1372 2623 1519 2657 Petron.
1549 2621 1584 2657 3.
1609 2633 1646 2667 p.
1668 2616 1737 2664 14„
1757 2616 1818 2654 44.

305 2686 341 2718 p.
363 2677 443 2710 207.
465 2678 598 2712 Weitz.
621 2679 666 2712 ad
685 2679 788 2713 eund.
811 2680 844 2714 6.
875 2691 911 2724 p.
933 2679 991 2714 30.
1011 2679 1166 2723 interpp.
1188 2679 1232 2711 ad
1253 2679 1355 2724 Apul.
1376 2679 1465 2713 Met.
1489 2679 1591 2723 lI.’p.
1609 2677 1689 2712 166.
1721 2676 1820 2711 Mar-

306 2735 377 2774 tyr.
394 2733 407 2764 1
412 2737 509 2776 gnat.
527 2747 558 2769 c.
576 2736 609 2769 7.
626 2748 661 2780 p.
679 2736 758 2770 191.
775 2736 831 2769 ed.
849 2735 993 2778 Hefele3
1014 2734 1094 2770 coll.
1110 2734 1362 2770 Mitscherlich.
1379 2736 1423 2769 ad
1437 2735 1507 2770 od.
1525 2735 1557 2778 1,
1573 2733 1628 2775 13,
1643 2734 1678 2767 6.
1697 2732 1817 2778 Bergl.

308 2786 352 2818 ad
372 2787 528 2832 Alciphr.
546 2793 577 2833 1,
600 2786 659 2834 34,
678 2790 737 2827 43.
768 2794 897 2837 Wagn.
913 2792 968 2827 ad.
988 2794 1021 2836 2,
1045 2794 1079 2837 2,
1099 2793 1156 2827 61.
1178 2804 1211 2837 p.
1232 2794 1310 2828 287.
1333 2797 1370 2827 et
1387 2791 1524 2826 Ruhnk.
1540 2789 1585 2824 ad
1600 2791 1739 2826 Terent
1751 2789 1776 2824 l.
1793 2789 1818 2824 l.

307 2842 430 2876 Barth.
450 2845 494 2877 ad
514 2847 696 2882 Claudian.
718 2849 762 2883 de
781 2849 889 2895 Rapt.
910 2850 1079 2895 Proserp.
1099 2851 1137 2893 2,
1163 2851 1217 2884 16.
