1910 3138
313 190 399 234 218
453 191 734 232 COMMENT.
752 191 809 230 ΙΝ
827 191 950 232 HOR.
970 190 1073 231 LIB.
1089 192 1117 231 l.
1146 192 1315 233 EPIST.
1329 193 1525 241 QUART.
1541 193 1717 235 Dsscm.
1769 195 1828 239 58

312 318 486 356 Alauda
519 329 691 365 metum,
746 313 924 354 Turbida
960 316 1128 355 sollicito
1164 320 1427 357 transmittere
1467 318 1651 359 Caecuba
1691 319 1829 360 Saoce.

313 386 460 424 Colum.
490 385 540 424 R.
573 384 622 423 R.
662 384 738 431 12,
767 383 835 425 38.
871 383 943 421 sed
968 385 1193 424 curandum
1225 394 1310 434 est,
1345 394 1416 434 ut,
1453 401 1578 439 quum
1615 386 1830 441 diffundis,

311 452 510 505 liquidum
538 458 576 488 et
601 452 687 489 sine
706 451 825 503 faece
851 450 1072 504 dcffimdae.
1109 452 1171 493 De
1187 455 1258 493 hac
1275 469 1318 494 re
1335 455 1515 507 imprimis
1533 456 1632 496 conf.
1655 455 1824 494 Mueck.

310 523 359 560 ad
387 522 463 563 Od.
494 522 542 570 1,
571 521 647 570 11,
678 521 719 561 6.
750 523 813 569 et,
838 533 949 570 quem
971 520 1101 561 laudat
1125 522 1175 561 Ο.
1199 522 1311 561 Jahn.
1337 524 1387 561 ad
1414 523 1523 563 Pers.
1553 527 1601 574 1,
1628 524 1719 574 δᾶ,
1747 524 1828 565 Ph.

315 589 462 628 Venuli
488 588 583 626 diss.
614 588 654 627 in
684 614 712 639 „
724 587 842 640 Saggi
869 587 957 627 dell’
984 590 1092 629 acad.
1121 590 1162 628 di
1189 590 1396 630 cortona“
1423 591 1455 631 Ι.
1482 605 1523 644 p.
1551 593 1606 634 81
1629 605 1714 643 sqq·
1742 592 1828 632 con.

305 658 425 696 Beck.
450 658 499 696 ad
529 655 629 696 Gall.
654 655 702 695 II.
731 669 770 707 p.
802 655 896 696 170.
937 657 1083 696 Contra
1106 657 1318 697 Hoc-heder
1339 673 1493 700 aureum
1520 660 1686 700 colorem
1710 661 1828 699 sentit

307 739 533 778 comparans
565 725 669 776 Virg.
698 724 796 763 Aen.
827 725 869 775 8,
902 724 996 769 402.
1026 725 1229 778 liquidum
1255 726 1454 773 electrum.
1495 728 1550 768 At
1574 729 1648 767 nisi
1673 729 1827 781 proprie

305 795 591 847 intelligendum
618 796 678 832 est·
704 794 882 845 praefero
910 807 993 834 cum
1023 794 1230 833 Diintzero
1257 795 1384 835 vinum
1403 808 1706 847 pia-ermannus
1732 810 1826 836 con-

304 866 450 905 ferente
480 864 567 916 (15,
594 862 665 915 19)
693 864 880 902 rationem
899 863 948 901 ad
969 864 1036 914 12,
1061 863 1101 903 9.
1129 864 1341 903 indicatam.
1380 864 1491 904 Adde
1508 864 1636 904 Burm.
1664 866 1715 915 ad
1737 865 1821 904 Val.

302 932 432 972 Flacc-
458 934 508 983 6,
534 933 631 973 710.
655 932 689 970 F
691 932 871 970 ormulam
899 937 1025 971 autem
1053 932 1184 971 media
1212 932 1261 970 de
1288 932 1378 970 luce
1403 932 1631 983 tempestiva
1655 933 1825 973 convivia

301 1000 530 1039 indicantem
555 1004 660 1038 recte
683 1001 954 1051 interpretatur
989 1001 1186 1040 oremus.-
1216 1000 1397 1052 „lucente
1419 1001 1533 1039 etiam
1553 1004 1644 1040 tunc
1662 1001 1743 1042 sote
1766 1018 1824 1039 a:

301 1081 363 1108 am
388 1068 512 1108 hellen
539 1067 649 1119 Tage
677 1070 847 1108 schon.“
900 1069 991 1109 Plus
1020 1084 1140 1122 aequo
1169 1069 1334 1108 accurati
1362 1072 1451 1108 sunt
1478 1069 1544 1120 qui
1579 1082 1665 1109 cum.
1690 1069 1824 1108 Hein-

301 1137 426 1186 dorfio
459 1138 619 1177 ad-Sat.
645 1140 694 1186 2,
725 1139 770 1184 8,
799 1138 841 1178 3.
870 1138 993 1188 ipsum
1016 1140 1095 1189 jam
1123 1139 1314 1177 meridiem
1349 1137 1600 1187 significatum
1635 1135 1823 1186 vident*).

299 1204 398 1245 Vide
428 1205 644 1244 Handium
672 1207 722 1244 ad
750 1207 865 1247 Turs.
900 1207 948 1245 11.
986 1220 1026 1257 p.
1054 1207 1136 1248 205
1159 1220 1217 1257 sq.
1247 1206 1526 1244 accuratissime
1556 1207 1822 1257 disputantem.

298 1274 480 1313 Ceterum
507 1274 566 1313 his
591 1287 650 1314 vv.
679 1288 758 1313 non
787 1274 882 1312 dixit
909 1275 1051 1324 Poeta,
1081 1275 1184 1326 quod
1208 1274 1362 1325 quidem
1381 1286 1467 1312 eum
1488 1274 1707 1324 loquentem
1728 1276 1823 1314 fecit

297 1341 598 1394 Haberseldue:
634 1370 663 1394 „
672 1343 757 1392 leh,
785 1343 855 1381 der
881 1342 942 1381 ich
970 1346 1078 1380 sonst
1103 1342 1250 1380 keinem
1286 1343 1326 1380 in
1361 1342 1430 1380 der
1453 1339 1583 1379 Kunst
1610 1355 1658 1381 zu
1696 1343 1821 1382 lieben

296 1411 374 1448 und
396 1424 444 1449 zu
469 1410 682 1463 schwelgen
711 1415 828 1450 etwas
854 1409 1026 1461 nachgab
1039 1436 1052 1459 ‚
1079 1409 1181 1447 finde
1205 1410 1303 1461 jetzt
1325 1409 1425 1448 mein
1444 1408 1572 1448 Gliick
1595 1411 1635 1449 in
1653 1411 1817 1462 Massig-

294 1478 376 1517 keit
400 1480 479 1518 und
502 1480 673 1530 Ruhe,“
714 1479 784 1518 sed
819 1479 971 1531 potius,
1011 1476 1113 1515 illam
1141 1477 1291 1515 vivendi
1317 1477 1525 1529 rationem,
1563 1479 1624 1517 cui
1643 1479 1818 1530 juvenilis

293 1551 402 1587 aetas
427 1561 505 1587 non
531 1549 614 1588 sine
641 1549 779 1587 decore
804 1545 1045 1594 indulsisset,
1082 1546 1106 1583 i.
1136 1558 1170 1586 e.
1201 1545 1322 1584 omnis
1349 1539 1501 1596 generis
1526 1545 1671 1589 ludicra
1695 1561 1738 1587 se
1762 1549 1817 1588 ita

294 1616 542 1668 deposuisse,
581 1621 624 1656 ut
652 1617 743 1656 nihil
765 1617 844 1668 jam
869 1615 997 1653 talium
1021 1627 1147 1653 rerum
1175 1614 1432 1663 desideraret,
1469 1625 1584 1664 quum
1610 1615 1674 1655 ille
1700 1615 1815 1669 (villi-

294 1684 377 1736 cus)
405 1698 538 1736 parum
565 1685 638 1723 sibi
674 1680 854 1723 constans
888 1684 1059 1734 inquieto
1085 1682 1288 1721 mutandae
1321 1682 1436 1720 sortis
1464 1681 1689 1724 traheretur.
1731 1684 1815 1724 Ne-

292 1765 366 1803 que
396 1753 634 1792 incommode
669 1752 975 1803 Charpenterius
1002 1765 1063 1789 vv.
1090 1751 1147 1792 32
1166 1773 1223 1779 —-
1241 1747 1309 1791 34.
1337 1749 1535 1800 „priorem
1557 1746 1709 1791 Horatii
1735 1751 1813 1791 eul-

290 1824 372 1859 tum
397 1822 437 1859 in
464 1821 558 1859 urbe
584 1825 624 1859 et
648 1820 881 1859 Maecenatis
910 1820 1055 1859 domo“
1084 1819 1320 1870 descriptum
1346 1818 1476 1859 sentit.

401 1888 446 1931 V.
473 1888 541 1929 35.
583 1887 668 1926 Jam
696 1902 816 1926 coena
844 1887 998 1934 brevis,
1024 1891 1067 1926 ut
1091 1888 1136 1927 A.
1156 1886 1201 1925 P.
1223 1887 1317 1928 198.
1347 1899 1484 1924 mensa
1507 1886 1660 1938 brevis,
1689 1900 1812 1940 oppo-

290 1958 391 1997 nitur
417 1956 492 1995 iuis
528 1956 705 1995 conviviis
742 1957 979 2007 tempestivis
1015 1960 1057 1995 et
1093 1968 1254 1993 somnus·
1288 1955 1331 1992 in
1365 1953 1490 1992 herba
1501 1952 1561 2006 **)
1597 1955 1741 2009 (Epod.
1770 1957 1811 2007 2,

400 2105 441 2152 ³⁸)
459 2106 498 2141 G.
525 2106 684 2143 Passov..·
703 2106 817 2151 „Dem
838 2117 905 2140 von
924 2106 989 2140 der
1006 2104 1114 2140 Mitte
1133 2104 1197 2139 des
1213 2104 1327 2149 Tag's
1341 2105 1454 2139 Durst
1471 2115 1548 2139 war
1565 2103 1655 2138 nach
1673 2104 1806 2139 klarem

288 2164 500 2200 Falci-norst
529 2163 566 2198 J.
584 2164 740 2199 Merkel.-
772 2163 872 2208 „Der
891 2173 946 2196 um
971 2162 1029 2197 die
1049 2162 1158 2196 Mitte
1187 2162 1250 2195 des
1271 2162 1373 2206 Tags
1401 2160 1510 2196 schon
1537 2160 1710 2198 schlfirfte
1736 2161 1805 2196 deu

287 2223 412 2258 klaren
431 2220 642 2256 ffllemerf‘
669 2220 768 2255 Satis
797 2219 959 2265 ambigue
984 2219 1139 2253 Vossius.-
1171 2218 1286 2262 „Wer
1304 2229 1374 2252 von
1401 2217 1466 2252 der
1492 2217 1597 2252 Helle
1622 2217 1686 2252 des
1704 2217 1804 2264 Tags

288 2279 487 2315 fortzechte
505 2278 689 2322 gekliirten
707 2276 916 2312 Falerner.“

378 2346 435 2392 **)
466 2347 687 2395 Sententiam
711 2345 827 2390 illam,
856 2344 1042 2380 Horatium
1061 2354 1129 2377 non
1148 2342 1186 2376 in
1203 2342 1284 2388 ipsa
1301 2341 1386 2376 villa
1405 2342 1539 2376 Sabina
1551 2367 1561 2384 ‚
1590 2341 1653 2376 sed
1673 2341 1804 2377 Tiburi

286 2404 499 2440 domicilium
513 2415 610 2439 suum
620 2403 795 2447 habuisse,
812 2401 960 2448 repetiit
971 2400 1154 2446 Zumptius
1168 2399 1205 2433 in
1217 2398 1456 2444 disputatione
1472 2398 1647 2433 luculenta
1661 2399 1804 2444 „Uiber

288 2463 350 2497 das
371 2463 494 2496 Leben
513 2462 574 2495 des
595 2462 740 2496 Horaz“
756 2464 826 2496 etc.
853 2471 909 2505 ap.
935 2458 1121 2494 Wucstem.
1141 2468 1178 2501 p.
1199 2457 1271 2499 18.,
1291 2455 1354 2489 sed
1372 2455 1424 2488 ini
1442 2454 1598 2501 opinioni
1611 2461 1691 2490 tum
1709 2457 1802 2491 hunc

286 2530 446 2563 versum,
466 2523 539 2553 tum
559 2519 648 2553 alios
667 2518 766 2552 locos
786 2522 825 2550 ut
845 2517 924 2554 Sat.
945 2517 979 2560 2,
999 2515 1034 2559 6,
1055 2515 1088 2549 2.
1110 2513 1181 2547 Od.
1201 2514 1234 2558 1,
1257 2514 1314 2556 17⁷
1334 2513 1378 2547 17
1396 2531 1444 2537 —
1464 2514 1522 2549 22.
1548 2512 1669 2558 Epist.
1689 2514 1723 2557 1,
1744 2514 1801 2557 10,

287 2578 330 2612 12
345 2596 401 2601 —-
417 2577 473 2611 18.
495 2577 550 2620 16,
571 2577 616 2610 10
632 2597 680 2602 -
700 2575 756 2610 16.
777 2571 961 2608 adversari
980 2583 1068 2618 pace
1086 2569 1163 2603 Viri
1183 2568 1377 2604 doctissimi
1398 2568 1559 2604 dixerim.
1587 2570 1675 2604 Rem
1694 2568 1799 2614 attigi

285 2632 321 2665 in
344 2632 539 2667 Zimmerm.
560 2629 798 2676 „Zeitschrift
816 2630 842 2665 f.
864 2630 898 2665 d.
917 2628 1209 2665 Alterthumsw.“
1232 2623 1336 2664 1834.
1357 2626 1404 2660 N.
1428 2625 1507 2662 115.
1528 2638 1565 2672 p.
1588 2626 1670 2662 921.
1693 2628 1798 2670 atque

287 2687 321 2720 in
348 2689 437 2722 Exc.
465 2690 510 2723 ad
538 2689 658 2734 Epist.
680 2691 696 2723 1
710 2715 720 2732 ‚
741 2689 761 2722 8
775 2714 785 2732 ‚
807 2689 863 2725 12.
891 2699 926 2733 p.
947 2685 992 2722 23
1011 2697 1065 2731 sq.
1079 2711 1089 2728 ‚
1121 2684 1178 2717 cui
1197 2695 1287 2717 nunc
1307 2684 1351 2717 de
1373 2683 1474 2717 domo
1496 2682 1686 2717 Tiburtina
1703 2681 1794 2715 addo

285 2743 412 2786 „Delle
436 2745 522 2779 Viae
542 2759 561 2780 e
580 2746 624 2779 de
645 2745 705 2790 piu
728 2744 873 2778 notabili
894 2741 1116 2778 Monumenti
1132 2740 1270 2775 Anticlia·
1288 2740 1381 2774 della
1396 2738 1513 2782 εἰπε),
1535 2751 1555 2773 e
1573 2738 1631 2772 del
1649 2736 1796 2771 territo-

285 2798 340 2832 rio
361 2799 397 2831 di
420 2801 533 2836 Tivoli
551 2813 664 2835 nuove
682 2801 840 2835 ricerche
861 2800 897 2835 di
917 2800 1095 2845 Stephano
1115 2797 1262 2839 Gabrae,
1284 2809 1303 2831 e
1324 2797 1458 2831 Fausto
1480 2794 1550 2830 Del
1575 2794 1650 2828 120⁹.
1685 2792 1794 2827 Dedi-

286 2859 366 2888 cate
381 2860 448 2889 etc.
483 2856 522 2891 1„
548 2859 659 2892 Roma
684 2856 990 2891 Muchxxlx.
1012 2855 1054 2899 3,
1074 2855 1114 2898 1,
1137 2852 1171 2888 5.
1197 2866 1236 2900 p.
1253 2854 1296 2888 91
1313 2871 1369 2880 —
1385 2853 1464 2887 101.
1494 2856 1533 2884 et
1561 2848 1796 2885 m.K0112n·

285 2911 429 2956 (Progr.
446 2912 565 2948 Schol.
582 2913 753 2947 Rottweil
771 2910 879 2957 1841)
900 2910 1229 2947 Commentationem
1247 2910 1292 2945 de
1309 2907 1426 2944 veteri
1445 2917 1519 2941 cum
1541 2916 1633 2940 novo
1654 2905 1792 2939 Tibure
