1910 3138
479 950 1228 1025 COMMENTARII

819 1123 876 1162 IN

140 1257 395 1304 HORATu
422 1259 538 1304 Lm.
560 1260 604 1310 l.
656 1258 1011 1305 EPISTOLAM
1038 1254 1570 1304 UNDEVICESIMAM.

89 1569 299 1629 Horatius
335 1604 448 1642 quum
481 1597 568 1644 post
596 1594 718 1632 editos
755 1598 795 1632 et
830 1595 982 1645 epodon
1016 1599 1055 1633 et
1086 1595 1288 1633 carminum
1318 1592 1436 1630 libros
1471 1592 1616 1643 priores

88 1659 255 1710 iniquum
277 1660 513 1709 quorundam
539 1661 730 1700 hominum
755 1662 936 1712 imprimis
956 1663 1291 1702 Grammaticorum
1315 1663 1363 1700 ‹le
1387 1661 1446 1698 his
1469 1658 1617 1710 scriptis

86 1727 264 1778 judicium
293 1732 468 1778 expertus
497 1733 620 1775 esset,
659 1730 697 1767 in
724 1729 796 1767 hae
821 1730 994 1782 Epistola
1020 1733 1060 1770 id
1087 1732 1188 1781 egit,
1223 1735 1264 1768 ut
1293 1734 1332 1768 et
1368 1729 1519 1767 laudem
1546 1727 1617 1764 sibi

90 1799 270 1845 tanquam
295 1800 451 1847 poetae,
481 1798 546 1846 qui
575 1799 755 1849 princeps
784 1797 904 1837 libera
922 1800 1079 1850 vestigia
1102 1799 1140 1836 in
1168 1799 1253 1836 loco
1274 1811 1297 1835 a
1323 1798 1502 1836 Romanis
1525 1809 1619 1846 poe·

90 1863 140 1900 tis
170 1863 310 1901 intacto
338 1864 551 1914 posuisset,
574 1878 710 1917 reapse
729 1866 895 1905 debitam
916 1867 1124 1905 vindicaret
1146 1879 1372 1916 causamque
1390 1865 1497 1917 pravi
1521 1863 1619 1901 illius

88 1929 216 1978 judicii
245 1930 437 1970 edoceret.
493 1931 620 1971 Causa
649 1939 773 1972 autem
810 1935 917 1973 facile
945 1918 1082 1986 duplex
1122 1935 1375 1985 cognoscitur.
1436 1932 1545 1970 Prior
1571 1931 1618 1967 ab

91 1996 316 2047 imitatione,
361 1999 468 2048 eujus
504 2013 580 2038 non
618 2001 766 2040 laudem
799 2003 946 2052 judices
986 2003 1059 2051 illi,
1107 2002 1176 2039 sed
1216 2002 1362 2052 culpam
1396 2000 1435 2037 in
1461 1999 1620 2036 Poetam

91 2064 380 2112 transtulerant,
409 2066 627 2108 desumitur.
676 2069 769 2108 Inde
796 2071 974 2108 Horatius
1002 2083 1043 2107 re
1071 2069 1183 2107 altius
1206 2069 1367 2119 repetita
1391 2071 1430 2104 et
1449 2066 1620 2102 oratione

93 2132 342 2183 exemplorum
371 2133 519 2171 facetiis
546 2137 696 2174 condita
715 2137 911 2188 explanat,
941 2143 1172 2188 quantopere
1198 2137 1406 2174 imitatores
1431 2133 1621 2183 exemplar

93 2199 283 2247 quoddam
311 2201 428 2238 secuti
461 2201 508 2238 ab
533 2202 760 2242 imitatorum
790 2219 900 2243 servo
928 2219 1069 2256 pecore
1095 2205 1343 2250 abhorreant,
1372 2203 1428 2239 ita
1452 2205 1495 2238 ut
1522 2200 1619 2238 haud

94 2265 244 2303 difficile
267 2266 338 2314 sit,
367 2269 404 2305 in
424 2269 604 2308 imitando
631 2285 780 2322 quoque
808 2285 935 2310 verum
962 2277 1136 2322 poetam,
1168 2272 1230 2321 qui
1248 2270 1318 2307 sibi
1342 2270 1456 2316 fidat,
1483 2281 1506 2305 a
1526 2281 1620 2318 poe-

93 2336 239 2382 tastro,
267 2335 330 2384 qui
359 2335 438 2373 fere
468 2337 623 2376 aliorum
646 2353 723 2376 non
752 2341 929 2388 virtutes,
959 2341 1029 2377 sed
1047 2340 1137 2376 vitia
1153 2343 1354 2388 sequatur,
1385 2338 1614 2375 discernere.

93 2397 351 2438 Posteriorem
380 2415 530 2442 causam
558 2406 596 2442 in
633 2419 678 2444 eo
718 2407 819 2444 cerni
858 2407 948 2445 dicit
984 2405 1126 2455 Poeta,
1162 2406 1265 2455 quod
1298 2404 1421 2456 plebis
1452 2404 1620 2441 literatae

97 2464 275 2515 suffragia
298 2480 418 2517 neque
443 2471 621 2521 impensis
643 2486 839 2511 coenarum
863 2485 986 2523 neque
1013 2473 1206 2511 recitando
1226 2472 1421 2510 ambitiose
1444 2475 1620 2523 captave-

101 2533 164 2572 rit.
215 2533 279 2570 Sic
306 2538 344 2571 et
371 2535 464 2575 haec
484 2539 656 2590 Epistola
684 2553 728 2578 ex
757 2540 916 2577 diversis
942 2540 1109 2590 partibus
1134 2542 1299 2578 conflata
1324 2539 1484 2591 simplex
1510 2539 1619 2590 quid-

99 2600 187 2637 dam
214 2604 254 2638 et
280 2613 392 2639 unum
421 2608 493 2641 est.
539 2606 627 2656 Ipsa
657 2607 774 2657 ipsius
803 2606 944 2644 Poetae
972 2619 1034 2644 res
1059 2612 1098 2644 et
1125 2619 1260 2656 causa,
1297 2607 1355 2645 cui
1377 2607 1484 2657 quasi
1505 2606 1620 2657 judex

98 2667 210 2705 sedet
232 2667 468 2706 doctissimus
497 2670 717 2721 Maecenas,
750 2674 913 2710 medium
941 2674 1062 2711 locum
1090 2678 1216 2723 tenet,
1255 2675 1313 2712 cui
1342 2675 1527 2724 utrimque
1552 2687 1621 2725 ap-

98 2738 289 2785 ponuntur
317 2738 356 2771 et
390 2738 607 2774 attexuntur
644 2740 739 2776 duae
777 2744 905 2789 partes
944 2745 1120 2790 tanquam
1155 2741 1285 2783 latera.
1345 2742 1467 2781 Tecte
1497 2747 1622 2781 autem

100 2801 191 2838 illud
218 2802 310 2852 (Od.
342 2802 382 2851 1,
412 2804 448 2850 1,
476 2804 529 2844 35
561 2804 644 2855 sq.)
671 2806 919 2854 significatur:
957 2807 1108 2857 Quodsi
1124 2821 1185 2846 me
1213 2808 1347 2860 h‘ricisi
1373 2809 1532 2848 vatibus
1557 2812 1621 2848 in-

100 2871 194 2908 seris
202 2897 218 2915 ,
259 2867 436 2907 Sublimi
453 2869 598 2921 seriam
626 2873 756 2910 sidera
784 2875 936 2911 vertice.
