<?xml version="1.0" encoding="UTF-8"?>
<!DOCTYPE html PUBLIC "-//W3C//DTD XHTML 1.0 Transitional//EN"
    "http://www.w3.org/TR/xhtml1/DTD/xhtml1-transitional.dtd">
<html xmlns="http://www.w3.org/1999/xhtml" xml:lang="en" lang="en">
 <head>
  <title>
</title>
<meta http-equiv="Content-Type" content="text/html;charset=utf-8" />
  <meta name='ocr-system' content='tesseract 3.04.00' />
  <meta name='ocr-capabilities' content='ocr_page ocr_carea ocr_par ocr_line ocrx_word'/>
</head>
<body>
  <div class='ocr_page' id='page_1' title='image "./epistolascomment02horauoft_0508.png"; bbox 0 0 1910 3138; ppageno 0'>
   <div class='ocr_carea' id='block_1_1' title="bbox 279 194 1803 261">
    <p class='ocr_par' dir='ltr' id='par_1_1' title="bbox 279 194 1803 261">
     <span class='ocr_line' id='line_1_1' title="bbox 279 194 1803 261; baseline 0.004 -7"><span class='ocrx_word' id='word_1_1' title='bbox 279 213 361 254; x_wconf 87' lang='grc'>500</span> <span class='ocrx_word' id='word_1_2' title='bbox 409 215 635 254; x_wconf 85' lang='lat' dir='ltr'>COMMEN</span> <span class='ocrx_word' id='word_1_3' title='bbox 639 215 688 253; x_wconf 87' lang='lat' dir='ltr'>T.</span> <span class='ocrx_word' id='word_1_4' title='bbox 708 215 765 254; x_wconf 89' lang='lat' dir='ltr'>IN</span> <span class='ocrx_word' id='word_1_5' title='bbox 785 215 908 254; x_wconf 92' lang='lat' dir='ltr'><strong>HOR.</strong></span> <span class='ocrx_word' id='word_1_6' title='bbox 927 214 1027 257; x_wconf 89' lang='lat' dir='ltr'>LIB.</span> <span class='ocrx_word' id='word_1_7' title='bbox 1049 216 1077 254; x_wconf 93' lang='grc' dir='ltr'><strong>Ι.</strong></span> <span class='ocrx_word' id='word_1_8' title='bbox 1111 215 1277 255; x_wconf 82' lang='lat' dir='ltr'>EPlsT.</span> <span class='ocrx_word' id='word_1_9' title='bbox 1298 216 1669 256; x_wconf 78' lang='lat' dir='ltr'>UNDEVICESIM.</span> <span class='ocrx_word' id='word_1_10' title='bbox 1725 194 1803 261; x_wconf 74' lang='lat'>152</span> 
     </span>
    </p>
   </div>
   <div class='ocr_carea' id='block_1_2' title="bbox 274 327 1806 1197">
    <p class='ocr_par' dir='ltr' id='par_1_2' title="bbox 274 327 1806 922">
     <span class='ocr_line' id='line_1_2' title="bbox 278 327 1803 380; baseline 0.003 -16"><span class='ocrx_word' id='word_1_11' title='bbox 278 328 431 366; x_wconf 89' lang='lat' dir='ltr'>bibendi</span> <span class='ocrx_word' id='word_1_12' title='bbox 471 329 673 366; x_wconf 88' lang='lat' dir='ltr'>certamina</span> <span class='ocrx_word' id='word_1_13' title='bbox 709 327 810 379; x_wconf 92' lang='lat' dir='ltr'>(coll.</span> <span class='ocrx_word' id='word_1_14' title='bbox 839 328 1008 369; x_wconf 86' lang='lat' dir='ltr'>-Broukh.</span> <span class='ocrx_word' id='word_1_15' title='bbox 1043 329 1105 366; x_wconf 89' lang='lat' dir='ltr'>ad.</span> <span class='ocrx_word' id='word_1_16' title='bbox 1129 328 1217 366; x_wconf 87' lang='lat' dir='ltr'>Tib.</span> <span class='ocrx_word' id='word_1_17' title='bbox 1250 331 1288 378; x_wconf 90' lang='lat'>1,</span> <span class='ocrx_word' id='word_1_18' title='bbox 1310 330 1337 369; x_wconf 90' lang='lat'>7</span> <span class='ocrx_word' id='word_1_19' title='bbox 1367 329 1448 380; x_wconf 88' lang='lat'><strong>(6),</strong></span> <span class='ocrx_word' id='word_1_20' title='bbox 1476 330 1544 372; x_wconf 87' lang='lat'>28.</span> <span class='ocrx_word' id='word_1_21' title='bbox 1573 329 1726 371; x_wconf 79' lang='lat' dir='ltr'>Mitsch.</span> <span class='ocrx_word' id='word_1_22' title='bbox 1753 330 1803 376; x_wconf 70' lang='lat' dir='ltr'>ad</span> 
     </span>
     <span class='ocr_line' id='line_1_3' title="bbox 279 394 1805 449; baseline 0.001 -16"><span class='ocrx_word' id='word_1_23' title='bbox 279 397 354 433; x_wconf 91' lang='lat' dir='ltr'>Od.</span> <span class='ocrx_word' id='word_1_24' title='bbox 383 398 420 442; x_wconf 89' lang='lat'>1,</span> <span class='ocrx_word' id='word_1_25' title='bbox 448 396 517 443; x_wconf 87' lang='grc'>36,</span> <span class='ocrx_word' id='word_1_26' title='bbox 549 394 655 446; x_wconf 85' lang='lat'><strong>14.);</strong></span> <span class='ocrx_word' id='word_1_27' title='bbox 697 397 834 435; x_wconf 79' lang='lat' dir='ltr'><strong>etenim</strong></span> <span class='ocrx_word' id='word_1_28' title='bbox 862 410 939 434; x_wconf 89' lang='lat' dir='ltr'>non</span> <span class='ocrx_word' id='word_1_29' title='bbox 976 396 1232 446; x_wconf 83' lang='lat' dir='ltr'>significantur</span> <span class='ocrx_word' id='word_1_30' title='bbox 1265 397 1336 434; x_wconf 88' lang='lat' dir='ltr'>nisi</span> <span class='ocrx_word' id='word_1_31' title='bbox 1373 408 1480 435; x_wconf 75' lang='lat' dir='ltr'>acres</span> <span class='ocrx_word' id='word_1_32' title='bbox 1504 398 1805 449; x_wconf 80' lang='lat' dir='ltr'>compotationes</span> 
     </span>
     <span class='ocr_line' id='line_1_4' title="bbox 278 462 1804 517; baseline 0.002 -18"><span class='ocrx_word' id='word_1_33' title='bbox 278 477 360 502; x_wconf 87' lang='lat' dir='ltr'>cum</span> <span class='ocrx_word' id='word_1_34' title='bbox 387 462 466 500; x_wconf 84' lang='lat' dir='ltr'>aliis</span> <span class='ocrx_word' id='word_1_35' title='bbox 491 463 618 501; x_wconf 85' lang='lat' dir='ltr'>initae.</span> <span class='ocrx_word' id='word_1_36' title='bbox 667 464 755 504; x_wconf 91' lang='lat' dir='ltr'>Tib.</span> <span class='ocrx_word' id='word_1_37' title='bbox 784 465 826 513; x_wconf 87' lang='lat'>3,</span> <span class='ocrx_word' id='word_1_38' title='bbox 857 466 895 512; x_wconf 90' lang='lat'>6,</span> <span class='ocrx_word' id='word_1_39' title='bbox 931 468 996 505; x_wconf 81' lang='lat'>11.</span> <span class='ocrx_word' id='word_1_40' title='bbox 1025 464 1092 517; x_wconf 84' lang='lat' dir='ltr'>(ib.</span> <span class='ocrx_word' id='word_1_41' title='bbox 1120 464 1244 513; x_wconf 89' lang='lat' dir='ltr'>Diss.)</span> <span class='ocrx_word' id='word_1_42' title='bbox 1275 463 1367 500; x_wconf 83' lang='lat' dir='ltr'>Aut</span> <span class='ocrx_word' id='word_1_43' title='bbox 1390 465 1427 502; x_wconf 74' lang='lat' dir='ltr'>si</span> <span class='ocrx_word' id='word_1_44' title='bbox 1452 465 1542 516; x_wconf 70' lang='lat' dir='ltr'>quis</span> <span class='ocrx_word' id='word_1_45' title='bbox 1568 466 1654 503; x_wconf 83' lang='grc' dir='ltr'>νίηἰ</span> <span class='ocrx_word' id='word_1_46' title='bbox 1679 471 1804 502; x_wconf 81' lang='lat' dir='ltr'>certa-</span> 
     </span>
     <span class='ocr_line' id='line_1_5' title="bbox 277 531 1803 583; baseline 0.001 -15"><span class='ocrx_word' id='word_1_47' title='bbox 277 544 366 568; x_wconf 87' lang='lat' dir='ltr'>men</span> <span class='ocrx_word' id='word_1_48' title='bbox 389 531 482 567; x_wconf 88' lang='lat' dir='ltr'>mite</span> <span class='ocrx_word' id='word_1_49' title='bbox 506 539 672 569; x_wconf 80' lang='lat' dir='ltr'>recusat.</span> <span class='ocrx_word' id='word_1_50' title='bbox 709 532 840 583; x_wconf 87' lang='lat' dir='ltr'>Aequo</span> <span class='ocrx_word' id='word_1_51' title='bbox 860 537 983 571; x_wconf 89' lang='lat' dir='ltr'>autem</span> <span class='ocrx_word' id='word_1_52' title='bbox 1003 533 1175 571; x_wconf 89' lang='lat' dir='ltr'>subtilior</span> <span class='ocrx_word' id='word_1_53' title='bbox 1193 535 1251 571; x_wconf 84' lang='lat' dir='ltr'>est</span> <span class='ocrx_word' id='word_1_54' title='bbox 1275 531 1526 570; x_wconf 70' lang='lat' dir='ltr'>useichertue</span> <span class='ocrx_word' id='word_1_55' title='bbox 1547 531 1675 583; x_wconf 84' lang='lat' dir='ltr'>(Poet.</span> <span class='ocrx_word' id='word_1_56' title='bbox 1699 533 1803 570; x_wconf 86' lang='lat' dir='ltr'>latin.</span> 
     </span>
     <span class='ocr_line' id='line_1_6' title="bbox 274 598 1805 651; baseline 0 -14"><span class='ocrx_word' id='word_1_57' title='bbox 274 598 398 648; x_wconf 84' lang='lat' dir='ltr'>Reliq.</span> <span class='ocrx_word' id='word_1_58' title='bbox 429 611 467 648; x_wconf 87' lang='lat' dir='ltr'>p.</span> <span class='ocrx_word' id='word_1_59' title='bbox 497 599 624 649; x_wconf 80' lang='lat'>397),</span> <span class='ocrx_word' id='word_1_60' title='bbox 654 612 767 649; x_wconf 91' lang='lat' dir='ltr'>quum</span> <span class='ocrx_word' id='word_1_61' title='bbox 798 599 869 636; x_wconf 85' lang='lat' dir='ltr'>sibi</span> <span class='ocrx_word' id='word_1_62' title='bbox 897 614 974 638; x_wconf 90' lang='lat' dir='ltr'>non</span> <span class='ocrx_word' id='word_1_63' title='bbox 995 601 1143 639; x_wconf 90' lang='lat' dir='ltr'>dubium</span> <span class='ocrx_word' id='word_1_64' title='bbox 1164 614 1248 639; x_wconf 90' lang='lat' dir='ltr'>esse</span> <span class='ocrx_word' id='word_1_65' title='bbox 1276 601 1389 650; x_wconf 86' lang='lat' dir='ltr'>dicit,</span> <span class='ocrx_word' id='word_1_66' title='bbox 1419 601 1510 651; x_wconf 88' lang='lat' dir='ltr'>quin</span> <span class='ocrx_word' id='word_1_67' title='bbox 1527 601 1648 639; x_wconf 69' lang='lat' dir='ltr'>Poeta</span> <span class='ocrx_word' id='word_1_68' title='bbox 1671 601 1805 639; x_wconf 81' lang='lat' dir='ltr'>doctas</span> 
     </span>
     <span class='ocr_line' id='line_1_7' title="bbox 275 666 1806 720; baseline 0.002 -18"><span class='ocrx_word' id='word_1_69' title='bbox 275 667 369 702; x_wconf 88' lang='lat' dir='ltr'>istas</span> <span class='ocrx_word' id='word_1_70' title='bbox 399 666 577 704; x_wconf 89' lang='lat' dir='ltr'>nobilium</span> <span class='ocrx_word' id='word_1_71' title='bbox 600 666 854 705; x_wconf 85' lang='lat' dir='ltr'>Romanorum</span> <span class='ocrx_word' id='word_1_72' title='bbox 887 672 1063 720; x_wconf 85' lang='lat' dir='ltr'><strong>tanquam</strong></span> <span class='ocrx_word' id='word_1_73' title='bbox 1088 669 1406 719; x_wconf 88' lang='lat' dir='ltr'>compotationes,</span> <span class='ocrx_word' id='word_1_74' title='bbox 1445 668 1577 718; x_wconf 75' lang='lat' dir='ltr'>quibus</span> <span class='ocrx_word' id='word_1_75' title='bbox 1604 681 1674 707; x_wconf 84' lang='lat' dir='ltr'>sua</span> <span class='ocrx_word' id='word_1_76' title='bbox 1700 669 1806 720; x_wconf 83' lang='lat' dir='ltr'>quis-</span> 
     </span>
     <span class='ocr_line' id='line_1_8' title="bbox 275 735 1806 788; baseline 0.001 -17"><span class='ocrx_word' id='word_1_77' title='bbox 275 747 349 784; x_wconf 92' lang='lat' dir='ltr'>que</span> <span class='ocrx_word' id='word_1_78' title='bbox 383 735 524 785; x_wconf 84' lang='lat' dir='ltr'>scripta</span> <span class='ocrx_word' id='word_1_79' title='bbox 551 735 709 773; x_wconf 86' lang='lat' dir='ltr'>recitare</span> <span class='ocrx_word' id='word_1_80' title='bbox 746 735 879 774; x_wconf 88' lang='lat' dir='ltr'>solitus</span> <span class='ocrx_word' id='word_1_81' title='bbox 917 737 986 785; x_wconf 88' lang='lat' dir='ltr'>sit,</span> <span class='ocrx_word' id='word_1_82' title='bbox 1028 750 1073 775; x_wconf 87' lang='lat' dir='ltr'>ea</span> <span class='ocrx_word' id='word_1_83' title='bbox 1103 736 1332 788; x_wconf 81' lang='lat' dir='ltr'><strong>urbanitate,</strong></span> <span class='ocrx_word' id='word_1_84' title='bbox 1375 750 1448 788; x_wconf 87' lang='lat' dir='ltr'>qua</span> <span class='ocrx_word' id='word_1_85' title='bbox 1484 737 1642 774; x_wconf 88' lang='lat' dir='ltr'>ridendo</span> <span class='ocrx_word' id='word_1_86' title='bbox 1679 749 1806 774; x_wconf 82' lang='lat' dir='ltr'>verum</span> 
     </span>
     <span class='ocr_line' id='line_1_9' title="bbox 275 802 1806 854; baseline 0.002 -15"><span class='ocrx_word' id='word_1_87' title='bbox 275 802 398 852; x_wconf 86' lang='lat' dir='ltr'>dicat,</span> <span class='ocrx_word' id='word_1_88' title='bbox 436 803 597 841; x_wconf 82' lang='lat' dir='ltr'>voluerit</span> <span class='ocrx_word' id='word_1_89' title='bbox 634 804 903 854; x_wconf 84' lang='lat' dir='ltr'>perstringere.</span> <span class='ocrx_word' id='word_1_90' title='bbox 957 803 1016 842; x_wconf 89' lang='lat' dir='ltr'>De</span> <span class='ocrx_word' id='word_1_91' title='bbox 1055 805 1124 843; x_wconf 91' lang='lat' dir='ltr'>illis</span> <span class='ocrx_word' id='word_1_92' title='bbox 1160 805 1259 846; x_wconf 86' lang='lat' dir='ltr'>conf.</span> <span class='ocrx_word' id='word_1_93' title='bbox 1302 805 1479 847; x_wconf 77' lang='lat' dir='ltr'>Schmid.</span> <span class='ocrx_word' id='word_1_94' title='bbox 1516 808 1555 843; x_wconf 86' lang='lat' dir='ltr'>et</span> <span class='ocrx_word' id='word_1_95' title='bbox 1600 803 1720 844; x_wconf 83' lang='lat' dir='ltr'>Orell.</span> <span class='ocrx_word' id='word_1_96' title='bbox 1756 803 1806 842; x_wconf 84' lang='lat' dir='ltr'>ad</span> 
     </span>
     <span class='ocr_line' id='line_1_10' title="bbox 274 871 663 922; baseline 0 -12"><span class='ocrx_word' id='word_1_97' title='bbox 274 871 400 922; x_wconf 82' lang='lat' dir='ltr'><strong>Epist.</strong></span> <span class='ocrx_word' id='word_1_98' title='bbox 426 872 466 922; x_wconf 86' lang='lat'>2,</span> <span class='ocrx_word' id='word_1_99' title='bbox 498 874 536 920; x_wconf 88' lang='lat'>1,</span> <span class='ocrx_word' id='word_1_100' title='bbox 569 873 663 912; x_wconf 90' lang='grc'><strong>110.</strong></span> 
     </span>
    </p>

    <p class='ocr_par' dir='ltr' id='par_1_3' title="bbox 274 938 1806 1197">
     <span class='ocr_line' id='line_1_11' title="bbox 387 938 1806 993; baseline 0 -16"><span class='ocrx_word' id='word_1_101' title='bbox 387 940 435 980; x_wconf 92' lang='lat' dir='ltr'>V.</span> <span class='ocrx_word' id='word_1_102' title='bbox 469 942 518 981; x_wconf 88' lang='lat'>12</span> <span class='ocrx_word' id='word_1_103' title='bbox 549 962 606 968; x_wconf 89' lang='lat'>—</span> <span class='ocrx_word' id='word_1_104' title='bbox 637 938 701 980; x_wconf 87' lang='lat'>14.</span> <span class='ocrx_word' id='word_1_105' title='bbox 759 939 893 990; x_wconf 78' lang='lat' dir='ltr'>Quid,</span> <span class='ocrx_word' id='word_1_106' title='bbox 922 942 959 977; x_wconf 77' lang='lat' dir='ltr'>si</span> <span class='ocrx_word' id='word_1_107' title='bbox 987 941 1076 992; x_wconf 81' lang='lat' dir='ltr'>quis</span> <span class='ocrx_word' id='word_1_108' title='bbox 1100 963 1156 969; x_wconf 88' lang='lat'>—</span> <span class='ocrx_word' id='word_1_109' title='bbox 1183 954 1383 993; x_wconf 84' lang='lat' dir='ltr'>moresque</span> <span class='ocrx_word' id='word_1_110' title='bbox 1417 940 1604 979; x_wconf 81' lang='lat' dir='ltr'>Catonis?</span> <span class='ocrx_word' id='word_1_111' title='bbox 1642 939 1806 978; x_wconf 85' lang='lat' dir='ltr'>Festivi-</span> 
     </span>
     <span class='ocr_line' id='line_1_12' title="bbox 275 1008 1806 1061; baseline 0.001 -16"><span class='ocrx_word' id='word_1_112' title='bbox 275 1013 395 1047; x_wconf 83' lang='lat' dir='ltr'>tatem</span> <span class='ocrx_word' id='word_1_113' title='bbox 422 1009 649 1053; x_wconf 85' lang='lat' dir='ltr'>sententiae,</span> <span class='ocrx_word' id='word_1_114' title='bbox 691 1020 764 1057; x_wconf 89' lang='lat' dir='ltr'>qua</span> <span class='ocrx_word' id='word_1_115' title='bbox 791 1008 882 1059; x_wconf 89' lang='lat' dir='ltr'>„qui</span> <span class='ocrx_word' id='word_1_116' title='bbox 909 1010 1068 1046; x_wconf 87' lang='lat' dir='ltr'>textoris</span> <span class='ocrx_word' id='word_1_117' title='bbox 1097 1010 1156 1048; x_wconf 89' lang='lat' dir='ltr'>vel</span> <span class='ocrx_word' id='word_1_118' title='bbox 1186 1023 1258 1061; x_wconf 91' lang='lat' dir='ltr'>ope</span> <span class='ocrx_word' id='word_1_119' title='bbox 1286 1010 1345 1048; x_wconf 86' lang='lat' dir='ltr'>vel</span> <span class='ocrx_word' id='word_1_120' title='bbox 1374 1022 1515 1061; x_wconf 77' lang='lat' dir='ltr'>opera,</span> <span class='ocrx_word' id='word_1_121' title='bbox 1543 1013 1653 1047; x_wconf 86' lang='lat' dir='ltr'>torva</span> <span class='ocrx_word' id='word_1_122' title='bbox 1680 1010 1806 1047; x_wconf 78' lang='lat' dir='ltr'>fronte</span> 
     </span>
     <span class='ocr_line' id='line_1_13' title="bbox 276 1072 1805 1131; baseline 0.001 -17"><span class='ocrx_word' id='word_1_123' title='bbox 276 1081 315 1114; x_wconf 88' lang='lat' dir='ltr'>et</span> <span class='ocrx_word' id='word_1_124' title='bbox 344 1072 597 1131; x_wconf 74' lang='grc' dir='ltr'><strong><em>ἇνυποδησίᾳ</em></strong></span> <span class='ocrx_word' id='word_1_125' title='bbox 623 1075 780 1114; x_wconf 85' lang='lat' dir='ltr'>Catonis</span> <span class='ocrx_word' id='word_1_126' title='bbox 803 1077 965 1116; x_wconf 85' lang='lat' dir='ltr'>habitum</span> <span class='ocrx_word' id='word_1_127' title='bbox 992 1079 1129 1128; x_wconf 84' lang='lat' dir='ltr'>refert,</span> <span class='ocrx_word' id='word_1_128' title='bbox 1158 1092 1236 1116; x_wconf 92' lang='lat' dir='ltr'>non</span> <span class='ocrx_word' id='word_1_129' title='bbox 1265 1078 1441 1116; x_wconf 91' lang='lat' dir='ltr'>continuo</span> <span class='ocrx_word' id='word_1_130' title='bbox 1463 1077 1559 1116; x_wconf 86' lang='lat' dir='ltr'>alter</span> <span class='ocrx_word' id='word_1_131' title='bbox 1579 1077 1676 1116; x_wconf 83' lang='lat' dir='ltr'>Cato</span> <span class='ocrx_word' id='word_1_132' title='bbox 1697 1076 1805 1127; x_wconf 83' lang='lat' dir='ltr'>est,“</span> 
     </span>
     <span class='ocr_line' id='line_1_14' title="bbox 274 1146 1806 1197; baseline 0.001 -15"><span class='ocrx_word' id='word_1_133' title='bbox 274 1157 407 1197; x_wconf 88' lang='lat' dir='ltr'>parum</span> <span class='ocrx_word' id='word_1_134' title='bbox 439 1148 637 1183; x_wconf 87' lang='lat' dir='ltr'>senserunt</span> <span class='ocrx_word' id='word_1_135' title='bbox 666 1146 711 1193; x_wconf 92' lang='lat' dir='ltr'>ii,</span> <span class='ocrx_word' id='word_1_136' title='bbox 740 1146 803 1195; x_wconf 92' lang='lat' dir='ltr'>qui</span> <span class='ocrx_word' id='word_1_137' title='bbox 832 1151 896 1183; x_wconf 91' lang='lat' dir='ltr'>aut</span> <span class='ocrx_word' id='word_1_138' title='bbox 929 1146 1036 1184; x_wconf 87' lang='lat' dir='ltr'>aliter</span> <span class='ocrx_word' id='word_1_139' title='bbox 1069 1147 1183 1186; x_wconf 86' lang='lat' dir='ltr'>scribi</span> <span class='ocrx_word' id='word_1_140' title='bbox 1210 1146 1421 1185; x_wconf 87' lang='lat' dir='ltr'>maluerunt</span> <span class='ocrx_word' id='word_1_141' title='bbox 1447 1150 1512 1184; x_wconf 83' lang='lat' dir='ltr'>aut</span> <span class='ocrx_word' id='word_1_142' title='bbox 1545 1147 1594 1184; x_wconf 91' lang='lat' dir='ltr'>de</span> <span class='ocrx_word' id='word_1_143' title='bbox 1618 1146 1806 1197; x_wconf 84' lang='lat' dir='ltr'>composi-</span> 
     </span>
    </p>
   </div>
   <div class='ocr_carea' id='block_1_3' title="bbox 275 1213 1875 1267">
    <p class='ocr_par' dir='ltr' id='par_1_4' title="bbox 275 1213 1875 1267">
     <span class='ocr_line' id='line_1_15' title="bbox 275 1213 1875 1267; baseline 0.001 -16"><span class='ocrx_word' id='word_1_144' title='bbox 275 1214 377 1251; x_wconf 89' lang='lat' dir='ltr'>tione</span> <span class='ocrx_word' id='word_1_145' title='bbox 405 1213 605 1250; x_wconf 87' lang='lat' dir='ltr'>verborum</span> <span class='ocrx_word' id='word_1_146' title='bbox 642 1220 904 1264; x_wconf 87' lang='lat' dir='ltr'>compararunt</span> <span class='ocrx_word' id='word_1_147' title='bbox 932 1217 969 1265; x_wconf 87' lang='lat'>1,</span> <span class='ocrx_word' id='word_1_148' title='bbox 1003 1217 1041 1265; x_wconf 87' lang='lat'>1,</span> <span class='ocrx_word' id='word_1_149' title='bbox 1073 1215 1128 1256; x_wconf 83' lang='lat'>94</span> <span class='ocrx_word' id='word_1_150' title='bbox 1165 1222 1328 1252; x_wconf 85' lang='lat' dir='ltr'>curatus</span> <span class='ocrx_word' id='word_1_151' title='bbox 1363 1213 1571 1267; x_wconf 70' lang='lat' dir='ltr'><em>inaequali</em></span> <span class='ocrx_word' id='word_1_152' title='bbox 1606 1221 1757 1252; x_wconf 70' lang='lat' dir='ltr'>tonsore</span> <span class='ocrx_word' id='word_1_153' title='bbox 1783 1226 1807 1252; x_wconf 78' lang='lat' dir='ltr'>a</span> <span class='ocrx_word' id='word_1_154' title='bbox 1872 1253 1875 1258; x_wconf 79' lang='grc'>,</span> 
     </span>
    </p>
   </div>
   <div class='ocr_carea' id='block_1_4' title="bbox 275 1281 1807 2082">
    <p class='ocr_par' dir='ltr' id='par_1_5' title="bbox 275 1281 1807 2082">
     <span class='ocr_line' id='line_1_16' title="bbox 276 1281 1807 1331; baseline 0.001 -13"><span class='ocrx_word' id='word_1_155' title='bbox 276 1282 497 1331; x_wconf 73' lang='lat' dir='ltr'>Doeringio</span> <span class='ocrx_word' id='word_1_156' title='bbox 526 1284 628 1318; x_wconf 87' lang='lat' dir='ltr'>recte</span> <span class='ocrx_word' id='word_1_157' title='bbox 661 1281 784 1320; x_wconf 89' lang='lat' dir='ltr'>edocti</span> <span class='ocrx_word' id='word_1_158' title='bbox 816 1287 880 1320; x_wconf 87' lang='lat' dir='ltr'>aut</span> <span class='ocrx_word' id='word_1_159' title='bbox 909 1290 1052 1320; x_wconf 84' lang='lat' dir='ltr'>textore</span> <span class='ocrx_word' id='word_1_160' title='bbox 1081 1297 1163 1321; x_wconf 92' lang='lat' dir='ltr'>cum</span> <span class='ocrx_word' id='word_1_161' title='bbox 1199 1283 1399 1321; x_wconf 85' lang='lat' dir='ltr'>Lambino</span> <span class='ocrx_word' id='word_1_162' title='bbox 1409 1311 1424 1329; x_wconf 93' lang='lat'>,</span> <span class='ocrx_word' id='word_1_163' title='bbox 1461 1284 1543 1321; x_wconf 85' lang='lat' dir='ltr'>Fea</span> <span class='ocrx_word' id='word_1_164' title='bbox 1552 1311 1568 1329; x_wconf 84' lang='lat'>,</span> <span class='ocrx_word' id='word_1_165' title='bbox 1607 1282 1807 1321; x_wconf 78' lang='lat' dir='ltr'>Salmasio</span> 
     </span>
     <span class='ocr_line' id='line_1_17' title="bbox 275 1348 1806 1404; baseline -0.002 -13"><span class='ocrx_word' id='word_1_166' title='bbox 275 1351 343 1400; x_wconf 85' lang='lat' dir='ltr'>(ad</span> <span class='ocrx_word' id='word_1_167' title='bbox 372 1349 533 1388; x_wconf 81' lang='lat' dir='ltr'>Tertull-</span> <span class='ocrx_word' id='word_1_168' title='bbox 564 1350 611 1386; x_wconf 84' lang='lat' dir='ltr'>de</span> <span class='ocrx_word' id='word_1_169' title='bbox 639 1348 732 1387; x_wconf 74' lang='lat' dir='ltr'>Pall·</span> <span class='ocrx_word' id='word_1_170' title='bbox 762 1363 799 1400; x_wconf 89' lang='lat' dir='ltr'>p-</span> <span class='ocrx_word' id='word_1_171' title='bbox 824 1351 923 1402; x_wconf 87' lang='lat'><strong>265)</strong></span> <span class='ocrx_word' id='word_1_172' title='bbox 951 1356 1176 1404; x_wconf 84' lang='lat' dir='ltr'>acceperunt</span> <span class='ocrx_word' id='word_1_173' title='bbox 1199 1365 1270 1403; x_wconf 90' lang='lat' dir='ltr'>pro</span> <span class='ocrx_word' id='word_1_174' title='bbox 1298 1355 1466 1402; x_wconf 79' lang='lat' dir='ltr'>textura,</span> <span class='ocrx_word' id='word_1_175' title='bbox 1489 1355 1529 1389; x_wconf 82' lang='lat' dir='ltr'>ut</span> <span class='ocrx_word' id='word_1_176' title='bbox 1557 1350 1675 1403; x_wconf 86' lang='lat' dir='ltr'>Soph.</span> <span class='ocrx_word' id='word_1_177' title='bbox 1707 1351 1806 1389; x_wconf 89' lang='lat' dir='ltr'>Oed.</span> 
     </span>
     <span class='ocr_line' id='line_1_18' title="bbox 275 1417 1805 1470; baseline 0 -14"><span class='ocrx_word' id='word_1_178' title='bbox 275 1418 325 1456; x_wconf 89' lang='lat' dir='ltr'>R.</span> <span class='ocrx_word' id='word_1_179' title='bbox 356 1417 477 1459; x_wconf 84' lang='lat'><strong>1140.</strong></span> <span class='ocrx_word' id='word_1_180' title='bbox 506 1419 566 1456; x_wconf 90' lang='lat' dir='ltr'>ed.</span> <span class='ocrx_word' id='word_1_181' title='bbox 594 1418 740 1467; x_wconf 85' lang='lat' dir='ltr'>Herm.‚</span> <span class='ocrx_word' id='word_1_182' title='bbox 769 1419 852 1457; x_wconf 90' lang='lat' dir='ltr'>Juv.</span> <span class='ocrx_word' id='word_1_183' title='bbox 887 1421 924 1467; x_wconf 90' lang='lat'>1,</span> <span class='ocrx_word' id='word_1_184' title='bbox 959 1420 1022 1461; x_wconf 87' lang='lat'>13.</span> <span class='ocrx_word' id='word_1_185' title='bbox 1051 1420 1118 1469; x_wconf 89' lang='lat' dir='ltr'>(ib.</span> <span class='ocrx_word' id='word_1_186' title='bbox 1148 1419 1300 1470; x_wconf 88' lang='lat' dir='ltr'>Heinr.)</span> <span class='ocrx_word' id='word_1_187' title='bbox 1326 1418 1501 1469; x_wconf 89' lang='lat' dir='ltr'>Propert.</span> <span class='ocrx_word' id='word_1_188' title='bbox 1532 1420 1572 1469; x_wconf 89' lang='lat'>1,</span> <span class='ocrx_word' id='word_1_189' title='bbox 1602 1422 1642 1468; x_wconf 90' lang='lat'>2,</span> <span class='ocrx_word' id='word_1_190' title='bbox 1666 1421 1706 1461; x_wconf 90' lang='grc'>8.</span> <span class='ocrx_word' id='word_1_191' title='bbox 1735 1419 1805 1470; x_wconf 92' lang='lat' dir='ltr'>(ib.</span> 
     </span>
     <span class='ocr_line' id='line_1_19' title="bbox 275 1485 1806 1539; baseline -0.001 -14"><span class='ocrx_word' id='word_1_192' title='bbox 275 1487 342 1527; x_wconf 84' lang='lat' dir='ltr'>Fr.</span> <span class='ocrx_word' id='word_1_193' title='bbox 366 1487 516 1526; x_wconf 86' lang='lat' dir='ltr'><strong>Jacobs.</strong></span> <span class='ocrx_word' id='word_1_194' title='bbox 543 1487 581 1524; x_wconf 89' lang='lat' dir='ltr'>in</span> <span class='ocrx_word' id='word_1_195' title='bbox 610 1485 788 1537; x_wconf 69' lang='lat' dir='ltr'>„Lateim</span> <span class='ocrx_word' id='word_1_196' title='bbox 816 1487 1084 1527; x_wconf 84' lang='lat' dir='ltr'>Blumenlese“</span> <span class='ocrx_word' id='word_1_197' title='bbox 1113 1489 1161 1526; x_wconf 80' lang='grc' dir='ltr'><strong>ΙΙ.</strong></span> <span class='ocrx_word' id='word_1_198' title='bbox 1189 1502 1228 1539; x_wconf 90' lang='lat' dir='ltr'>p.</span> <span class='ocrx_word' id='word_1_199' title='bbox 1250 1485 1342 1530; x_wconf 84' lang='lat'>142.</span> <span class='ocrx_word' id='word_1_200' title='bbox 1389 1486 1450 1525; x_wconf 90' lang='lat' dir='ltr'>De</span> <span class='ocrx_word' id='word_1_201' title='bbox 1470 1488 1556 1538; x_wconf 90' lang='lat' dir='ltr'>ipso</span> <span class='ocrx_word' id='word_1_202' title='bbox 1581 1486 1697 1526; x_wconf 83' lang='lat' dir='ltr'>verbo</span> <span class='ocrx_word' id='word_1_203' title='bbox 1721 1493 1806 1524; x_wconf 81' lang='lat' dir='ltr'>tex—</span> 
     </span>
     <span class='ocr_line' id='line_1_20' title="bbox 277 1554 1804 1610; baseline 0.001 -19"><span class='ocrx_word' id='word_1_204' title='bbox 277 1562 336 1591; x_wconf 83' lang='lat' dir='ltr'>tor</span> <span class='ocrx_word' id='word_1_205' title='bbox 369 1555 443 1592; x_wconf 89' lang='lat' dir='ltr'>vid.</span> <span class='ocrx_word' id='word_1_206' title='bbox 481 1554 675 1593; x_wconf 82' lang='lat' dir='ltr'>Garaton.</span> <span class='ocrx_word' id='word_1_207' title='bbox 705 1556 754 1592; x_wconf 90' lang='lat' dir='ltr'>ad</span> <span class='ocrx_word' id='word_1_208' title='bbox 788 1555 867 1595; x_wconf 89' lang='lat' dir='ltr'>Cic.</span> <span class='ocrx_word' id='word_1_209' title='bbox 896 1570 954 1607; x_wconf 90' lang='lat' dir='ltr'>pr.</span> <span class='ocrx_word' id='word_1_210' title='bbox 984 1557 1110 1595; x_wconf 88' lang='lat' dir='ltr'>Plane.</span> <span class='ocrx_word' id='word_1_211' title='bbox 1143 1557 1208 1599; x_wconf 88' lang='lat'>25.</span> <span class='ocrx_word' id='word_1_212' title='bbox 1245 1572 1285 1610; x_wconf 91' lang='lat' dir='ltr'>p.</span> <span class='ocrx_word' id='word_1_213' title='bbox 1321 1556 1416 1599; x_wconf 86' lang='lat'><strong>149.</strong></span> <span class='ocrx_word' id='word_1_214' title='bbox 1455 1557 1514 1596; x_wconf 87' lang='lat' dir='ltr'>ed.</span> <span class='ocrx_word' id='word_1_215' title='bbox 1539 1554 1657 1593; x_wconf 86' lang='lat' dir='ltr'>orell.</span> <span class='ocrx_word' id='word_1_216' title='bbox 1693 1559 1733 1594; x_wconf 88' lang='lat' dir='ltr'>et</span> <span class='ocrx_word' id='word_1_217' title='bbox 1756 1556 1804 1593; x_wconf 88' lang='lat' dir='ltr'>de</span> 
     </span>
     <span class='ocr_line' id='line_1_21' title="bbox 276 1623 1806 1676; baseline 0.002 -17"><span class='ocrx_word' id='word_1_218' title='bbox 276 1630 370 1674; x_wconf 76' lang='lat' dir='ltr'>toga</span> <span class='ocrx_word' id='word_1_219' title='bbox 393 1624 564 1674; x_wconf 76' lang='lat' dir='ltr'>exigua,</span> <span class='ocrx_word' id='word_1_220' title='bbox 593 1624 618 1662; x_wconf 91' lang='lat' dir='ltr'>i.</span> <span class='ocrx_word' id='word_1_221' title='bbox 649 1636 681 1661; x_wconf 90' lang='lat' dir='ltr'>e.</span> <span class='ocrx_word' id='word_1_222' title='bbox 711 1628 838 1673; x_wconf 89' lang='lat' dir='ltr'>curta,</span> <span class='ocrx_word' id='word_1_223' title='bbox 868 1625 1127 1675; x_wconf 87' lang='lat' dir='ltr'>adstrictiore,</span> <span class='ocrx_word' id='word_1_224' title='bbox 1157 1639 1268 1676; x_wconf 88' lang='lat' dir='ltr'>quam</span> <span class='ocrx_word' id='word_1_225' title='bbox 1295 1626 1466 1664; x_wconf 87' lang='lat' dir='ltr'>homines</span> <span class='ocrx_word' id='word_1_226' title='bbox 1491 1623 1552 1662; x_wconf 90' lang='lat' dir='ltr'>vel</span> <span class='ocrx_word' id='word_1_227' title='bbox 1577 1625 1806 1663; x_wconf 81' lang='lat' dir='ltr'>austeriores</span> 
     </span>
     <span class='ocr_line' id='line_1_22' title="bbox 277 1691 1805 1748; baseline 0.001 -20"><span class='ocrx_word' id='word_1_228' title='bbox 277 1691 337 1728; x_wconf 84' lang='lat' dir='ltr'>vel</span> <span class='ocrx_word' id='word_1_229' title='bbox 381 1693 574 1729; x_wconf 88' lang='lat' dir='ltr'>tenuiores</span> <span class='ocrx_word' id='word_1_230' title='bbox 619 1692 839 1742; x_wconf 80' lang='lat' dir='ltr'>gestabant,</span> <span class='ocrx_word' id='word_1_231' title='bbox 883 1706 970 1731; x_wconf 90' lang='lat' dir='ltr'>ann.</span> <span class='ocrx_word' id='word_1_232' title='bbox 1009 1696 1057 1732; x_wconf 87' lang='lat' dir='ltr'>ad</span> <span class='ocrx_word' id='word_1_233' title='bbox 1096 1695 1162 1744; x_wconf 91' lang='grc'>18,</span> <span class='ocrx_word' id='word_1_234' title='bbox 1191 1695 1260 1735; x_wconf 86' lang='grc'>30.</span> <span class='ocrx_word' id='word_1_235' title='bbox 1307 1693 1471 1732; x_wconf 89' lang='lat' dir='ltr'>Casaub.</span> <span class='ocrx_word' id='word_1_236' title='bbox 1512 1693 1561 1748; x_wconf 82' lang='lat' dir='ltr'>ad</span> <span class='ocrx_word' id='word_1_237' title='bbox 1608 1691 1645 1730; x_wconf 89' lang='lat' dir='ltr'>T</span> <span class='ocrx_word' id='word_1_238' title='bbox 1646 1691 1805 1744; x_wconf 82' lang='lat' dir='ltr'>heophr.</span> 
     </span>
     <span class='ocr_line' id='line_1_23' title="bbox 277 1759 1806 1814; baseline 0.005 -19"><span class='ocrx_word' id='word_1_239' title='bbox 277 1759 389 1796; x_wconf 86' lang='lat' dir='ltr'>Char.</span> <span class='ocrx_word' id='word_1_240' title='bbox 426 1759 450 1796; x_wconf 93' lang='lat' dir='ltr'>l.</span> <span class='ocrx_word' id='word_1_241' title='bbox 478 1771 591 1810; x_wconf 84' lang='lat' dir='ltr'>supra</span> <span class='ocrx_word' id='word_1_242' title='bbox 626 1759 651 1797; x_wconf 94' lang='lat' dir='ltr'>l.</span> <span class='ocrx_word' id='word_1_243' title='bbox 686 1759 827 1797; x_wconf 88' lang='lat' dir='ltr'>Rader.</span> <span class='ocrx_word' id='word_1_244' title='bbox 864 1762 912 1798; x_wconf 90' lang='lat' dir='ltr'>ad</span> <span class='ocrx_word' id='word_1_245' title='bbox 950 1763 1059 1799; x_wconf 82' lang='lat' dir='ltr'>Mart.</span> <span class='ocrx_word' id='word_1_246' title='bbox 1090 1761 1139 1811; x_wconf 86' lang='grc'>4,</span> <span class='ocrx_word' id='word_1_247' title='bbox 1171 1762 1224 1803; x_wconf 85' lang='grc'>53</span> <span class='ocrx_word' id='word_1_248' title='bbox 1254 1762 1365 1814; x_wconf 79' lang='lat'>(66),</span> <span class='ocrx_word' id='word_1_249' title='bbox 1400 1761 1440 1802; x_wconf 88' lang='lat'>3.</span> <span class='ocrx_word' id='word_1_250' title='bbox 1477 1761 1553 1810; x_wconf 88' lang='grc'>10,</span> <span class='ocrx_word' id='word_1_251' title='bbox 1591 1759 1667 1810; x_wconf 83' lang='lat'>14,</span> <span class='ocrx_word' id='word_1_252' title='bbox 1693 1761 1735 1801; x_wconf 82' lang='lat'>7·</span> <span class='ocrx_word' id='word_1_253' title='bbox 1764 1765 1806 1799; x_wconf 83' lang='lat' dir='ltr'>et</span> 
     </span>
     <span class='ocr_line' id='line_1_24' title="bbox 278 1826 1804 1880; baseline 0.005 -17"><span class='ocrx_word' id='word_1_254' title='bbox 278 1826 417 1866; x_wconf 86' lang='lat' dir='ltr'>Graev.</span> <span class='ocrx_word' id='word_1_255' title='bbox 447 1827 496 1864; x_wconf 91' lang='lat' dir='ltr'>ad</span> <span class='ocrx_word' id='word_1_256' title='bbox 527 1827 606 1864; x_wconf 89' lang='lat' dir='ltr'>Cic.</span> <span class='ocrx_word' id='word_1_257' title='bbox 634 1827 747 1865; x_wconf 86' lang='lat' dir='ltr'>offic.</span> <span class='ocrx_word' id='word_1_258' title='bbox 771 1830 810 1876; x_wconf 83' lang='lat'>1,</span> <span class='ocrx_word' id='word_1_259' title='bbox 833 1829 903 1878; x_wconf 87' lang='lat'>36,</span> <span class='ocrx_word' id='word_1_260' title='bbox 932 1831 957 1869; x_wconf 91' lang='grc'>6</span> <span class='ocrx_word' id='word_1_261' title='bbox 986 1828 1120 1880; x_wconf 84' lang='grc'><strong>(130).</strong></span> <span class='ocrx_word' id='word_1_262' title='bbox 1150 1834 1189 1867; x_wconf 88' lang='lat' dir='ltr'>et</span> <span class='ocrx_word' id='word_1_263' title='bbox 1213 1830 1263 1867; x_wconf 90' lang='lat' dir='ltr'>ad</span> <span class='ocrx_word' id='word_1_264' title='bbox 1289 1842 1344 1867; x_wconf 92' lang='lat' dir='ltr'>or.</span> <span class='ocrx_word' id='word_1_265' title='bbox 1374 1829 1413 1866; x_wconf 89' lang='lat' dir='ltr'>in</span> <span class='ocrx_word' id='word_1_266' title='bbox 1438 1827 1549 1866; x_wconf 85' lang='lat' dir='ltr'>Catil.</span> <span class='ocrx_word' id='word_1_267' title='bbox 1570 1829 1611 1880; x_wconf 86' lang='lat'>2,</span> <span class='ocrx_word' id='word_1_268' title='bbox 1636 1829 1704 1877; x_wconf 87' lang='lat'>10,</span> <span class='ocrx_word' id='word_1_269' title='bbox 1737 1829 1804 1870; x_wconf 83' lang='grc'>22.</span> 
     </span>
     <span class='ocr_line' id='line_1_25' title="bbox 275 1893 1804 1948; baseline 0.002 -17"><span class='ocrx_word' id='word_1_270' title='bbox 275 1893 336 1931; x_wconf 92' lang='lat' dir='ltr'>De</span> <span class='ocrx_word' id='word_1_271' title='bbox 366 1893 511 1931; x_wconf 86' lang='lat' dir='ltr'>Catone</span> <span class='ocrx_word' id='word_1_272' title='bbox 539 1907 616 1931; x_wconf 92' lang='lat' dir='ltr'>nou</span> <span class='ocrx_word' id='word_1_273' title='bbox 645 1896 814 1932; x_wconf 88' lang='lat' dir='ltr'>tunicato</span> <span class='ocrx_word' id='word_1_274' title='bbox 850 1897 948 1935; x_wconf 91' lang='lat' dir='ltr'>conf.</span> <span class='ocrx_word' id='word_1_275' title='bbox 977 1897 1109 1936; x_wconf 87' lang='lat' dir='ltr'>Heinr.</span> <span class='ocrx_word' id='word_1_276' title='bbox 1139 1898 1187 1935; x_wconf 87' lang='lat' dir='ltr'>ad</span> <span class='ocrx_word' id='word_1_277' title='bbox 1217 1897 1298 1935; x_wconf 88' lang='lat' dir='ltr'>Cic.</span> <span class='ocrx_word' id='word_1_278' title='bbox 1328 1896 1454 1934; x_wconf 85' lang='lat' dir='ltr'>Oratt.</span> <span class='ocrx_word' id='word_1_279' title='bbox 1481 1897 1528 1938; x_wconf 83' lang='lat' dir='ltr'>fr.</span> <span class='ocrx_word' id='word_1_280' title='bbox 1557 1910 1595 1948; x_wconf 90' lang='lat' dir='ltr'>p.</span> <span class='ocrx_word' id='word_1_281' title='bbox 1616 1898 1711 1939; x_wconf 90' lang='lat'><strong>226.</strong></span> <span class='ocrx_word' id='word_1_282' title='bbox 1741 1897 1804 1935; x_wconf 88' lang='lat' dir='ltr'>ed.</span> 
     </span>
     <span class='ocr_line' id='line_1_26' title="bbox 276 1962 1804 2016; baseline 0.003 -17"><span class='ocrx_word' id='word_1_283' title='bbox 276 1962 400 2002; x_wconf 85' lang='lat' dir='ltr'>Beier.</span> <span class='ocrx_word' id='word_1_284' title='bbox 442 1962 535 2000; x_wconf 92' lang='lat' dir='ltr'>Inde</span> <span class='ocrx_word' id='word_1_285' title='bbox 571 1967 671 2000; x_wconf 88' lang='lat' dir='ltr'>recte</span> <span class='ocrx_word' id='word_1_286' title='bbox 707 1963 833 2001; x_wconf 89' lang='lat' dir='ltr'>Schol.</span> <span class='ocrx_word' id='word_1_287' title='bbox 866 1964 984 2014; x_wconf 83' lang='lat' dir='ltr'>Cruq.</span> <span class='ocrx_word' id='word_1_288' title='bbox 1019 1965 1248 2016; x_wconf 86' lang='lat' dir='ltr'>(quanquam</span> <span class='ocrx_word' id='word_1_289' title='bbox 1283 1977 1318 2001; x_wconf 84' lang='lat' dir='ltr'>v.</span> <span class='ocrx_word' id='word_1_290' title='bbox 1348 1970 1470 2000; x_wconf 81' lang='lat' dir='ltr'>textor</span> <span class='ocrx_word' id='word_1_291' title='bbox 1504 1977 1703 2015; x_wconf 88' lang='lat' dir='ltr'>perperam</span> <span class='ocrx_word' id='word_1_292' title='bbox 1733 1977 1804 2016; x_wconf 89' lang='lat' dir='ltr'>pro</span> 
     </span>
     <span class='ocr_line' id='line_1_27' title="bbox 276 2030 1804 2082; baseline 0.001 -14"><span class='ocrx_word' id='word_1_293' title='bbox 276 2030 425 2068; x_wconf 88' lang='lat' dir='ltr'>nomine</span> <span class='ocrx_word' id='word_1_294' title='bbox 455 2031 608 2081; x_wconf 89' lang='lat' dir='ltr'>proprio</span> <span class='ocrx_word' id='word_1_295' title='bbox 637 2031 839 2069; x_wconf 85' lang='lat' dir='ltr'>inventoris</span> <span class='ocrx_word' id='word_1_296' title='bbox 870 2033 1024 2082; x_wconf 82' lang='lat' dir='ltr'>exiguae</span> <span class='ocrx_word' id='word_1_297' title='bbox 1052 2038 1165 2082; x_wconf 85' lang='lat' dir='ltr'>togae</span> <span class='ocrx_word' id='word_1_298' title='bbox 1193 2030 1342 2081; x_wconf 64' lang='lat' dir='ltr'>habeo:</span> <span class='ocrx_word' id='word_1_299' title='bbox 1378 2031 1503 2080; x_wconf 89' lang='lat' dir='ltr'>„Cato</span> <span class='ocrx_word' id='word_1_300' title='bbox 1537 2035 1692 2070; x_wconf 80' lang='lat' dir='ltr'>senator</span> <span class='ocrx_word' id='word_1_301' title='bbox 1722 2030 1804 2070; x_wconf 84' lang='lat' dir='ltr'>Ro-</span> 
     </span>
    </p>
   </div>
   <div class='ocr_carea' id='block_1_5' title="bbox 276 2099 1884 2150">
    <p class='ocr_par' dir='ltr' id='par_1_6' title="bbox 276 2099 1884 2150">
     <span class='ocr_line' id='line_1_28' title="bbox 276 2099 1884 2150; baseline 0.001 -14"><span class='ocrx_word' id='word_1_302' title='bbox 276 2111 432 2144; x_wconf 88' lang='lat' dir='ltr'>manus,</span> <span class='ocrx_word' id='word_1_303' title='bbox 462 2102 504 2135; x_wconf 91' lang='lat' dir='ltr'>ut</span> <span class='ocrx_word' id='word_1_304' title='bbox 530 2100 695 2137; x_wconf 88' lang='lat' dir='ltr'>severior</span> <span class='ocrx_word' id='word_1_305' title='bbox 730 2106 952 2150; x_wconf 81' lang='lat' dir='ltr'>appareret,</span> <span class='ocrx_word' id='word_1_306' title='bbox 988 2101 1137 2138; x_wconf 88' lang='lat' dir='ltr'>intonsa</span> <span class='ocrx_word' id='word_1_307' title='bbox 1167 2099 1283 2137; x_wconf 84' lang='lat' dir='ltr'>barba</span> <span class='ocrx_word' id='word_1_308' title='bbox 1315 2099 1531 2150; x_wconf 84' lang='lat' dir='ltr'>capillisque</span> <span class='ocrx_word' id='word_1_309' title='bbox 1558 2099 1733 2150; x_wconf 85' lang='lat' dir='ltr'>prodibat</span> <span class='ocrx_word' id='word_1_310' title='bbox 1765 2100 1804 2138; x_wconf 90' lang='lat' dir='ltr'>in</span> <span class='ocrx_word' id='word_1_311' title='bbox 1880 2128 1884 2130; x_wconf 30' lang='lat' dir='ltr'>v</span> 
     </span>
    </p>
   </div>
   <div class='ocr_carea' id='block_1_6' title="bbox 275 2165 1804 2492">
    <p class='ocr_par' dir='ltr' id='par_1_7' title="bbox 275 2165 1804 2492">
     <span class='ocr_line' id='line_1_29' title="bbox 275 2165 1804 2218; baseline 0 -15"><span class='ocrx_word' id='word_1_312' title='bbox 275 2166 464 2217; x_wconf 85' lang='lat' dir='ltr'>publicum</span> <span class='ocrx_word' id='word_1_313' title='bbox 493 2167 661 2217; x_wconf 85' lang='lat' dir='ltr'>duroque</span> <span class='ocrx_word' id='word_1_314' title='bbox 690 2167 939 2205; x_wconf 84' lang='lat' dir='ltr'>calceamento</span> <span class='ocrx_word' id='word_1_315' title='bbox 965 2172 1004 2203; x_wconf 89' lang='lat' dir='ltr'>et</span> <span class='ocrx_word' id='word_1_316' title='bbox 1032 2180 1146 2218; x_wconf 86' lang='lat' dir='ltr'>saepe</span> <span class='ocrx_word' id='word_1_317' title='bbox 1171 2167 1271 2205; x_wconf 92' lang='lat' dir='ltr'>nullo</span> <span class='ocrx_word' id='word_1_318' title='bbox 1299 2172 1461 2217; x_wconf 85' lang='lat' dir='ltr'>togaque</span> <span class='ocrx_word' id='word_1_319' title='bbox 1491 2167 1634 2217; x_wconf 80' lang='lat' dir='ltr'>exigua.</span> <span class='ocrx_word' id='word_1_320' title='bbox 1645 2166 1674 2190; x_wconf 78' lang='lat'>‘⁶</span> <span class='ocrx_word' id='word_1_321' title='bbox 1728 2165 1804 2204; x_wconf 90' lang='lat' dir='ltr'>Ce-</span> 
     </span>
     <span class='ocr_line' id='line_1_30' title="bbox 275 2233 1803 2284; baseline -0.001 -11"><span class='ocrx_word' id='word_1_322' title='bbox 275 2240 399 2273; x_wconf 89' lang='lat' dir='ltr'>terum</span> <span class='ocrx_word' id='word_1_323' title='bbox 427 2236 474 2272; x_wconf 91' lang='lat' dir='ltr'>de</span> <span class='ocrx_word' id='word_1_324' title='bbox 509 2235 655 2274; x_wconf 88' lang='lat' dir='ltr'>Catone</span> <span class='ocrx_word' id='word_1_325' title='bbox 689 2235 860 2273; x_wconf 86' lang='lat' dir='ltr'>Uticensi</span> <span class='ocrx_word' id='word_1_326' title='bbox 893 2235 1082 2272; x_wconf 89' lang='lat' dir='ltr'>Plutarch.</span> <span class='ocrx_word' id='word_1_327' title='bbox 1121 2235 1158 2271; x_wconf 90' lang='lat' dir='ltr'>in</span> <span class='ocrx_word' id='word_1_328' title='bbox 1187 2235 1261 2272; x_wconf 89' lang='lat' dir='ltr'>Vit.</span> <span class='ocrx_word' id='word_1_329' title='bbox 1297 2236 1376 2284; x_wconf 88' lang='lat' dir='ltr'>ejus</span> <span class='ocrx_word' id='word_1_330' title='bbox 1403 2237 1442 2275; x_wconf 87' lang='lat'>6.</span> <span class='ocrx_word' id='word_1_331' title='bbox 1470 2234 1536 2272; x_wconf 89' lang='lat' dir='ltr'>IV.</span> <span class='ocrx_word' id='word_1_332' title='bbox 1569 2247 1608 2284; x_wconf 87' lang='lat' dir='ltr'>p.</span> <span class='ocrx_word' id='word_1_333' title='bbox 1631 2233 1727 2274; x_wconf 87' lang='grc'><strong>371.</strong></span> <span class='ocrx_word' id='word_1_334' title='bbox 1754 2233 1803 2273; x_wconf 87' lang='lat' dir='ltr'>R.</span> 
     </span>
     <span class='ocr_line' id='line_1_31' title="bbox 277 2297 1802 2356; baseline -0.001 -15"><span class='ocrx_word' id='word_1_335' title='bbox 277 2299 460 2342; x_wconf 79' lang='grc' dir='ltr'><strong><em>καθόλου</em></strong></span> <span class='ocrx_word' id='word_1_336' title='bbox 493 2300 535 2342; x_wconf 81' lang='grc' dir='ltr'>δὲ</span> <span class='ocrx_word' id='word_1_337' title='bbox 564 2307 646 2351; x_wconf 87' lang='grc' dir='ltr'><strong><em>τοῖς</em></strong></span> <span class='ocrx_word' id='word_1_338' title='bbox 671 2299 759 2344; x_wconf 85' lang='grc' dir='ltr'><strong><em>τότε</em></strong></span> <span class='ocrx_word' id='word_1_339' title='bbox 797 2304 903 2356; x_wconf 83' lang='grc' dir='ltr'><strong><em>βίοις</em></strong></span> <span class='ocrx_word' id='word_1_340' title='bbox 941 2302 1006 2343; x_wconf 78' lang='grc' dir='ltr'><strong><em>καὶ</em></strong></span> <span class='ocrx_word' id='word_1_341' title='bbox 1034 2306 1117 2349; x_wconf 85' lang='grc' dir='ltr'><strong><em>τοῖς</em></strong></span> <span class='ocrx_word' id='word_1_342' title='bbox 1145 2298 1449 2354; x_wconf 79' lang='grc' dir='ltr'><strong><em>ἐπιτηδεύμασιν</em></strong></span> <span class='ocrx_word' id='word_1_343' title='bbox 1482 2300 1508 2342; x_wconf 80' lang='grc' dir='ltr'><em>ὅ</em></span> <span class='ocrx_word' id='word_1_344' title='bbox 1540 2297 1689 2341; x_wconf 76' lang='grc' dir='ltr'><strong><em>Κάτων</em></strong></span> <span class='ocrx_word' id='word_1_345' title='bbox 1729 2298 1802 2353; x_wconf 72' lang='grc' dir='ltr'><strong><em>τήν</em></strong></span> 
     </span>
     <span class='ocr_line' id='line_1_32' title="bbox 278 2365 1803 2424; baseline -0.001 -13"><span class='ocrx_word' id='word_1_346' title='bbox 278 2371 462 2411; x_wconf 85' lang='grc' dir='ltr'><strong><em>ἐναντίαν</em></strong></span> <span class='ocrx_word' id='word_1_347' title='bbox 491 2366 588 2412; x_wconf 79' lang='grc' dir='ltr'><strong><em>ἆδόν</em></strong></span> <span class='ocrx_word' id='word_1_348' title='bbox 618 2367 803 2424; x_wconf 83' lang='grc' dir='ltr'><strong><em>οἰόμενος</em></strong></span> <span class='ocrx_word' id='word_1_349' title='bbox 834 2373 917 2412; x_wconf 83' lang='grc' dir='ltr'><em>δεῖν</em></span> <span class='ocrx_word' id='word_1_350' title='bbox 946 2372 1139 2423; x_wconf 74' lang='grc' dir='ltr'>βαδίζειν,</span> <span class='ocrx_word' id='word_1_351' title='bbox 1177 2367 1231 2416; x_wconf 75' lang='grc' dir='ltr'>ὥς</span> <span class='ocrx_word' id='word_1_352' title='bbox 1267 2365 1357 2410; x_wconf 77' lang='grc' dir='ltr'><strong><em>οὖσι</em></strong></span> <span class='ocrx_word' id='word_1_353' title='bbox 1389 2366 1560 2420; x_wconf 76' lang='grc' dir='ltr'><strong><em>φαύλοις</em></strong></span> <span class='ocrx_word' id='word_1_354' title='bbox 1585 2368 1654 2410; x_wconf 80' lang='grc' dir='ltr'><strong><em>καὶ</em></strong></span> <span class='ocrx_word' id='word_1_355' title='bbox 1670 2367 1803 2424; x_wconf 71' lang='grc' dir='ltr'><strong><em>μεγά-</em></strong></span> 
     </span>
     <span class='ocr_line' id='line_1_33' title="bbox 276 2434 1804 2492; baseline -0.001 -13"><span class='ocrx_word' id='word_1_356' title='bbox 276 2443 347 2490; x_wconf 85' lang='grc' dir='ltr'>λης</span> <span class='ocrx_word' id='word_1_357' title='bbox 388 2438 591 2490; x_wconf 82' lang='grc' dir='ltr'><em>δεομένοις</em></span> <span class='ocrx_word' id='word_1_358' title='bbox 634 2441 874 2492; x_wconf 73' lang='grc' dir='ltr'><strong><em>μεταβολῆς,</em></strong></span> <span class='ocrx_word' id='word_1_359' title='bbox 932 2439 1015 2480; x_wconf 76' lang='grc' dir='ltr'>ἐπεὶ</span> <span class='ocrx_word' id='word_1_360' title='bbox 1055 2435 1272 2491; x_wconf 77' lang='grc' dir='ltr'><strong><em>πορφύραν</em></strong></span> <span class='ocrx_word' id='word_1_361' title='bbox 1316 2436 1420 2491; x_wconf 74' lang='grc' dir='ltr'><strong><em>ἑώρα</em></strong></span> <span class='ocrx_word' id='word_1_362' title='bbox 1458 2434 1533 2488; x_wconf 80' lang='grc' dir='ltr'><strong><em>τὴν</em></strong></span> <span class='ocrx_word' id='word_1_363' title='bbox 1573 2435 1804 2489; x_wconf 78' lang='grc' dir='ltr'><strong><em>κατακόρως</em></strong></span> 
     </span>
    </p>
   </div>
   <div class='ocr_carea' id='block_1_7' title="bbox 277 2501 1884 2561">
    <p class='ocr_par' dir='ltr' id='par_1_8' title="bbox 277 2501 1884 2561">
     <span class='ocr_line' id='line_1_34' title="bbox 277 2501 1884 2561; baseline -0.001 -14"><span class='ocrx_word' id='word_1_364' title='bbox 277 2505 456 2561; x_wconf 76' lang='grc' dir='ltr'><strong><em>ἐρυθροῖν</em></strong></span> <span class='ocrx_word' id='word_1_365' title='bbox 484 2506 552 2548; x_wconf 81' lang='grc' dir='ltr'><strong><em>καὶ</em></strong></span> <span class='ocrx_word' id='word_1_366' title='bbox 581 2504 714 2555; x_wconf 83' lang='grc' dir='ltr'><strong><em>ὀξεῖαν</em></strong></span> <span class='ocrx_word' id='word_1_367' title='bbox 738 2505 1024 2561; x_wconf 81' lang='grc' dir='ltr'><strong><em>α’γαπωμένην,</em></strong></span> <span class='ocrx_word' id='word_1_368' title='bbox 1057 2503 1177 2554; x_wconf 72' lang='grc' dir='ltr'><strong><em>αὐτὸς</em></strong></span> <span class='ocrx_word' id='word_1_369' title='bbox 1197 2501 1331 2559; x_wconf 74' lang='grc' dir='ltr'><strong><em>ἐφόρει</em></strong></span> <span class='ocrx_word' id='word_1_370' title='bbox 1349 2502 1423 2557; x_wconf 78' lang='grc' dir='ltr'><strong><em>τήν</em></strong></span> <span class='ocrx_word' id='word_1_371' title='bbox 1445 2505 1646 2558; x_wconf 84' lang='grc' dir='ltr'><strong><em>μέλαιναν.</em></strong></span> <span class='ocrx_word' id='word_1_372' title='bbox 1693 2508 1803 2546; x_wconf 86' lang='grc' dir='ltr'><strong><em>Πολ·</em></strong></span> <span class='ocrx_word' id='word_1_373' title='bbox 1882 2510 1884 2515; x_wconf 84' lang='grc'><strong>’</strong></span> 
     </span>
    </p>
   </div>
   <div class='ocr_carea' id='block_1_8' title="bbox 276 2569 1802 2697">
    <p class='ocr_par' dir='ltr' id='par_1_9' title="bbox 276 2569 1802 2697">
     <span class='ocr_line' id='line_1_35' title="bbox 276 2569 1802 2629; baseline 0.001 -16"><span class='ocrx_word' id='word_1_374' title='bbox 276 2573 389 2623; x_wconf 81' lang='grc' dir='ltr'><strong><em>λάκις</em></strong></span> <span class='ocrx_word' id='word_1_375' title='bbox 417 2570 703 2627; x_wconf 79' lang='grc' dir='ltr'><strong><em>δὀἕνυπὸδητος</em></strong></span> <span class='ocrx_word' id='word_1_376' title='bbox 724 2576 790 2616; x_wconf 84' lang='grc' dir='ltr'><strong><em>καὶ</em></strong></span> <span class='ocrx_word' id='word_1_377' title='bbox 815 2572 959 2628; x_wconf 81' lang='grc' dir='ltr'><strong><em>οἷχίτων</em></strong></span> <span class='ocrx_word' id='word_1_378' title='bbox 986 2575 1042 2623; x_wconf 82' lang='grc' dir='ltr'>εἰς</span> <span class='ocrx_word' id='word_1_379' title='bbox 1064 2572 1109 2615; x_wconf 83' lang='grc' dir='ltr'>το“</span> <span class='ocrx_word' id='word_1_380' title='bbox 1138 2570 1328 2627; x_wconf 81' lang='grc' dir='ltr'><strong><em>δημόσιον</em></strong></span> <span class='ocrx_word' id='word_1_381' title='bbox 1350 2571 1493 2629; x_wconf 73' lang='grc' dir='ltr'><strong><em>προῄει</em></strong></span> <span class='ocrx_word' id='word_1_382' title='bbox 1517 2569 1596 2626; x_wconf 85' lang='grc' dir='ltr'><strong><em>μετ’</em></strong></span> <span class='ocrx_word' id='word_1_383' title='bbox 1625 2571 1802 2627; x_wconf 73' lang='grc' dir='ltr'><strong><em>ἄριστον,</em></strong></span> 
     </span>
     <span class='ocr_line' id='line_1_36' title="bbox 278 2636 1802 2697; baseline 0 -15"><span class='ocrx_word' id='word_1_384' title='bbox 278 2642 328 2683; x_wconf 87' lang='grc' dir='ltr'>ου’</span> <span class='ocrx_word' id='word_1_385' title='bbox 357 2639 478 2692; x_wconf 79' lang='grc' dir='ltr'><strong><em>δόξαν</em></strong></span> <span class='ocrx_word' id='word_1_386' title='bbox 507 2643 549 2684; x_wconf 77' lang='grc' dir='ltr'>ἐκ</span> <span class='ocrx_word' id='word_1_387' title='bbox 577 2642 722 2696; x_wconf 81' lang='grc' dir='ltr'><strong><em>ταύτης</em></strong></span> <span class='ocrx_word' id='word_1_388' title='bbox 751 2647 821 2696; x_wconf 83' lang='grc' dir='ltr'>τῆς</span> <span class='ocrx_word' id='word_1_389' title='bbox 845 2640 1076 2695; x_wconf 84' lang='grc' dir='ltr'><strong><em>καινότητος</em></strong></span> <span class='ocrx_word' id='word_1_390' title='bbox 1100 2639 1356 2697; x_wconf 71' lang='grc' dir='ltr'><strong><em>θηρώμενος,</em></strong></span> <span class='ocrx_word' id='word_1_391' title='bbox 1386 2636 1468 2682; x_wconf 70' lang='grc' dir='ltr'><strong><em>ἄλλ’</em></strong></span> <span class='ocrx_word' id='word_1_392' title='bbox 1493 2642 1639 2690; x_wconf 79' lang='grc' dir='ltr'><strong><em>ἐθίζων</em></strong></span> <span class='ocrx_word' id='word_1_393' title='bbox 1663 2639 1802 2683; x_wconf 69' lang='grc' dir='ltr'><strong><em>ἑαυτὸν</em></strong></span> 
     </span>
    </p>
   </div>
   <div class='ocr_carea' id='block_1_9' title="bbox 277 2705 1879 2764">
    <p class='ocr_par' dir='ltr' id='par_1_10' title="bbox 277 2705 1879 2764">
     <span class='ocr_line' id='line_1_37' title="bbox 277 2705 1879 2764; baseline -0.001 -15"><span class='ocrx_word' id='word_1_394' title='bbox 277 2709 342 2749; x_wconf 78' lang='grc' dir='ltr'>ἐπὶ</span> <span class='ocrx_word' id='word_1_395' title='bbox 372 2716 455 2759; x_wconf 83' lang='grc' dir='ltr'><strong><em>τοῖς</em></strong></span> <span class='ocrx_word' id='word_1_396' title='bbox 486 2712 662 2764; x_wconf 82' lang='grc' dir='ltr'><strong><em>αἰσχροῖς</em></strong></span> <span class='ocrx_word' id='word_1_397' title='bbox 699 2707 959 2764; x_wconf 78' lang='grc' dir='ltr'><strong><em>αἰσχύνεσθαι</em></strong></span> <span class='ocrx_word' id='word_1_398' title='bbox 992 2709 1149 2764; x_wconf 85' lang='grc' dir='ltr'><strong><em>μόνοις,</em></strong></span> <span class='ocrx_word' id='word_1_399' title='bbox 1185 2713 1264 2750; x_wconf 75' lang='grc' dir='ltr'><strong><em>τῶν</em></strong></span> <span class='ocrx_word' id='word_1_400' title='bbox 1299 2706 1466 2751; x_wconf 74' lang='grc' dir='ltr'><strong><em>δ’ἅλλων</em></strong></span> <span class='ocrx_word' id='word_1_401' title='bbox 1495 2705 1653 2759; x_wconf 68' lang='grc' dir='ltr'><strong><em>ἀδόξων</em></strong></span> <span class='ocrx_word' id='word_1_402' title='bbox 1681 2724 1799 2748; x_wconf 78' lang='grc' dir='ltr'><strong><em>κατα·</em></strong></span> <span class='ocrx_word' id='word_1_403' title='bbox 1878 2733 1879 2737; x_wconf 64' lang='lat'><em>=</em></span> 
     </span>
    </p>
   </div>
   <div class='ocr_carea' id='block_1_10' title="bbox 277 2777 1878 2965">
    <p class='ocr_par' dir='ltr' id='par_1_11' title="bbox 277 2777 1878 2965">
     <span class='ocr_line' id='line_1_38' title="bbox 277 2777 1878 2831; baseline -0.003 -14"><span class='ocrx_word' id='word_1_404' title='bbox 277 2783 459 2828; x_wconf 82' lang='grc' dir='ltr'><strong><em>φρονεῖν.</em></strong></span> <span class='ocrx_word' id='word_1_405' title='bbox 505 2779 648 2821; x_wconf 86' lang='lat' dir='ltr'>Lucan.</span> <span class='ocrx_word' id='word_1_406' title='bbox 678 2783 718 2831; x_wconf 88' lang='lat'>2,</span> <span class='ocrx_word' id='word_1_407' title='bbox 748 2779 845 2822; x_wconf 87' lang='grc'>384.</span> <span class='ocrx_word' id='word_1_408' title='bbox 888 2780 1001 2816; x_wconf 78' lang='lat' dir='ltr'>Huic</span> <span class='ocrx_word' id='word_1_409' title='bbox 1029 2777 1196 2829; x_wconf 77' lang='lat' dir='ltr'>epulae,</span> <span class='ocrx_word' id='word_1_410' title='bbox 1225 2779 1363 2816; x_wconf 71' lang='lat' dir='ltr'>vicisse</span> <span class='ocrx_word' id='word_1_411' title='bbox 1379 2779 1557 2830; x_wconf 87' lang='lat' dir='ltr'>famem;</span> <span class='ocrx_word' id='word_1_412' title='bbox 1586 2777 1799 2828; x_wconf 81' lang='lat' dir='ltr'>magnique</span> <span class='ocrx_word' id='word_1_413' title='bbox 1873 2791 1878 2794; x_wconf 55' lang='lat'><strong><em>⁴</em></strong></span> 
     </span>
     <span class='ocr_line' id='line_1_39' title="bbox 277 2837 1798 2898; baseline -0.001 -18"><span class='ocrx_word' id='word_1_414' title='bbox 277 2845 449 2882; x_wconf 74' lang='lat' dir='ltr'>Penates</span> <span class='ocrx_word' id='word_1_415' title='bbox 476 2847 726 2884; x_wconf 70' lang='lat' dir='ltr'>Submovisse</span> <span class='ocrx_word' id='word_1_416' title='bbox 750 2837 916 2884; x_wconf 71' lang='lat' dir='ltr'>hiemem</span> <span class='ocrx_word' id='word_1_417' title='bbox 939 2854 1060 2884; x_wconf 79' lang='lat' dir='ltr'>tec-lo.-</span> <span class='ocrx_word' id='word_1_418' title='bbox 1079 2847 1330 2898; x_wconf 84' lang='lat' dir='ltr'>pretiosaque</span> <span class='ocrx_word' id='word_1_419' title='bbox 1351 2847 1468 2883; x_wconf 73' lang='lat' dir='ltr'>vestis</span> <span class='ocrx_word' id='word_1_420' title='bbox 1486 2847 1651 2882; x_wconf 78' lang='lat' dir='ltr'>Hirtam</span> <span class='ocrx_word' id='word_1_421' title='bbox 1674 2857 1798 2880; x_wconf 89' lang='lat' dir='ltr'>mem-</span> 
     </span>
     <span class='ocr_line' id='line_1_40' title="bbox 278 2909 1798 2965; baseline 0.001 -18"><span class='ocrx_word' id='word_1_422' title='bbox 278 2909 350 2948; x_wconf 84' lang='lat' dir='ltr'>bra</span> <span class='ocrx_word' id='word_1_423' title='bbox 377 2926 493 2963; x_wconf 81' lang='lat' dir='ltr'>super</span> <span class='ocrx_word' id='word_1_424' title='bbox 513 2915 689 2951; x_wconf 83' lang='lat' dir='ltr'>Romani</span> <span class='ocrx_word' id='word_1_425' title='bbox 714 2927 819 2952; x_wconf 90' lang='lat' dir='ltr'>more</span> <span class='ocrx_word' id='word_1_426' title='bbox 854 2915 1018 2965; x_wconf 63' lang='lat' dir='ltr'>Quiritts</span> <span class='ocrx_word' id='word_1_427' title='bbox 1044 2914 1252 2953; x_wconf 77' lang='lat' dir='ltr'>Induxisse</span> <span class='ocrx_word' id='word_1_428' title='bbox 1289 2922 1438 2965; x_wconf 80' lang='lat' dir='ltr'>togam.</span> <span class='ocrx_word' id='word_1_429' title='bbox 1489 2910 1630 2949; x_wconf 80' lang='lat' dir='ltr'>Similia</span> <span class='ocrx_word' id='word_1_430' title='bbox 1659 2923 1798 2962; x_wconf 89' lang='lat' dir='ltr'>suppe-</span> 
     </span>
    </p>
   </div>
   <div class='ocr_carea' id='block_1_11' title="bbox 1872 1550 1910 3045">
    <p class='ocr_par' dir='ltr' id='par_1_12' title="bbox 1872 1550 1910 3045">
     <span class='ocr_line' id='line_1_41' title="bbox 1872 1550 1910 3045; baseline 0 0"><span class='ocrx_word' id='word_1_431' title='bbox 1872 1550 1910 3045; x_wconf 95' lang='lat' dir='ltr'> </span> 
     </span>
    </p>
   </div>
  </div>
 </body>
</html>
