1910 3138
212 199 299 242 552
367 190 646 241 COMMENT.
673 200 730 240 IN
756 200 880 241 non.
907 199 1010 244 Lm.
1027 201 1058 242 1.
1100 201 1269 241 EPIST.
1298 199 1599 245 νιοΕειΜΔΜ.
1668 201 1754 246 204

212 317 263 356 de
294 316 478 356 matutino
515 318 689 365 tempore
727 315 897 365 cogitare
935 314 1036 366 (Sat.
1075 317 1113 365 1,
1143 317 1184 365 6,
1212 315 1338 367 122.)
1377 329 1455 356 non
1489 316 1668 355 dubitat..
1705 316 1757 356 At

209 397 330 434 quum
358 382 538 421 Horatius
565 381 663 419 mala
691 381 788 420 libro
817 386 997 420 eventura
1018 383 1294 434 praedixisset,
1323 384 1356 422 si
1384 383 1451 421 sibi
1477 384 1551 435 ipsi
1580 389 1756 424 constare

211 451 347 500 vellet,
376 463 503 500 neque
528 450 576 488 de
609 450 705 488 libro
734 450 782 488 ab
811 450 938 488 amicis
976 449 1166 501 legendo,
1201 464 1326 502 neque
1357 453 1552 492 recitando
1579 457 1757 504 tanquam

215 533 257 558 re
286 519 495 557 honorifica
522 518 692 568 cogitare
719 518 857 570 potuit.

327 587 374 624 V.
406 587 474 627 20.
505 587 570 628 21.
603 587 678 623 Me
706 585 890 624 libertino
909 607 964 614 -—
985 585 1170 637 loqueris.
1217 587 1304 625 Hoc
1322 588 1474 639 quidem
1492 588 1648 629 verbum
1667 602 1758 628 cave

212 655 432 706 Imperativi
458 654 734 704 significatione
763 655 838 692 dici
866 655 1021 704 credas,
1050 657 1112 705 qui
1143 667 1251 705 error
1276 667 1322 693 ex
1345 655 1428 695 loco
1447 656 1543 696 male
1567 657 1758 696 intellecto

213 723 399 770 manavit;
439 723 578 761 etenim
614 721 788 774 loqueris
823 736 901 761 non
928 723 1089 761 alienum
1118 727 1176 761 est
1204 722 1252 760 ab
1286 724 1598 763 antecedentibus
1633 725 1758 771 dices,

216 793 316 837 eris,
343 804 487 841 pasces
496 819 512 837 ,
538 791 713 842 fugies,
753 795 796 830 ut
831 793 1022 829 sententia
1050 791 1120 829 sit:
1159 794 1269 841 „tum
1307 796 1370 841 tu,
1405 793 1460 830 uti
1496 794 1759 842 magistrorum

214 873 298 898 mos
328 863 388 897 est
397 885 410 907 ‚
445 871 569 896 meam
605 859 721 896 vitam
761 858 954 896 enarrabis
970 859 1056 909 *).“
1104 858 1204 897 Hinc
1238 873 1372 911 parum
1411 865 1520 900 caute
1561 861 1757 900 oremus.-

215 927 283 978 „T
287 940 349 965 um
372 924 472 964 clare
499 926 638 976 dicito,
667 939 727 965 me
756 939 888 966 revera
902 926 977 979 (22)
1005 931 1115 978 patre
1142 927 1318 967 libertino
1336 932 1466 967 natum
1495 931 1625 968 esse.“
1652 931 1762 968 ’Lo-

214 994 368 1052 qaepdi
388 993 561 1044 verbum,
599 994 672 1032 nisi
698 998 757 1032 est
785 999 826 1033 ut
850 994 958 1045 Virg.
987 995 1083 1034 Aen.
1115 997 1154 1044 1,
1185 997 1282 1040 731.
1319 1002 1385 1036 aut
1414 997 1517 1037 Flor.
1547 997 1589 1047 4,
1623 999 1692 1049 10,
1722 1000 1760 1040 7-

211 1062 289 1115 (ib.
304 1059 448 1113 Duk.)‚
474 1074 551 1100 non
570 1062 652 1100 sine
671 1063 834 1112 quadam
853 1064 1094 1114 loquacitatis
1115 1065 1271 1102 notione
1291 1066 1375 1103 erit.
1415 1066 1566 1105 Etenim
1585 1074 1764 1106 senectae

219 1139 276 1169 est
303 1138 452 1169 natura
477 1129 680 1182 loquacior
707 1131 788 1170 Cic.
817 1132 902 1173 Cat.
924 1133 1013 1182 maj.
1042 1135 1108 1182 16,
1130 1132 1200 1182 55,
1232 1135 1269 1174 1.
1317 1133 1609 1174 Observandum
1636 1140 1764 1175 autem

220 1205 299 1250 est,
329 1212 428 1250 quae
457 1198 517 1236 hic
545 1198 729 1238 Horatius
753 1201 802 1238 de
827 1201 905 1238 suis
934 1200 1122 1239 natalibus
1141 1201 1316 1253 vitaeque
1335 1204 1483 1242 ratione
1499 1203 1636 1243 librum
1654 1218 1764 1244 suum

219 1270 259 1307 in
285 1280 451 1320 persona
481 1267 730 1318 ludimagistri
759 1273 997 1307 enarrantem
1026 1270 1139 1319 facit,
1168 1270 1258 1308 talia
1286 1270 1390 1322 ipsos
1420 1273 1629 1323 scriptores
1657 1273 1761 1312 libris

220 1350 244 1375 a
270 1350 313 1375 se
343 1337 491 1375 emissis
519 1337 706 1374 interdum
733 1337 939 1375 addidisse.
988 1338 1087 1376 Vide
1116 1337 1300 1376 Brouklz.
1330 1340 1381 1376 ad
1409 1340 1525 1391 Prop.
1551 1341 1591 1391 1,
1622 1342 1698 1390 22,
1720 1342 1761 1382 1·

221 1410 261 1445 et
293 1405 410 1457 Wag
387 1419 491 1444 aner.
521 1406 572 1443 ad
600 1405 703 1455 Virg.
734 1406 807 1444 Ge.
831 1403 874 1456 4,
901 1405 995 1447 559.
1048 1406 1295 1444 Imitationem
1321 1408 1671 1458 grammaticorum,
1699 1408 1764 1459 qui

223 1475 435 1513 scholarum
475 1486 626 1512 suarum
656 1474 705 1511 ab
735 1475 954 1512 enarrandis
992 1479 1192 1526 poetarum
1226 1474 1474 1526 legendorum
1504 1476 1591 1515 vitis
1617 1476 1766 1515 initium

222 1544 403 1593 fecerint,
433 1543 642 1581 rectissime
660 1543 777 1580 sentit
808 1542 1005 1589 Orellius,
1033 1555 1246 1594 quanquam
1272 1543 1430 1594 „infelix
1447 1546 1574 1596 operis
1592 1545 1766 1584 summ8.“

226 1612 440 1650 censendus
472 1615 546 1654 est.
594 1611 657 1649 Ad
685 1625 746 1652 vv.
780 1610 963 1650 libertino
991 1618 1133 1649 natum
1157 1618 1275 1662 patre
1305 1612 1407 1650 conf.
1436 1613 1574 1655 Heind.
1603 1613 1654 1651 ad
1680 1614 1766 1652 Sat.

228 1682 268 1729 1,
297 1681 339 1728 6,
365 1678 434 1720 46.
460 1680 529 1719 79.
555 1679 707 1718 Mitsch.
741 1684 780 1717 et
809 1680 991 1731 Doering.
1016 1681 1065 1718 ad
1093 1680 1170 1719 Od.
1191 1682 1231 1728 2,
1254 1681 1322 1730 20,
1342 1680 1381 1721 5.
1401 1681 1441 1728 3,
1460 1682 1530 1732 30,
1561 1682 1767 1724 10—12.

227 1769 283 1775 -—
308 1748 352 1784 in
379 1749 489 1784 tenui
515 1761 583 1793 re,
611 1752 666 1798 ut,
694 1749 736 1797 7,
766 1745 835 1788 54.
863 1750 975 1786 tenui
999 1763 1131 1786 censu.
1182 1748 1366 1799 Intelligit
1394 1756 1608 1799 paternum
1636 1735 1674 1786 et
1700 1749 1767 1788 Ia·-

227 1829 310 1853 rem
345 1822 381 1851 et
397 1816 585 1866 fimdum
619 1816 676 1866 (2,
706 1818 747 1866 2,
777 1816 851 1866 50)
880 1817 940 1855 vel
969 1831 1149 1855 macrum
1179 1818 1312 1867 patris
1337 1817 1518 1868 agellum
1545 1819 1627 1858 Sat.
1656 1819 1696 1868 1,
1724 1819 1767 1867 6,

229 1885 296 1925 71.
333 1883 445 1924 Conf.
480 1884 659 1921 Vis-conti
694 1885 868 1935 Iconogr.
895 1885 1004 1924 Rom.
1034 1885 1064 1923 I.
1092 1900 1131 1938 p.
1157 1885 1255 1926 390.
1294 1889 1334 1923 et
1365 1898 1461 1936 quos
1490 1886 1539 1925 de
1567 1886 1638 1925 hac
1666 1887 1768 1925 omni

342 2052 382 2102 *)
403 2056 522 2091 Daru:
564 2056 620 2099 „11
649 2068 687 2090 se
714 2062 799 2102 peut
819 2057 910 2091 faire
940 2056 1034 2091 aussi
1056 2068 1124 2102 que
1153 2062 1215 2092 ton
1243 2058 1360 2093 destin
1387 2057 1557 2106 t'appelle
1585 2060 1613 2095 A
1636 2058 1769 2095 vieillir

232 2117 318 2151 dans
334 2110 459 2149 l'ecole
482 2115 525 2148 οὺ
546 2113 580 2147 la
600 2114 767 2158 jeuuesse
783 2114 907 2160 epelle.
942 2114 1013 2158 La,
1034 2113 1199 2149 souviens
1216 2135 1264 2141 —
1285 2115 1337 2150 toi
1357 2116 1400 2150 de
1419 2117 1496 2151 dire
1511 2118 1600 2152 ates
1614 2116 1769 2152 lectenrs

232 2172 450 2207 nombreux“
467 2176 536 2205 etc.
568 2170 615 2205 W
615 2171 800 2205 alckenaer
818 2172 884 2216 (11.
906 2183 940 2216 p.
957 2167 1061 2218 138):
1083 2171 1258 2206 Pourtant
1273 2173 1304 2206 si
1318 2185 1383 2218 par
1398 2185 1442 2207 un
1457 2174 1573 2208 destin
1587 2178 1669 2220 trop
1684 2174 1770 2207 heu-

233 2242 320 2265 reux
338 2229 364 2262 il
382 2228 502 2263 arrive
521 2239 589 2274 que
609 2227 757 2273 quelque
780 2227 884 2262 vieux
905 2229 1028 2263 maitre
1051 2227 1188 2262 d’ecole
1209 2229 1272 2263 des
1304 2230 1498 2276 faubourgs
1527 2243 1567 2266 se
1592 2241 1698 2264 serve
1723 2230 1770 2265 de

234 2285 483 2331 l'orgueilleux
503 2285 641 2319 volume
667 2296 757 2330 pour
783 2290 939 2320 montrer
959 2286 979 2319 a
998 2283 1064 2319 lire
1089 2295 1157 2318 aux
1179 2286 1320 2331 enfans,
1345 2288 1439 2322 alors
1453 2307 1510 2314 --
1523 2287 1637 2332 quand
1657 2287 1692 2321 le
1711 2298 1769 2321 so·

234 2344 294 2378 leil
314 2344 423 2378 moins
444 2343 570 2377 ardent
590 2353 676 2377 aura
700 2342 899 2387 rapproche
919 2343 963 2378 de
981 2340 1034 2376 toi
1052 2352 1097 2375 un
1116 2341 1193 2388 plus
1216 2345 1331 2388 grand
1352 2345 1493 2379 nombre
1511 2345 1556 2378 de
1574 2349 1770 2389 personnes

235 2401 418 2446 disposees
440 2401 459 2433 a
479 2405 516 2433 te
537 2400 659 2445 preter
688 2397 859 2445 l’oreille,
890 2399 944 2434 dis
963 2419 1010 2424 —
1029 2398 1104 2432 leur
1129 2401 1222 2444 que“
1239 2406 1308 2434 etc.
1348 2400 1562 2446 Imperativo
1590 2405 1771 2435 nostrates

237 2469 396 2503 quoque,
423 2461 462 2491 ut
477 2456 694 2502 interpretes
720 2457 875 2500 Vossius,
897 2457 1069 2498 Scheller,
1093 2456 1270 2500 Giinther,
1292 2458 1328 2493 C.
1347 2457 1546 2501 Passovius,
1571 2458 1604 2492 J.
1622 2457 1770 2502 Merkel,

236 2514 480 2549 Doederlinius
499 2519 664 2555 utuntur,
691 2513 748 2547 hic
763 2513 918 2559 quidem:
947 2513 1141 2559 „Sarnmelt
1158 2513 1283 2548 einmal
1302 2514 1400 2548 mehr
1417 2515 1532 2548 Hiirer
1547 2525 1601 2548 um
1618 2515 1699 2549 dich
1714 2514 1772 2548 ein

237 2571 431 2605 kiihlender
457 2571 603 2618 Abend,
636 2570 755 2604 Melde
777 2571 937 2605 sodann“
961 2589 1009 2596 —
1036 2589 1092 2596 -—
1118 2569 1172 2603 Ad
1191 2571 1271 2605 illos
1293 2571 1432 2605 accedit
1456 2571 1628 2606 Diintzer.
1666 2570 1772 2612 Quod

239 2627 329 2661 idem
359 2628 403 2661 ad
425 2627 638 2662 enucleanda
664 2638 754 2674 quae
780 2632 975 2673 sequuntur
996 2626 1114 2662 addit:
1153 2627 1253 2670 „Der
1275 2627 1424 2662 Dichter
1449 2629 1528 2673 gibt
1549 2629 1626 2663 dem
1653 2627 1773 2662 Buche

240 2684 313 2716 sein
334 2685 411 2718 Bild
439 2684 501 2718 mit
516 2684 579 2718 auf
599 2685 665 2718 den
694 2685 804 2729 Weg,
828 2695 919 2729 ganz
940 2685 1034 2718 offen
1060 2683 1128 2718 und
1147 2683 1235 2730 frei,
1255 2683 1337 2718 weil
1356 2697 1396 2719 er
1420 2685 1545 2730 weiss,
1569 2685 1650 2719 dass
1675 2682 1773 2718 seina

241 2740 387 2773 G611nor
406 2742 474 2774 und
508 2742 670 2776 Freunde
699 2743 787 2775 auch
810 2753 896 2785 gern
924 2734 993 2775 v‘on
1022 2741 1090 2775 ihm
1121 2741 1190 2775 und
1216 2742 1336 2776 seinen
1357 2742 1623 2777 Verhiiltnissen
1647 2742 1773 2775 Etwas

243 2795 369 2829 wissen
400 2797 600 2840 1n60hten‚“
632 2810 695 2843 per
715 2811 753 2832 se
785 2798 923 2844 quidem
942 2809 1061 2832 verum
1083 2802 1156 2842 est,
1189 2799 1251 2833 sed
1280 2801 1393 2833 Poeta
1421 2799 1474 2833 sui
1504 2797 1613 2844 ipsius
1645 2805 1772 2831 memor

243 2853 447 2897 praecepti:
479 2854 552 2896 „sit
570 2854 710 2899 quidvis
730 2855 877 2900 simplex
897 2855 1069 2889 duntaxat
1085 2861 1123 2890 et
1142 2857 1282 2901 unum‚“
1302 2856 1384 2891 illud
1405 2855 1440 2889 in
1455 2854 1569 2890 aliena
1586 2854 1612 2889 i.
1629 2865 1661 2888 e.
1683 2851 1771 2886 ludi-

244 2907 401 2953 magistri
420 2920 572 2954 persona
593 2922 655 2946 suo
674 2911 766 2947 libro
786 2911 952 2959 imposita
971 2912 1070 2948 dicit.
