1910 3138
99 224 182 270 125

539 224 678 264 Llssm
707 224 734 262 1.
794 222 1053 263 EPISTOLA
1078 222 1174 262 XVI.

1533 220 1616 262 285

163 351 256 398 Sed
289 350 407 396 videt
437 350 550 396 hunc
584 353 719 396 omnis
754 349 905 395 domus
940 354 983 394 et
1014 352 1169 396 vicinia
1201 352 1294 396 tot!

160 430 395 476 Introrsum
426 432 620 490 turpem,
657 431 896 490 speciosum
932 431 1046 489 pelle
1080 429 1255 474 decora.
1312 446 1315 448 >
1562 430 1617 472 45

163 510 294 570 „Neo
327 507 485 554 furtum
521 507 604 554 feci
637 522 718 553 nec
751 507 908 569 fugi‚“
943 511 979 553 si
1014 509 1114 552 mihi
1149 508 1262 553 dicat
1383 511 1387 517 '

161 588 353 648 Semm,
395 589 542 634 Habes
576 589 781 649 pretium,
816 588 919 632 loris
955 602 1039 632 non
1078 590 1240 648 ureris,
1280 591 1372 646 ajo.

154 668 300 730 „Non
332 668 544 714 hominem
577 665 762 712 occidi.“
814 666 915 711 Non
948 681 1102 726 pasces
1135 669 1179 712 in
1215 681 1342 713 cruce
1379 680 1549 712 corvos.

163 746 311 808 „Sum
344 748 480 795 bonus
516 751 559 793 et
591 743 762 807 frugi-‘⁶
813 745 976 791 Renuit
1008 749 1259 808 negitatque
1292 746 1514 794 Sabellus·

94 893 276 929 Bellone.
291 893 315 928 1.
330 894 356 928 l.
374 912 422 918 —-
446 893 492 926 V.
504 890 564 928 44.
580 894 701 928 domus
715 893 835 928 omnis.

96 951 165 986 Ma.
185 950 306 985 Guelf.
326 952 360 985 2.
381 950 478 984 Mon.
495 963 526 984 e.
547 950 706 984 Ambros.
722 950 764 984 F.

151 1005 262 1042 v.45.
278 1008 484 1042 Into-orsum.
506 1005 593 1041 Mss.
610 1007 727 1040 Bentl.
744 1017 833 1040 omn.

95 1068 242 1109 praeter
262 1067 351 1097 tres.
375 1063 501 1096 Comb.
524 1074 615 1097 omn.
639 1062 765 1097 Oberl.
789 1063 833 1097 C.

96 1121 161 1154 Fe.
176 1119 312 1165 plurim.
323 1119 422 1154 Pott.
440 1131 531 1154 omn.
545 1121 599 1154 Ik.
614 1118 648 1154 5.
664 1120 697 1154 6.
719 1118 832 1154 Oreu.

96 1178 158 1211 Sc.
173 1175 295 1211 Guelf.
310 1187 402 1210 omn.
416 1175 535 1210 Berol.
552 1178 587 1212 2.
610 1176 711 1210 Saut.
729 1176 834 1210 Dess.

96 1243 187 1268 omn.
212 1231 322 1268 Goth.
337 1233 441 1267 Gott.
466 1234 499 1267 1.
530 1233 616 1278 Lps.
639 1234 673 1266 1.
696 1232 731 1267 3.
763 1232 834 1266 Ru·

95 1289 202 1324 dolet.
224 1289 337 1324 Dorv.
356 1290 391 1324 2.
415 1289 478 1333 (de
493 1289 604 1324 Corb.
621 1295 658 1323 et
674 1289 717 1324 de
733 1289 835 1325 Men-

94 1345 157 1381 oel.
171 1345 385 1392 non'liquet)
399 1345 498 1380 Mon.
512 1347 548 1380 b.
564 1346 601 1384 d.
617 1357 649 1381 e.
665 1347 691 1381 f.
705 1345 731 1380 i.
748 1345 772 1380 l.
789 1357 832 1380 ιιι.

95 1402 190 1439 vict.
204 1403 311 1437 Bern.
333 1402 379 1437 Ι).
397 1402 421 1435 f.
438 1403 485 1436 G.
510 1402 571 1448 (de
590 1395 753 1437 Ambros.
776 1403 835 1436 hic

94 1456 163 1493 non
185 1459 357 1503 constat).
395 1459 452 1493 lta
475 1459 551 1493 sine
572 1458 677 1493 dubio
693 1458 835 1504 plurimi

93 1515 179 1558 libri
206 1515 351 1550 aliorum
362 1540 372 1558 ,
412 1516 472 1560 qni
500 1522 540 1549 ut.
565 1516 688 1550 Lamb.
717 1515 827 1561 Cruq.

25 1596 37 1603 .
96 1571 205 1606 Torr.
232 1573 365 1608 Bersm.
387 1572 496 1606 tacite
510 1572 699 1606 introrsum
714 1571 835 1606 edide-

95 1633 190 1662 runt..
219 1628 312 1661 Edd.
333 1627 430 1673 vulg.
452 1627 575 1672 paucis
597 1627 757 1672 exceptis
775 1640 835 1662 us-

96 1695 165 1730 que
186 1684 231 1717 ad
245 1683 363 1718 Bentl.
392 1685 579 1719 1ntrorsus.
604 1684 690 1721 Mss.
717 1684 835 1721 Bentl.

97 1741 132 1775 3.
153 1738 189 1774 4.
211 1741 244 1775 6.
272 1739 398 1774 Oberl.
412 1740 457 1774 D.
482 1740 570 1774 Bad.
587 1742 620 1776 1.
643 1740 710 1774 Fe.
735 1743 773 1784 2,
797 1742 832 1775 d.

96 1796 141 1840 5,
162 1808 195 1830 a.
225 1796 278 1830 1k.
301 1799 334 1832 1.
353 1793 388 1831 4.
417 1795 532 1830 Orell.
554 1797 591 1832 b.
614 1802 653 1831 et
674 1809 765 1832 corr.
787 1798 832 1833 E.

96 1852 216 1887 Berol.
244 1854 277 1887 1.
305 1853 410 1886 Gott.
432 1854 466 1888 2.
490 1853 590 1898 Lips.
606 1855 640 1889 2.
669 1854 782 1888 Dorv.
798 1857 832 1890 1.

97 1909 196 1943 Mon.
220 1920 255 1942 a.
280 1921 312 1942 e.
337 1920 371 1953 g.
406 1908 511 1943 Bern.
536 1910 580 1946 E.
606 1910 651 1944 F.
679 1911 765 1955 [ωε.
789 1910 833 1945 Β.

96 1965 187 1999 enim
201 1979 257 1997 z
273 1965 336 1999 Or.
355 1965 388 2000 d.
404 1977 426 1999 a
438 1977 472 2000 v.
489 1967 547 2001 22.
575 1978 687 2012 usque
708 1968 755 2003 ad
776 1969 833 2011 17,

97 2021 154 2057 29.
179 2021 319 2067 deficit]
352 2021 445 2056 Edd.
469 2023 558 2057 ven.
582 2020 664 2058 477.
691 2026 749 2059 81.
774 2023 833 2060 85.

95 2076 177 2113 516.
195 2079 252 2114 20.
277 2079 387 2123 (teste
407 2079 558 2124 Cuning.
581 2079 640 2114 hic
660 2086 698 2114 et
717 2079 835 2115 Anim-

94 2134 177 2168 adv.
191 2146 222 2168 c.
235 2134 269 2169 8.
282 2147 316 2180 p.
324 2135 390 2179 76)
406 2135 522 2169 Bentl.
538 2136 599 2181 qui
612 2141 699 2171 rest.
716 2149 835 2183 quem—

98 2200 166 2235 que
187 2202 262 2235 seq.
292 2191 359 2228 Fe.
385 2191 514 2237 aliique
539 2204 598 2238 ap.
621 2192 701 2237 Fe„
729 2194 835 2228 etiam

48 2290 53 2294 .
96 2247 154 2286 lk.
175 2246 277 2281 Jahn.
301 2247 391 2284 Zeu.
415 2248 573 2283 Hoched.
596 2250 702 2284 Web.
732 2251 836 2285 Hunc

96 2313 250 2346 pronun.
274 2303 362 2338 Cod.
386 2304 533 2339 Mentel.
564 2306 660 2340 Idem
683 2308 775 2352 conj.
799 2311 837 2341 et

100 2363 227 2401 postea
250 2357 383 2403 aliquot
408 2372 489 2395 mss.
513 2361 685 2396 Parisinis
709 2363 833 2397 confir-

101 2417 225 2445 matum
241 2413 331 2447 vidit
344 2416 629 2452 Fermllauthal.
640 2419 686 2452 ad
697 2419 797 2453 Pers.
805 2419 835 2453 1.

99 2467 206 2511 (Lps.
225 2467 332 2511 1833)
353 2482 388 2514 p.
409 2472 443 2506 8.
466 2473 536 2506 Ed.
551 2473 708 2509 Meinek.
738 2476 835 2509 Con-

100 2528 159 2556 tra
173 2522 331 2567 disputat
346 2525 518 2570 Orellius,
534 2539 635 2572 quem
647 2531 744 2565 vide.
770 2531 835 2564 Ni-

101 2578 151 2613 hil
164 2583 279 2612 autem
297 2586 415 2623 agunt,
437 2583 496 2627 qui
509 2583 652 2620 romam
665 2587 836 2620 introrsus

99 2635 206 2669 alteri
220 2635 434 2680 praeferunt,
449 2649 505 2679 ne,
524 2644 564 2672 ut
577 2640 627 2674 ait
640 2642 834 2686 Bentlejus,

100 2691 172 2726 tria
198 2691 310 2726 verba
337 2690 501 2726 continua
523 2693 559 2727 iu
584 2697 727 2731 eandem
754 2698 835 2732 lite-

101 2758 175 2781 ram
190 2754 330 2782 exeant.
358 2748 406 2781 At
419 2747 504 2782 talia
518 2750 666 2794 optimos
684 2753 836 2798 scripto-

101 2813 160 2837 res
182 2815 250 2837 non
272 2815 397 2838 curare
418 2803 595 2839 docuimus
613 2806 657 2840 ad
676 2809 709 2850 2,
725 2810 781 2843 17.
797 2820 834 2853 p.

103 2860 183 2901 111,
212 2861 339 2905 quibus
364 2861 407 2894 de
427 2872 496 2895 non
512 2861 644 2895 evitato
660 2861 785 2898 liberae
802 2876 835 2897 m

102 2925 274 2950 concursu
285 2916 374 2951 addo
388 2919 489 2953 Cort.
504 2916 548 2952 ad
562 2917 693 2953 Lucan.
707 2915 742 2963 4,
752 2921 833 2955 778.

882 893 999 938 Quid,
1022 893 1054 927 si
1074 893 1222 928 Poetam
1243 893 1419 928 horridum
1441 893 1539 928 illum
1562 905 1620 928 so-

880 962 961 985 num
1000 950 1037 983 in
1073 949 1308 985 describenda
1338 962 1379 984 re
1414 949 1620 985 detestabili

880 1005 1098 1054 quaesivisse
1124 1006 1305 1042 dieamus?
1327 1027 1383 1033 —-
1406 1008 1531 1054 turpis,
1544 1019 1622 1054 epe-

878 1064 1000 1098 dom.
1022 1062 1121 1098 Mon.
1141 1064 1169 1098 i.
1194 1083 1249 1090 —
1268 1065 1362 1110 pelle
1380 1065 1533 1099 deeora?
1558 1062 1621 1098 Sic

879 1119 963 1155 dist.
978 1131 1042 1154 ms.
1058 1119 1123 1153 Fe.
1139 1121 1172 1163 2,
1187 1121 1223 1155 h.

935 1177 980 1211 V.
999 1173 1058 1211 46.
1086 1175 1162 1211 Nec
1169 1176 1246 1222 [οι-ι’
1250 1179 1407 1221 furtum.
1441 1176 1529 1210 Mss.
1552 1177 1619 1210 Fe.

878 1235 913 1277 6,
928 1245 960 1269 a.
975 1231 1012 1267 b.
1040 1233 1201 1268 Ambros.
1217 1233 1262 1267 F.
1277 1253 1332 1259 —
1354 1233 1532 1279 nonfugu'.
1547 1233 1618 1267 Mn.

878 1290 1003 1326 Comb.
1029 1290 1072 1324 B.
1101 1296 1139 1324 et
1166 1289 1288 1328 Guelf.
1318 1286 1353 1324 4.
1392 1301 1504 1334 neque
1517 1289 1620 1336 sugi-

878 1346 970 1381 Edd.
993 1346 1085 1380 Cun.
1109 1347 1195 1381 San.
1218 1346 1336 1381 Merv.
1360 1345 1490 1381 Franc.
1512 1346 1619 1381 Bask.

877 1402 1025 1448 Dorigh.
1052 1402 1148 1439 Sivr.
1175 1403 1279 1437 Conf.
1301 1408 1420 1438 annot.
1446 1403 1492 1437 nd
1510 1403 1546 1446 7,
1560 1399 1621 1438 42.

878 1465 915 1494 et
930 1460 1088 1494 Seebod.
1101 1459 1284 1502 ‚,Archiv“
1300 1459 1403 1495 1832.
1418 1471 1455 1505 p.
1469 1457 1552 1495 462.
1566 1477 1622 1485 -—-

878 1516 983 1551 dicat.
1013 1516 1102 1550 Mss.
1131 1517 1254 1559 (etiam
1277 1517 1347 1550 duo
1371 1528 1429 1562 ap.
1451 1517 1554 1550 Cort.
1576 1515 1622 1549 ad

879 1573 1013 1608 Lucan.
1040 1574 1079 1615 2,
1103 1570 1202 1616 457.)
1232 1578 1270 1607 et
1294 1573 1376 1607 edd.
1407 1573 1502 1618 vulg.
1529 1571 1622 1607 dicit.

879 1628 966 1664 Mss.
981 1630 1116 1663 Bersm.
1132 1635 1222 1664 tres.
1237 1630 1355 1664 Bentl.
1379 1630 1413 1664 6.
1430 1627 1467 1665 4.
1492 1635 1530 1663 et
1550 1627 1620 1663 duo

880 1685 925 1719 al.
943 1685 1068 1719 Oberl.
1087 1686 1130 1719 C.
1147 1687 1190 1720 D.
1214 1687 1267 1720 Ik.
1284 1688 1317 1720 1.
1343 1687 1444 1720 Pott.
1459 1685 1515 1721 15.
1531 1686 1622 1720 San·

878 1748 952 1776 ten.
968 1743 1073 1776 Desa.
1090 1743 1122 1777 1.
1142 1743 1243 1777 Mon.
1258 1742 1283 1776 i.
1299 1742 1410 1778 Dorv.
1426 1745 1461 1778 2.
1481 1743 1570 1789 Lps.
1585 1742 1621 1779 2.

879 1800 920 1844 (a
935 1801 968 1834 1.
985 1798 1052 1842 m.)
1074 1799 1169 1834 Edd.
1186 1799 1304 1835 Bentl.
1325 1796 1405 1848 (qui
1418 1799 1510 1843 def.)
1530 1799 1620 1833 cun.

879 1856 966 1890 San.
993 1855 1111 1889 Merv.
1141 1856 1270 1891 Franc.
1296 1856 1404 1891 Bask.
1427 1857 1525 1891 Sivr.
1550 1856 1623 1890 Do-

876 1912 970 1958 righ.
989 1911 1138 1946 Haberf.
1158 1913 1301 1947 Wakef.
1321 1914 1438 1948 Wetz.
1458 1912 1622 1948 Praedic.

878 1969 1035 2003 Meinek.
1059 1974 1096 2003 et
1119 1981 1280 2016 anonym.
1306 1971 1409 2015 Traj.
1437 1970 1482 2004 ad
1506 1970 1620 2002 Rhen.

877 2025 960 2060 713.
998 2025 1068 2069 [De
1097 2025 1163 2061 hac
1191 2027 1472 2062 enunciationum
1501 2024 1622 2059 eondi—

877 2082 1059 2116 tionalium
1080 2083 1193 2117 forma
1213 2083 1285 2118 vid.
1309 2084 1417 2118 Seeb.
1434 2081 1621 2126 „Archiv“

878 2139 903 2173 1.
920 2138 943 2173 1.
960 2151 997 2184 p.
1012 2137 1111 2184 463]
1127 2140 1215 2174 «ticet
1229 2140 1299 2173 Μ..
1316 2139 1433 2173 nentl.
1444 2139 1479 2173 7.
1497 2136 1618 2171 Guelf.

878 2193 913 2229 4.
930 2196 1035 2228 Dess.
1052 2197 1086 2230 2.
1104 2196 1266 2229 Ambros.
1281 2197 1322 2230 C.
1340 2214 1388 2220 —-
1416 2194 1460 2228 V.
1476 2191 1535 2228 47.
1555 2193 1623 2226 ho-

878 2253 972 2285 bens.
998 2251 1067 2285 Με.
1091 2253 1197 2286 Bern.
1223 2252 1250 2285 f.
1280 2252 1379 2285 Mon.
1402 2250 1437 2286 h.
1468 2268 1519 2275 -—
1550 2259 1623 2283 non

880 2307 975 2341 loris.
990 2307 1061 2341 Ms.
1078 2307 1200 2345 Comb.
1214 2307 1257 2341 B.
1273 2307 1339 2340 Fe.
1355 2308 1389 2349 6,
1405 2306 1485 2340 a.b.
1499 2304 1622 2343 Guelf.

880 2365 913 2398 2.
943 2362 1051 2397 Bem.
1078 2363 1121 2398 F.
1160 2363 1321 2397 Ambros.
1347 2362 1396 2396 H.
1432 2373 1496 2395 nec
1527 2360 1621 2396 lor-3⁸.

879 2418 949 2453 MS.
971 2418 1106 2453 Bersm.
1122 2430 1180 2454 un.
1204 2438 1262 2445 —
1284 2418 1403 2453 uteris.
1427 2417 1498 2452 ΜΒ.
1512 2416 1567 2452 Ik.
1582 2411 1619 2452 4.

880 2474 1000 2508 Guelf.
1025 2473 1060 2508 4.
1098 2475 1202 2509 Dess.
1227 2477 1260 2509 1.
1284 2474 1319 2508 3.
1349 2473 1497 2508 Santen.
1525 2473 1620 2508 Edd.

878 2530 969 2568 Ven,
996 2527 1078 2565 479.
1102 2531 1160 2565 83.
1182 2532 1238 2565 86.
1274 2530 1373 2564 Flor.
1399 2526 1481 2565 482.
1508 2529 1619 2565 Loeh.

877 2583 959 2620 498.
988 2584 1087 2631 Lips.
1108 2583 1177 2621 492
1203 2585 1323 2630 [uteris
1346 2586 1480 2630 nabao}
1502 2587 1566 2621 sed
1581 2586 1620 2621 in

878 2641 1028 2685 rasura].

935 2697 979 2731 V.
1002 2694 1060 2732 48.
1087 2697 1211 2742 pascis.
1234 2697 1332 2732 Mon.
1356 2709 1392 2743 g.
1417 2698 1617 2745 (suprascr.

879 2752 910 2795 i)
925 2764 970 2786 m.
990 2771 1046 2777 —
1066 2764 1220 2787 coruum.
1235 2752 1342 2789 Bern.
1358 2754 1403 2790 D.
1421 2773 1478 2781 —
1497 2756 1543 2791 V.
1557 2752 1616 2792 49.

882 2819 923 2841 ae
940 2808 1062 2854 frugi.
1100 2808 1193 2844 Edd.
1223 2809 1293 2855 nlq,
1323 2816 1415 2845 vett.
1443 2822 1500 2857 ep.
1526 2812 1615 2854 Fe.;

881 2862 970 2897 Cun.
1001 2864 1087 2899 San.
1117 2865 1234 2902 Merv.
1261 2867 1391 2902 Frnnc.
1423 2868 1532 2904 nuk.
1564 2888 1613 2895 —

879 2920 1094 2966 negitatque.
1122 2921 1191 2958 Mn.
1214 2923 1325 2970 cmq.
1351 2927 1367 2960 1
1381 2951 1391 2969 ,
1412 2936 1470 2962 un.
1498 2926 1616 2961 Bentl.
