1910 3138
288 209 371 252 536
433 208 714 250 COMMENT.
741 207 797 248 IN
825 208 949 249 HOR.
978 209 1075 249 LIB.
1099 210 1127 249 1.
1171 210 1337 252 EP1ST.
1365 212 1662 252 VICESIMAM.
1739 215 1818 256 188

287 326 403 365 ratius
440 324 639 373 imaginem
675 321 896 360 sollemnem
933 322 1188 374 expresserit?
1243 323 1331 363 Huc
1367 326 1536 375 accedit,
1575 326 1676 377 quod
1714 330 1820 364 aetas

285 392 439 445 puerilis
476 391 620 430 alienae
660 391 697 428 vi
724 391 883 429 maxime
912 392 994 430 τῶν
1030 388 1392 442 παιδομανούντων
1427 393 1586 431 obnoxia
1622 394 1658 431 in
1687 393 1820 444 vulgus

286 461 429 499 eredita
454 461 533 506 est,
575 462 809 510 quapropter
837 459 964 511 pueris
994 458 1077 497 sine
1106 460 1323 498 custodibus
1359 461 1461 499 exire
1488 474 1564 499 non
1590 460 1713 511 licuit,
1743 461 1819 502 vid.

286 527 450 567 Casaub.
478 527 528 564 ad
557 526 665 564 Pers.
695 526 735 574 5,
765 527 835 567 30.
866 530 904 565 et
932 526 1068 565 Heind.
1097 528 1147 565 ad
1175 528 1258 566 Sat.
1289 529 1327 577 1,
1359 530 1400 577 6,
1431 530 1497 570 81.
1535 528 1630 567 Hinc
1658 528 1821 580 explica·

285 596 343 633 bis
368 594 515 632 anxiam
544 593 646 632 illam
667 595 874 645 rationem,
904 607 979 646 qua
1002 593 1123 632 Poeta
1148 594 1426 633 dissimulanter
1454 595 1550 633 libro
1579 609 1647 634 suo
1675 597 1821 647 praeci·

283 662 361 714 pit,
392 665 434 699 ut
463 662 563 699 domi
591 675 634 700 se
662 663 864 703 contineat.
917 662 1058 701 Cetera
1081 663 1118 700 in
1146 666 1322 714 promptu
1351 665 1452 701 sunt.
1495 662 1669 701 Observa
1696 667 1821 701 autem

286 734 485 783 poetarum
505 742 668 780 morem,
697 741 789 769 suos
813 729 873 768 vel
899 730 1017 768 libros
1045 729 1103 768 vel
1135 730 1283 781 singula
1303 732 1466 768 carmina
1493 730 1707 782 alloquendi
1737 731 1822 769 offi-

286 796 411 848 ciique
434 797 662 836 admonendi
687 802 730 836 ut
758 797 896 837 Catull.
917 798 988 848 85,
1010 800 1049 841 2.
1080 797 1194 836 Ovid.
1217 798 1337 837 Trist.
1361 800 1400 850 1,
1431 800 1466 840 1.
1495 799 1538 849 3,
1567 800 1607 839 7.
1636 811 1682 837 ex
1712 798 1822 836 Pont.

286 863 330 914 4,
360 865 400 906 5.
430 865 527 903 Stat.
555 865 648 903 Silv.
675 864 718 916 4,
747 864 788 906 4.
816 865 928 905 Mart.
956 867 996 916 1,
1026 864 1069 907 4.
1098 868 1140 917 2,
1171 868 1207 909 1.
1237 866 1280 918 3,
1310 868 1348 909 2.
1378 865 1419 908 4.
1449 867 1488 909 5.
1525 865 1567 918 4,
1595 867 1662 907 91.
1686 868 1728 916 7,
1751 867 1819 907 97.

284 933 327 982 8,
358 934 397 974 1.
427 934 497 974 72.
527 934 569 982 9,
598 934 695 984 100,
725 933 751 974 5
774 947 862 985 sqq.
895 934 963 984 10,
986 932 1078 975 104.
1107 936 1175 985 11,
1203 937 1241 977 1.
1274 936 1340 985 12,
1370 934 1410 976 3.
1438 934 1582 973 Auson.
1610 928 1733 987 Epist.
1755 936 1822 976 16.

285 1003 326 1038 et
352 1000 485 1052 Epigr.
513 999 582 1041 39.
623 1000 807 1053 Exempla
833 1001 1056 1053 posterioris
1082 1003 1214 1041 aetatis
1241 1003 1460 1055 suppeditat
1491 1004 1750 1041 Burmannus
1773 1002 1822 1040 ad

283 1066 435 1107 Lotich.
462 1069 488 1109 l.
518 1068 544 1106 l.
573 1082 612 1120 p.
636 1067 734 1110 364.
790 1069 1016 1121 Exemplum
1049 1074 1174 1109 autem
1204 1070 1290 1108 libri
1323 1071 1484 1110 Romam
1510 1070 1615 1109 missi
1651 1074 1690 1109 et
1718 1082 1823 1108 suam

285 1140 428 1175 sortem
457 1139 645 1176 narrantis
673 1137 792 1176 habes
818 1138 921 1190 apud
950 1138 1063 1176 Ovid.
1094 1138 1213 1179 Trist.
1241 1139 1283 1189 3,
1314 1140 1353 1179 1.

397 1203 458 1243 De
481 1208 653 1257 tempore
681 1206 847 1258 scriptae
874 1206 1096 1257 Epistolae,
1136 1207 1260 1257 quod,
1294 1206 1326 1244 si
1354 1218 1416 1246 vv.
1454 1206 1520 1246 27.
1550 1206 1618 1247 28.
1655 1209 1822 1258 spectes,

285 1270 337 1309 ad
363 1283 503 1310 annum
530 1272 628 1314 733.
665 1273 803 1325 respici
835 1273 975 1312 multis·
990 1274 1108 1312 visum
1137 1278 1221 1324 est,
1252 1273 1350 1312 infra
1382 1273 1420 1311 in
1448 1272 1611 1325 Epilogo
1644 1274 1824 1312 dicemus.

284 1339 514 1391 Singulatim
538 1340 748 1392 Epistolam
775 1342 814 1379 in
842 1342 1008 1393 patrium
1043 1355 1254 1381 sermonem
1289 1341 1402 1380 vertit
1430 1339 1712 1379 Doederlinius
1722 1369 1740 1388 ,
1773 1340 1823 1380 V.

286 1407 371 1459 CL,
400 1409 440 1447 in
465 1409 630 1459 „Reden
663 1410 741 1447 und
767 1407 908 1447 Aufs.“
938 1423 977 1461 p.
1009 1410 1104 1451 293.
1137 1409 1294 1460 Frigide
1329 1409 1528 1448 Horatium
1563 1411 1728 1448 imitatus
1764 1398 1848 1448 estv

286 1475 526 1513 Boileavius
555 1477 704 1528 Des-pr.
737 1478 775 1515 in
804 1476 925 1529 Epist.
951 1477 1000 1515 X.
1028 1490 1067 1529 p.
1094 1479 1189 1519 176.
1219 1477 1250 1516 l.
1280 1477 1341 1516 ed.
1367 1476 1489 1516 Paris.
1517 1490 1606 1516 aun.
1629 1478 1670 1518 7.

399 1544 446 1585 V.
475 1546 498 1585 1
521 1566 577 1574 -
597 1544 636 1585 4.
677 1543 895 1595 „Alloeutio
919 1544 1024 1596 libri,
1051 1545 1115 1596 qui
1143 1546 1196 1584 uti
1223 1546 1323 1585 filius
1354 1545 1484 1598 (puer)
1514 1559 1537 1585 e
1563 1545 1685 1597 patria
1707 1545 1821 1582 domo

287 1611 323 1649 in
346 1611 534 1663 publicum
562 1613 716 1664 prodire
744 1612 904 1662 gestit.“
962 1614 1037 1660 Qui
1067 1613 1213 1652 libram
1241 1614 1390 1666 dilogos
1419 1615 1468 1653 de
1495 1626 1571 1652 uno
1599 1612 1676 1651 filio
1700 1611 1823 1651 filiave

287 1679 363 1717 dici
386 1681 608 1732 opinantur,
636 1680 777 1719 habent
805 1694 879 1732 quo
904 1681 1131 1731 singularem
1154 1695 1350 1721 numerum
1373 1685 1572 1733 tueantur,
1599 1686 1642 1720 ut
1666 1681 1824 1726 Quintil.

287 1746 396 1785 Decl.
425 1750 465 1797 2,
495 1749 535 1789 8.
582 1747 722 1785 Liberi
757 1763 807 1787 ac
837 1751 1018 1800 parenti-s
1055 1764 1136 1787 non
1170 1751 1276 1788 alius
1311 1749 1413 1788 mihi
1441 1749 1599 1788 videtur
1633 1750 1822 1802 affectus,

287 1828 412 1866 quam
444 1819 517 1854 etc.
577 1816 689 1857 Conf.
730 1817 842 1855 Voss.
880 1818 928 1855 ad
969 1817 1086 1856 Arist.
1128 1818 1158 1857 I.
1195 1833 1234 1870 p·
1269 1817 1365 1860 477.
1402 1821 1442 1856 et
1477 1831 1572 1868 quos
1609 1816 1662 1855 ibi
1695 1817 1825 1855 laudat

287 1882 501 1932 Foertsch.‚
531 1884 666 1934 quibus
697 1897 796 1922 nunc
832 1885 930 1923 adde
956 1886 1168 1924 Heumanni
1202 1886 1456 1936 „Handlexic.
1492 1898 1577 1924 zum
1605 1885 1723 1936 Corp.
1747 1885 1822 1935 jur.

290 1951 360 1991 civ.
390 1963 422 1988 s.
448 1964 484 1988 v.
515 1965 554 2002 p.
572 1952 669 1993 311.
703 1950 969 2004 Spectandi*)
998 1954 1151 1992 verbum
1177 1954 1237 1992 hic
1262 1955 1455 1993 notionem
1483 1953 1543 1992 vel
1572 1953 1823 2006 exspectatio-

289 2113 445 2158 Propter
459 2112 606 2146 eandem
623 2123 695 2146 rem
715 2112 910 2158 scriptores
928 2113 1132 2159 parentibus
1148 2118 1393 2159 comparantur
1412 2119 1452 2148 ut
1471 2113 1579 2149 Ovid.
1600 2112 1716 2148 Trist.
1736 2113 1767 2156 1,
1789 2113 1822 2155 1,

288 2167 347 2205 45.
367 2169 397 2204 si
413 2180 483 2214 qua
501 2174 551 2204 est
565 2169 627 2205 tibi
646 2181 734 2204 cura
749 2169 918 2215 parentis.
954 2170 1010 2205 Id.
1028 2172 1061 2211 1,
1077 2170 1110 2212 7,
1129 2170 1188 2205 35.
1213 2172 1307 2205 Orba
1318 2176 1469 2217 parente
1483 2182 1547 2206 suo
1561 2189 1618 2195 —-
1630 2168 1822 2204 volumina.

288 2226 342 2261 Id.
365 2226 401 2270 3,
421 2228 454 2270 1,
474 2224 533 2261 57.
563 2231 685 2260 nostro
703 2227 850 2272 placata
866 2227 1018 2272 parenti.
1050 2226 1138 2261 lbid.
1157 2227 1193 2269 3,
1213 2229 1243 2271 1,
1263 2229 1322 2263 66.
1343 2239 1387 2261 ex
1407 2228 1512 2264 Pont.
1528 2224 1564 2270 4,
1577 2224 1612 2270 5,
1628 2226 1686 2261 29.
1715 2225 1823 2268 Quia-

289 2295 356 2328 que
371 2294 503 2328 parens
521 2288 634 2317 vester
652 2295 773 2329 agam.
805 2282 913 2317 Mart.
933 2285 987 2328 10,
1005 2280 1084 2327 104,
1103 2281 1159 2318 14.
1183 2283 1236 2319 15.
1259 2285 1419 2319 Secessus
1429 2284 1542 2330 pretio
1559 2286 1663 2328 paret
1675 2280 1820 2323 salubri,

291 2341 361 2384 Qui
377 2340 522 2386 pigrum
530 2340 674 2384 saciant
691 2345 792 2374 tuum
810 2345 1005 2385 parentem.
1048 2339 1210 2375 Imitatur
1234 2344 1373 2375 veteres
1398 2338 1676 2385 elegantissimus
1694 2338 1821 2384 Petrus

290 2396 465 2431 Lotichius
486 2396 590 2441 Eleg.
615 2395 649 2439 5,
675 2397 732 2440 17,
754 2396 811 2432 13.
831 2396 886 2431 ed.
908 2397 1025 2432 Burm.
1044 2396 1120 2432 sive
1135 2396 1169 2442 5,
1185 2394 1244 2441 34,
1267 2398 1322 2432 13.
1343 2398 1400 2432 ed.
1418 2396 1594 2433 Friedem.
1614 2396 1713 2440 (suos
1731 2393 1820 2429 allo-

289 2464 399 2498 quens
428 2453 588 2500 elegos):
626 2454 740 2499 Saepe
762 2459 867 2499 pater
888 2460 1060 2499 metuens,
1086 2466 1170 2497 σαν,
1196 2454 1326 2498 inquit,
1355 2453 1449 2488 abire
1473 2451 1631 2499 paratis?
1666 2450 1820 2497 Hospitio

280 2514 397 2554 sessos
418 2509 478 2554 qui
492 2511 613 2553 juvet,
632 2510 745 2554 ecquis
763 2510 854 2545 erit?
891 2511 969 2544 Huc
991 2511 1095 2555 facit,
1116 2510 1208 2556 quod
1232 2510 1324 2555 apud
1345 2510 1528 2544 Platonem
1556 2508 1601 2543 de
1623 2508 1712 2554 Rep.
1733 2509 1766 2551 1,
1783 2503 1819 2541 4.

290 2568 343 2613 (p.
358 2568 415 2602 18.
439 2566 587 2610 Stallb.)
603 2571 732 2611 poetae
746 2577 810 2601 sua
833 2566 986 2602 carmina
1004 2569 1058 2603 uti
1072 2569 1194 2602 liberos
1207 2578 1324 2601 amare
1345 2567 1519 2602 dicuntur.

403 2631 441 2677 ¹⁴¹)
456 2633 551 2668 Mire
565 2632 600 2667 in
616 2635 683 2669 hoc
695 2636 805 2669 verbo
825 2634 916 2669 ludit
935 2634 1111 2680 Cruquius
1124 2660 1134 2678 ,
1154 2645 1256 2681 quum
1271 2634 1451 2680 auguralia
1466 2631 1659 2678 significari
1676 2630 1822 2676 conjicit

292 2694 329 2722 et
349 2689 589 2735 Epistularum
610 2691 737 2725 librum
756 2692 822 2725 hos
847 2703 963 2726 rerum
983 2691 1295 2726 commutandarum
1319 2692 1435 2735 Deos,
1460 2691 1682 2725 Vertumnum
1702 2691 1741 2721 et
1759 2687 1819 2722 Ja-

293 2756 371 2779 num
382 2771 390 2787 ,
415 2752 581 2792 spectare
597 2747 703 2792 dicit,
725 2753 765 2782 ut
779 2747 868 2793 ipsis
883 2748 983 2794 quasi
998 2748 1164 2794 propitiis
1179 2747 1334 2782 feliciter
1355 2752 1461 2783 exeat
1474 2748 1511 2782 in
1526 2748 1653 2788 lucem,
1677 2742 1732 2778 cui
1745 2743 1821 2777 Ho-

292 2801 403 2835 ratius
418 2806 579 2849 tanquam
590 2805 649 2849 jus
666 2816 764 2839 omne
781 2804 1014 2850 auspiciorum
1039 2805 1168 2840 habens
1185 2804 1340 2852 pericula
1359 2805 1544 2839 obnuntiet
1566 2811 1709 2845 eumque
1725 2799 1817 2843 apud

292 2869 330 2890 se
350 2858 481 2892 habere
497 2861 652 2895 studeat.
686 2861 733 2895 At
747 2862 861 2896 Poeta
880 2861 945 2897 hoc
965 2873 1066 2896 unum
1086 2862 1179 2896 vult:
1203 2861 1363 2907 „videris
1377 2860 1471 2904 mihi,
1494 2860 1594 2902 liber,
1615 2858 1659 2892 ad
1676 2854 1817 2901 publica

291 2912 350 2947 illa
365 2913 442 2949 loca
454 2916 571 2950 oculos
587 2917 764 2962 conjicere
778 2928 820 2953 ac
832 2923 998 2964 torquere
1007 2946 1017 2964 ‚
1034 2924 1073 2954 ut
1086 2919 1136 2954 ibi
1150 2918 1286 2954 venalis
1299 2917 1486 2964 exponaris
1498 2915 1677 2951 Sosiorum
1688 2911 1816 2946 biblio-
