1910 3138
76 178 83 183 '
106 175 164 218 97
206 173 487 216 COOENT.
505 175 563 215 IN
581 175 706 214 Hon.
733 173 834 212 LlB.
856 173 887 213 1.
915 171 1086 212 EPIST.
1100 171 1508 213 DUODEvlcESIM.
1548 168 1635 211 445

106 287 255 328 mundo
277 289 467 327 tet-»ninus
483 286 656 334 obstitit,
683 288 812 324 Hunc
839 293 982 338 tangat
1000 288 1135 324 armis.
1176 286 1236 325 Id.
1257 284 1300 337 4,
1325 285 1392 336 15,
1416 282 1470 327 14
1485 307 1542 314 —-
1566 284 1632 326 16.

107 356 155 398 C.
182 357 226 396 S.
251 356 307 399 61
337 356 409 410 (ib.
431 355 615 406 Mitsch.).
661 354 777 407 Prop.
807 355 855 405 2,
885 357 912 396 8
938 353 1051 405 (10),
1078 356 1144 396 21.
1186 355 1242 392 Et
1273 354 1312 391 εἰ
1337 365 1419 404 qua
1456 352 1635 390 extremis

107 422 226 462 tellas
249 437 292 462 ce
325 423 525 462 subtrahit
552 424 656 470 ori-53
694 423 851 460 Sentiat
877 421 953 459 illa
982 429 1072 460 tuas
1095 421 1301 473 postmodo
1325 427 1445 472 capta
1472 433 1630 458 manus.

107 490 223 529 Ovid.
249 490 296 530 A.
325 492 372 530 Δ.
403 493 443 541 1,
473 493 566 532 177.
602 492 650 528 de
677 495 782 531 certa
812 491 962 540 quidem
987 490 1025 527 in
1044 490 1227 528 orientem
1245 489 1500 540 expeditione:
1531 487 1636 526 Ecce

100 565 229 608 pam!
267 559 414 597 Caesar
447 558 593 595 domito
627 557 738 609 quod
773 557 902 608 defuit
937 556 1023 594 orbi
1051 556 1207 595 addere.
1266 555 1381 594 Conf.
1418 555 1549 596 Bam.
1585 557 1633 595 ad

106 625 225 678 Prop.
243 627 286 677 3,
306 627 348 677 8,
369 628 392 668 1
415 649 473 655 -
498 628 538 667 6.
567 626 683 666 Bach.
703 626 753 663 ad
776 624 864 663 Tib.
896 628 936 673 2,
965 625 1005 674 5,
1035 624 1090 666 57
1107 647 1164 654 —-
1183 624 1251 666 59.
1279 623 1436 674 Forbig.
1462 624 1511 661 ad
1528 623 1633 675 Virg.

105 691 201 732 Aen.
225 695 265 744 1,
295 695 391 736 287.
430 693 504 732 Dio
529 693 638 734 Cass,
660 693 729 742 54,
752 695 791 733 8.
814 692 853 732 9.
894 692 984 730 Illud
1014 694 1053 730 εἰ
1077 692 1178 744 quid
1202 690 1312 728 abest
1337 690 1378 740 (a
1397 691 1635 729 Britannico

106 774 305 813 perperam
329 762 571 813 explicatum:
605 762 667 810 „si
686 761 778 811 quid
795 762 972 799 amissum
995 760 1102 812 est“)
1130 759 1364 806 Bemlejus,
1390 758 1635 806 Schmidiue,

114 828 289 874 Orelliue
323 828 605 879 angustioribus
642 828 810 866 terminis
845 827 1081 866 includentes
1116 827 1331 865 Armeniam
1366 827 1500 865 eodem
1535 839 1636 865 anno

107 894 284 935 Artaxiae
317 897 532 947 ademptam
566 901 606 934 et
633 896 789 946 Tigrani
819 896 994 933 traditam
1024 895 1085 933 hic
1115 894 1316 947 significari
1353 895 1513 933 credunt
1550 894 1635 933 coll.

110 965 179 1013 12,
201 965 269 1006 27.
296 962 420 1002 Trist.
450 964 490 1010 2,
521 964 603 1004 227
631 975 716 1013 sqq.
760 964 833 1008 Qui
858 963 989 1011 refixit
1011 967 1183 1010 tuentur,
1212 962 1238 999 ii
1258 963 1453 1000 maximam
1477 967 1636 1014 partem,

106 1035 152 1070 ut
182 1030 378 1068 Zure-kim
389 1059 405 1077 ,
444 1029 637 1068 Tiberium
665 1035 704 1068 et
732 1030 898 1069 Drusum
930 1035 1064 1069 contra
1091 1029 1307 1067 Pannonios
1339 1043 1384 1068 ac
1417 1029 1635 1068 Sicambros

109 1103 188 1137 tum
214 1099 354 1137 missos
383 1110 470 1137 esse
498 1097 569 1135 sibi
595 1099 838 1148 persuadent.
891 1098 1110 1150 speciosius
1138 1101 1264 1135 autem
1293 1110 1402 1148 quam
1430 1099 1556 1136 verius
1590 1112 1636 1137 ex

106 1166 262 1205 notione
290 1178 327 1203 v.
355 1164 623 1214 adjudicandi
656 1167 704 1204 de
741 1165 876 1204 finibus
912 1165 1186 1204 constituendis
1225 1164 1395 1203 sollemni
1427 1165 1637 1214 Bentlejus

107 1234 218 1272 ωνίε
241 1233 442 1283 legendum
469 1234 632 1283 censuit,
660 1234 964 1284 quandoquidem
982 1233 1115 1285 fundo
1137 1234 1257 1284 magis
1278 1233 1364 1272 coll.
1384 1232 1473 1283 Dig.
1501 1234 1569 1283 10,
1596 1235 1635 1275 1.

106 1314 219 1352 quam
231 1313 422 1352 personae
444 1301 651 1351 adjudicari
678 1302 772 1340 fines
784 1302 822 1350 *)
850 1301 1161 1352 intelligerentur.
1208 1300 1259 1338 At
1283 1314 1353 1338 suo
1383 1313 1426 1338 se
1449 1300 1635 1351 jugulavit

106 1369 232 1421 gladio
257 1369 323 1407 Vir
345 1369 598 1407 doctissimus.
636 1367 783 1406 Etenim
811 1369 890 1406 Cic.
919 1369 1032 1406 Offic.
1066 1371 1106 1418 1,
1130 1369 1197 1417 10,
1219 1368 1288 1408 33.
1319 1367 1517 1420 quicquid
1539 1368 1634 1406 reli-

107 1424 179 1488 ffl
202 1436 279 1474 soli
293 1435 411 1487 suit,
441 1436 595 1486 populo
624 1436 809 1473 Romano
834 1437 1097 1484 adjudicavit.
1149 1436 1207 1473 Id.
1230 1435 1365 1485 Agr-ar.
1398 1438 1438 1485 2,
1469 1437 1537 1486 22,
1564 1437 1632 1478 58.

107 1505 215 1543 Suet.
254 1503 390 1541 Octav.
427 1504 519 1553 32„
554 1504 628 1542 alia
661 1504 835 1543 Reund.
871 1504 999 1543 Lexic.
1029 1517 1061 1543 s.
1093 1503 1130 1544 h.
1162 1517 1197 1542 v.
1235 1504 1372 1554 Neque
1406 1503 1539 1542 melius
1571 1515 1634 1541 res

107 1572 224 1610 cessit
249 1570 497 1623 Haberfeldo
529 1576 568 1610 et
594 1572 813 1622 Doeringzb
841 1571 996 1610 verbum
1023 1571 1141 1609 Italis·
1175 1585 1245 1622 pro
1272 1570 1412 1609 Dativo
1442 1576 1483 1609 et
1510 1572 1636 1608 ezr-mis

106 1652 179 1691 pro
201 1638 374 1676 Ablativo
401 1639 693 1690 accipientibus,
720 1643 764 1676 ut
786 1640 854 1678 sit:
883 1652 1098 1690 „armorum
1124 1640 1162 1676 vi
1188 1651 1323 1691 parere
1345 1638 1453 1688 jubet
1480 1638 1633 1690 (Ιίαὶἱδ)

107 1707 279 1745 Romano
316 1705 527 1757 imperio-‘⁶
576 1706 693 1744 *Immo
727 1709 852 1745 armis
886 1708 1029 1753 Italae,
1067 1712 1333 1758 praeterquam
1365 1708 1468 1757 quod
1504 1708 1634 1745 miram

109 1774 383 1811 contrariorum
421 1774 496 1811 vim
524 1773 661 1824 habet,
701 1775 837 1813 dicitur
873 1780 914 1813 ut
942 1774 1095 1813 Italum
1122 1773 1244 1811 robur
1271 1774 1347 1812 Od.
1373 1777 1412 1823 2,
1448 1774 1516 1824 13,
1552 1776 1633 1823 18.,

110 1840 242 1878 Italae
273 1841 433 1879 (ἔνευεν-ε
458 1842 561 1878 vires
587 1841 662 1883 od.
691 1843 743 1893 4,
772 1843 847 1892 15,
876 1842 942 1883 13.
976 1846 1015 1881 et
1051 1842 1134 1879 Res
1170 1841 1301 1879 Italas
1329 1843 1454 1879 armis
1486 1843 1632 1880 tuteris

107 1909 193 1948 Huc
220 1910 365 1948 accedit
400 1908 584 1960 Adjectivi
622 1911 794 1961 positura
822 1909 931 1960 talis,
964 1909 1085 1960 qualis
1114 1910 1281 1947 secundo
1312 1910 1396 1947 loco
1432 1914 1473 1948 et
1499 1924 1536 1948 v.
1565 1908 1632 1951 54.

108 1977 177 2018 81.
203 1981 241 2014 et
278 1978 354 2015 Od.
384 1978 423 2027 1,
453 1978 521 2026 27,
550 1978 590 2017 6.
627 1979 795 2029 impium
832 1978 957 2016 tollite
992 1978 1224 2027 clamorem,
1253 1978 1388 2027 quibus
1426 1978 1524 2015 adde
1554 1977 1630 2014 Od.

112 2044 154 2093 2,
182 2045 249 2093 17,
277 2046 317 2085 9.
344 2045 387 2093 3,
420 2045 486 2093 11,
516 2045 556 2083 7·
584 2045 653 2094 27,
682 2046 748 2086 25.
789 2047 912 2097 Epod.
949 2046 1016 2094 13,
1047 2047 1084 2086 5.
1118 2046 1200 2083 Sat.
1232 2046 1278 2093 1,
1311 2045 1384 2094 10,
1410 2043 1477 2085 41.
1513 2044 1630 2095 Epist.

110 2112 151 2160 1,
176 2111 243 2161 15,
272 2112 340 2154 32.
367 2110 452 2150 coll.
488 2111 619 2162 Voigt.
647 2112 674 2149 l.
707 2113 731 2151 l.
761 2127 799 2165 p.
829 2114 896 2154 37.

219 2188 267 2227 V.
289 2189 344 2230 58
372 2211 429 2222 e·-
455 2190 521 2230 60.
568 2190 635 2228 Ac
663 2205 713 2228 ne
739 2215 795 2221 —
821 2206 912 2230 rure
938 2199 1120 2242 paterno,
1177 2190 1385 2239 Postquam
1422 2189 1514 2227 Hor.
1540 2201 1564 2226 a
1590 2202 1628 2227 v.

0 2257 34 2301 ξ’.
109 2255 166 2297 48
191 2278 249 2284 —
277 2257 344 2297 50.
373 2257 569 2296 utilitatem
597 2258 743 2298 illarum
771 2260 1100 2307 exercitationum,
1132 2270 1155 2294 a
1177 2271 1214 2295 v.
1241 2257 1296 2297 50
1316 2277 1367 2285 —
1396 2256 1463 2296 57.
1498 2257 1630 2294 dexte-

109 2324 256 2363 ritatem
288 2323 403 2362 Lollii
437 2324 671 2376 observavit,
702 2328 801 2377 jam,
839 2332 881 2364 ut
911 2339 1058 2364 omnem
1092 2324 1368 2362 excusationem
1396 2322 1628 2362 adolescenti

43 2412 46 2417 =
109 2393 320 2442 praecidat,
358 2391 476 2442 ipsius
516 2392 704 2442 singulare
732 2395 858 2432 talium
890 2406 1013 2431 rerum
1045 2392 1204 2429 studium
1232 2395 1319 2428 ante
1353 2390 1481 2428 oculos
1508 2392 1627 2442 ponit.

110 2457 305 2496 Sententia
324 2458 455 2507 igitur:
482 2459 568 2507 „Ac
593 2473 641 2499 ne
668 2465 708 2499 te
732 2460 931 2499 subtrahas
960 2460 1014 2497 tui
1041 2457 1189 2510 patroni
1212 2457 1346 2495 studiis
1367 2462 1411 2496 ut
1426 2458 1628 2509 venationi,

55 2567 57 2569 ,
113 2537 224 2575 quam
253 2536 365 2574 supra
394 2526 551 2575 exempli
579 2539 692 2564 causa
719 2529 828 2578 posui
850 2540 968 2577 neve,
995 2527 1035 2564 id
1061 2525 1164 2575 quod
1182 2524 1350 2562 excusari
1377 2537 1452 2562 non
1479 2530 1628 2577 posset,

0 2609 2 2616 >
47 2603 49 2605 ’
111 2592 160 2629 ab
189 2593 234 2630 iis
259 2591 384 2640 absis,
413 2595 535 2630 tecum
565 2595 712 2642 cogita,
740 2601 778 2633 te
810 2607 980 2644 quoque,
1008 2591 1173 2642 quamvis
1195 2590 1248 2628 nil
1263 2590 1396 2629 absoni
1422 2595 1535 2642 atque
1559 2593 1627 2631 ab·

225 2738 259 2785 *)
278 2741 371 2775 Mire
388 2740 477 2775 Jam’
492 2752 529 2786 p.
546 2740 626 2779 227,
654 2742 762 2784 ,,1εαῑ.
782 2741 887 2775 ιιι-παῖε
905 2741 1026 2784 ‹adiud-
1046 2741 1097 2774 Es
1112 2740 1257 2774 wurden
1275 2739 1421 2776 nimlich
1438 2741 1497 2777 die
1512 2743 1625 2778 Gren-

73 2837 85 2848 “
117 2808 180 2831 zen
199 2797 411 2842 berichtigt,
438 2796 506 2830 und
524 2796 581 2830 die
598 2795 748 2831 Parther
766 2802 883 2831 traten
903 2796 1036 2841 einiges
1056 2807 1098 2831 an
1118 2796 1176 2832 die
1196 2798 1325 2832 Romer
1344 2798 1429 2834 ab.“
1483 2798 1624 2845 Optime

115 2859 230 2887 autem
248 2854 335 2888 haec
354 2854 464 2888 verba
484 2851 686 2898 explanavit
705 2853 907 2887 Schmidn‘us.

170 2920 313 2955 noan.
339 2922 389 2955 11.
1262 2915 1317 2957 29
1343 2917 1407 2970 (7)
