1910 3138
274 161 356 206 176
412 164 694 207 οοΜΜΕΝΤ.
718 168 774 206 IN
796 165 1097 210 Hon.1,113.1.
1140 167 1301 209 EPIST.
1323 169 1483 211 TERT.
1503 171 1680 212 nncm.
1736 159 1798 216 :16

275 297 315 331 et
342 291 516 331 Schwab.
543 293 593 329 ad
619 289 782 331 Phaedr.
815 294 854 342 1,
887 292 953 342 15,
981 294 1020 335 8.
1044 293 1128 332 coll.
1156 294 1283 333 Schol.
1309 296 1359 334 ad
1381 293 1539 337 Lucian.
1561 296 1723 350 Lexiph.
1749 298 1795 337 V.

273 374 314 412 p.
346 361 440 402 178.
470 361 554 411 Bip.
584 359 750 410 Vulgata
777 364 903 399 autem
933 361 1193 413 interpretatio
1222 377 1266 402 ex
1294 363 1379 414 lege
1405 364 1690 403 translationum
1717 378 1796 404 nou

269 430 384 467 modo
413 441 489 466 non
519 427 614 465 bene
641 428 875 479 defenditur,
908 430 978 468 sed
1007 434 1047 468 et
1069 431 1276 471 intenditur
1302 430 1491 469 Ascensii
1516 432 1581 470 illa
1613 421 1795 472 observa-

269 498 392 536 tione:
435 495 561 546 „muli
591 496 789 548 defatigati
816 497 904 535 dum
933 511 1028 536 onus
1057 503 1234 539 excutere
1261 503 1419 552 parant,
1454 501 1504 539 ad
1537 500 1705 541 arbores,
1727 504 1796 540 aut

268 576 396 602 muros
422 563 600 614 clitellas,
630 576 746 616 super
774 576 868 615 quas
898 566 1065 604 sarcinas
1094 571 1271 618 portant,
1296 568 1558 621 impingunt.“
1605 568 1727 607 Recte
1752 569 1794 607 J.

269 631 451 670 Merkel.-
482 632 686 683 „Brennet
713 630 783 669 das
816 632 982 672 schwere
1012 634 1171 686 Gepiick
1198 635 1308 685 dich,
1345 649 1390 674 so
1424 635 1527 674 wirfs
1563 638 1650 675 weit
1675 636 1793 676 liebet

266 701 470 751 herunter,
499 700 590 750 Als,
620 699 709 738 dass
739 699 868 752 plump
892 702 962 740 mit
985 703 1072 741 dem
1099 702 1222 742 Sattel
1251 703 1303 741 du
1329 703 1416 741 dort
1445 708 1683 755 anstossest,
1711 718 1791 744 wo-

264 769 331 808 hin
359 770 411 808 du
437 769 605 820 Bringeu
634 781 675 807 es
705 768 862 807 sollst.“

377 837 423 876 V.
454 837 495 876 9.
550 838 784 889 Asinaeque
814 843 1031 889 paternum
1066 839 1290 890 Cognomen
1317 839 1361 876 in
1394 839 1519 876 risum
1546 846 1676 878 vertas
1684 840 1728 890 *)
1756 847 1793 877 et

255 904 408 958 fabula
422 905 522 954 fias.
571 905 633 944 Ad
662 905 763 944 illam
792 906 994 944 dictionem
1016 905 1066 944 cf.
1097 906 1178 946 Sat.
1208 908 1255 956 2,
1288 908 1335 957 2,
1366 907 1462 948 107.
1497 904 1604 959 (ibiq.
1633 907 1790 958 Heind.)

271 974 308 1012 Ο
335 987 510 1026 magnus
532 973 702 1025 posthac
725 974 899 1012 inimicis
926 975 1029 1010 risus
1056 978 1094 1012 et
1118 975 1141 1016 2
1156 1000 1169 1023 ,
1199 974 1247 1024 5,
1274 974 1341 1016 57.
1369 973 1484 1012 dabit
1503 976 1619 1014 risus.
1670 977 1789 1029 Soph.

263 1044 364 1082 Oed.
391 1042 478 1089 Col.
509 1042 607 1083 899.
638 1040 692 1091 αῖς
719 1039 775 1095 μή
794 1064 852 1070 ——
869 1040 993 1095 γέλως
1020 1037 1131 1094 δ’ἔγαῖ
1160 1041 1259 1097 ξένῳ
1284 1039 1472 1094 γένωμαι.
1502 1043 1637 1095 Chrys.
1663 1044 1788 1098 Epist.

261 1113 312 1150 ad
340 1110 493 1163 Olymp.
523 1107 573 1160 4,
602 1112 641 1152 2.
674 1108 704 1162 ἦ
731 1111 851 1150 κακία
879 1112 1056 1151 δείκνυσι
1086 1132 1142 1139 ·-
1167 1107 1237 1151 τόν
1264 1107 1395 1151 πολὺν
1427 1109 1579 1164 γέλωτα
1613 1112 1680 1154 καὶ
1714 1110 1790 1166 τήν

263 1178 423 1232 ἔφατον
451 1178 687 1234 κωμῳδίαν,
716 1180 767 1217 ad
793 1178 888 1217 hanc
917 1179 1043 1230 Epod.
1076 1180 1127 1219 11
1137 1205 1151 1228 ,
1181 1180 1221 1218 7.
1250 1178 1355 1228 (ibiq.
1385 1177 1520 1219 Lamb.
1555 1183 1594 1217 et
1619 1180 1788 1234 Mitsch.)

256 1262 333 1300 per
359 1247 497 1286 urbem
523 1269 581 1276 —
607 1246 770 1285 Fabula
797 1254 951 1299 quanta
975 1248 1057 1299 fui.
1091 1247 1173 1284 Sat.
1206 1247 1255 1296 2,
1286 1247 1334 1296 1,
1358 1243 1428 1286 46.
1457 1246 1636 1298 (Heind.)
1659 1249 1789 1300 insig-

261 1319 325 1356 nis
354 1323 436 1354 tota
461 1314 690 1354 cantabitur
716 1314 822 1354 urbe.
885 1314 1002 1366 Prop.
1037 1317 1084 1365 2,
1117 1315 1196 1363 18,
1225 1315 1292 1356 81.
1329 1328 1454 1366 quum
1487 1315 1542 1351 sis
1565 1317 1662 1363 jam
1697 1323 1786 1356 noto

253 1385 404 1439 fabula
428 1384 542 1422 libro.
594 1384 747 1425 Petron.
782 1386 878 1425 111.
909 1384 1017 1434 (ibiq.
1047 1383 1186 1421 Weitz.
1218 1386 1257 1421 et
1282 1381 1427 1434 Burm.)
1470 1383 1563 1421 Una
1588 1385 1714 1435 igitur
1743 1387 1787 1423 in

260 1462 342 1493 tota
372 1455 533 1492 civitate
552 1451 705 1504 sabula
734 1459 831 1490 erat.
885 1452 995 1504 Apul.
1031 1451 1142 1503 Apol.
1178 1450 1239 1491 ed.
1268 1450 1430 1489 Casaub.
1463 1465 1505 1503 p.
1534 1449 1602 1493 84.
1632 1453 1787 1492 Mulier

259 1530 395 1562 sancte
417 1522 572 1574 pudica
581 1549 598 1567 ,
635 1521 721 1558 sine
747 1520 890 1572 culpa,
917 1521 1002 1557 sine
1019 1512 1187 1572 sabula.
1238 1518 1421 1558 Prudent.
1446 1518 1584 1559 Perist.
1615 1523 1664 1572 2,
1687 1522 1785 1565 323,

258 1592 391 1644 Egon’
417 1590 628 1629 cachinnis
656 1589 842 1627 venditus
866 1587 1047 1626 Acroma
1064 1585 1262 1639 festivum
1277 1587 1382 1639 fui?
1423 1587 1587 1628 Theocr.
1616 1591 1691 1640 12,
1716 1592 1782 1632 11.

259 1660 328 1711 (ib.
351 1659 555 1705 Wiistem.)
586 1655 867 1710 ἐπεσσομὲνοις
895 1653 940 1697 δὲ
965 1656 1182 1710 γενοίμεθα
1207 1658 1334 1697 πᾶσιν
1357 1651 1498 1709 ἆοιδή.
1537 1656 1683 1695 Similia
1705 1657 1784 1696 col-

256 1728 432 1778 legerunt
469 1730 625 1778 praeter
658 1725 744 1763 illos
783 1725 950 1763 Schmid.
978 1725 1028 1762 ad
1054 1725 1092 1763 h.
1122 1725 1148 1765 l.
1186 1724 1316 1766 Heius,
1351 1725 1400 1763 ad
1436 1724 1550 1763 Ovid.
1588 1723 1635 1763 A.
1663 1724 1711 1764 A.
1741 1728 1783 1776 2,

258 1796 355 1837 561.
385 1794 515 1832 Burm.
544 1794 593 1830 ad
621 1793 739 1844 Prop.
762 1795 809 1843 1,
840 1793 888 1843 5,
920 1792 987 1835 25.
1021 1793 1172 1831 Ciofan.
1201 1797 1241 1831 et
1266 1793 1393 1831 Burm.
1421 1793 1473 1830 ad
1501 1791 1615 1831 Ovid.
1637 1791 1721 1832 Am.
1738 1793 1782 1843 3,

258 1865 307 1913 1,
341 1863 409 1904 21.
439 1861 566 1899 Hand.
604 1861 653 1899 ad
690 1861 788 1901 Stat.
823 1860 915 1898 Silv.
945 1863 993 1911 1,
1025 1863 1071 1911 2,
1103 1860 1169 1903 29.
1206 1875 1244 1913 p.
1274 1861 1367 1903 184.
1404 1861 1508 1900 Diss.
1538 1861 1588 1899 ad
1616 1858 1709 1899 Tib.
1741 1862 1782 1912 1,

256 1930 306 1983 4,
334 1930 403 1972 83.
442 1929 560 1967 Bach.
591 1929 639 1967 ad
670 1929 783 1966 Ovid.
811 1929 902 1967 Met.
933 1927 984 1978 4,
1017 1929 1111 1970 189.
1146 1929 1271 1969 Loers
1296 1931 1345 1968 ad
1371 1930 1491 1968 Trist.
1525 1926 1579 1979 4,
1610 1929 1683 1979 10,
1711 1929 1780 1970 68.

253 1999 416 2052 Rupert.
441 1996 491 2035 ad
519 1996 604 2034 Juv.
636 1997 713 2047 10,
745 1997 839 2036 167.
871 1997 920 2034 Ο.
948 1996 1060 2034 Jahn.
1091 1998 1140 2035 ad
1168 1997 1277 2039 Pers.
1303 2000 1352 2048 1,
1379 1999 1446 2039 29.
1475 1997 1582 2036 Cort.
1609 1997 1659 2035 ad
1682 1996 1778 2034 Plin.

253 2067 378 2119 Epist.
415 2066 464 2116 8,
502 2066 578 2115 18,
620 2067 686 2106 11.
740 2063 910 2103 Hildebr.
947 2065 995 2102 ad
1033 2063 1147 2116 Apul.
1185 2065 1279 2103 Met.
1311 2067 1359 2114 2,
1390 2066 1455 2106 12.
1491 2077 1530 2116 p.
1563 2064 1654 2105 103.
1706 2063 1778 2103 His

252 2135 346 2187 ipsis
375 2130 616 2185 proverbium
644 2133 805 2170 sentitur
834 2132 872 2168 in
898 2132 1034 2170 talibus
1062 2145 1139 2169 non
1167 2133 1221 2169 ita
1247 2133 1503 2183 premendum.
1561 2130 1614 2169 At
1643 2130 1778 2181 quibus

253 2203 414 2242 nominis
447 2201 707 2252 interpretatio
744 2199 874 2250 (quam
903 2199 1161 2238 Wielandius
1188 2199 1273 2251 plus
1307 2212 1428 2249 aequo
1459 2201 1680 2250 exaggerat)
1707 2212 1778 2251 pa·

252 2283 335 2309 rum
363 2270 502 2308 festiva
528 2270 674 2307 videtur
701 2264 844 2322 (Baxt.
871 2267 1034 2320 Doer.),
1063 2268 1089 2304 ii
1117 2268 1220 2318 apud
1249 2281 1290 2306 se
1318 2269 1517 2318 reputent,
1547 2266 1700 2304 Poe-tam
1727 2267 1778 2305 ad

253 2338 488 2378 stomachum
510 2336 675 2388 Augusti
701 2341 816 2387 atque
843 2335 944 2374 haud
978 2336 1057 2374 scio
1085 2348 1134 2373 an
1162 2336 1218 2373 sui
1245 2335 1386 2386 ipsius,
1424 2335 1576 2373 nonrad
1603 2339 1777 2374 nostrum

251 2408 461 2459 scripsisse.
508 2406 660 2444 Etenim
689 2405 823 2444 Cicero
853 2405 902 2442 de
927 2403 996 2442 Or.
1028 2406 1076 2453 2,
1105 2403 1179 2453 63,
1206 2402 1301 2445 257.
1346 2403 1484 2439 Etiam
1511 2403 1776 2454 interpretatio

252 2476 422 2512 nominis
450 2473 571 2512 habet
600 2487 770 2512 acumen
778 2502 795 2521 ‚
831 2480 955 2525 quum
983 2471 1042 2509 ad
1065 2469 1281 2508 ridiculum
1307 2477 1514 2509 convertas
1523 2499 1539 2518 ,
1575 2484 1700 2523 quam
1725 2469 1774 2509 ob

251 2556 333 2580 rem
358 2544 446 2594 quis
477 2544 536 2580 ita
563 2550 733 2582 vocetur.
793 2541 891 2580 Hinc
917 2543 977 2578 tot
1011 2539 1143 2577 similia
1180 2538 1420 2578 ridiculorum
1448 2539 1618 2591 exempla
1643 2551 1668 2578 a
1691 2539 1774 2577 Ro·
1855 2556 1858 2557 ⁷

251 2623 444 2649 manorum
471 2612 622 2662 ingenio
648 2624 725 2649 non
750 2609 871 2648 aliena
898 2621 960 2659 ap.
993 2607 1074 2645 Cic.
1103 2607 1127 2646 l.
1159 2607 1183 2645 l.
1209 2610 1255 2657 2,
1285 2607 1496 2658 59—71.,
1525 2607 1566 2645 in
1591 2605 1699 2645 Verr-
1731 2607 1771 2656 1,
1859 2646 1863 2647 ⁷

252 2677 328 2727 46,
361 2681 455 2721 121.
482 2680 664 2732 imprimis
687 2679 750 2717 ille
770 2677 958 2729 Scipionis
985 2676 1024 2713 in
1050 2677 1272 2725 cognomine
1295 2676 1431 2714 inimici
1458 2671 1621 2713 Claudii
1638 2672 1774 2710 Aselli
1848 2703 1851 2705 a

251 2744 352 2783 lusus
383 2749 431 2796 2,
459 2746 536 2798 64,
567 2747 663 2790 258.
699 2747 768 2797 66,
795 2747 888 2789 268.
932 2744 1076 2783 Dubito
1103 2749 1250 2796 autem,
1278 2757 1366 2783 num
1393 2743 1443 2781 ad
1465 2740 1622 2781 eundem
1647 2741 1768 2780 nomi-
1859 2744 1862 2746 ’

362 2869 399 2915 *)
426 2873 623 2918 Argutatur
637 2873 672 2908 in
688 2886 723 2908 v.
739 2879 854 2909 vertas
871 2874 1070 2916 Hochedem
1090 2875 1189 2907 recte
1204 2882 1226 2907 a
1238 2870 1417 2908 Dantem
1434 2868 1684 2915 reprehensus.
