1910 3138
271 220 354 263 394
419 224 695 264 COMMENT.
715 225 771 264 ΙΝ
791 225 917 264 HOR.
934 224 1034 265 LIB.
1054 226 1082 264 Ι.
1099 225 1106 232 ”
1122 226 1288 268 EPIST.
1308 227 1453 269 SEPT.
1479 226 1658 269 DECJM.
1737 225 1792 272 46

273 335 360 386 lite,
404 338 429 375 i.
459 350 492 375 e.
520 336 745 386 „sublevate
773 338 872 389 pede
907 339 1026 377 fracto
1060 338 1262 380 debilem.“
1307 339 1355 379 Α.
1383 340 1430 380 P·
1465 339 1560 384 460.
1595 339 1791 391 Ejusmodi

272 404 440 443 homines
469 404 517 442 de
545 405 800 444 circulatoria
823 414 929 444 secta
962 408 1020 458 (ut
1046 408 1099 446 ait
1125 406 1282 446 Tertull.
1309 407 1358 447 de
1381 407 1571 450 Idololatr.
1603 407 1664 459 9.)
1702 419 1792 447 suu

273 477 374 511 artes
402 474 446 509 in
473 474 601 510 triviis
626 474 870 523 exercebant,
910 478 951 512 ut
980 477 1028 524 1,
1061 474 1126 516 49.
1159 488 1233 525 per
1270 475 1442 525 compita
1473 488 1708 527 pugnaces,
1748 477 1792 513 ut

272 541 426 582 Petron.
455 540 522 582 47.
554 541 619 592 (ib.
649 541 799 593 Burin.)
828 543 872 579 in
899 543 1071 584 circulis.
1117 542 1176 582 De
1199 544 1354 582 notione
1381 543 1588 595 frequentis
1615 543 1690 588 loci
1715 541 1792 585 vid.

272 608 375 646 Diss.
405 609 453 646 ad
484 609 572 649 Tib.
595 611 633 658 1,
666 611 705 659 1,
737 612 803 653 12.
832 611 916 649 coll.
946 610 1085 655 Justin,
1113 612 1181 659 21,
1199 611 1238 659 5,
1257 612 1295 652 8.
1324 614 1364 649 et
1382 610 1558 651 Kuinoel.
1577 611 1629 649 ad
1645 610 1790 661 Evang.

271 676 404 715 Matth.
435 679 504 727 22,
533 679 572 719 9.
602 678 710 716 Facit
738 683 776 717 et
797 679 871 717 huc
893 679 1111 729 Hieronym.
1139 679 1264 730 Epist.
1290 679 1340 716 ad
1363 678 1567 719 Domi-ion.
1587 677 1655 720 57.
1679 677 1729 720 11.
1753 691 1792 730 p.

271 746 337 785 78.
367 745 416 783 G.
449 744 600 783 Scribis
629 748 734 783 enim
767 747 1032 793 monachum,
1060 748 1178 785 immo
1207 749 1336 785 nescio
1358 759 1475 798 quem
1501 745 1550 783 de
1577 746 1722 792 trivio,
1744 745 1795 784 de

272 813 471 863 compitis,
509 814 558 851 de
589 815 739 865 plateis
778 816 1135 867 circumforaneum
1162 837 1218 845 --
1248 837 1305 844 --
1333 814 1559 853 concionari
1585 813 1796 853 adversum

270 894 359 926 me,
387 881 472 929 ubi,
511 887 715 934 propterea
743 884 845 934 quod
877 885 1119 923 circulatores
1146 886 1184 923 in
1212 884 1332 922 triviis
1359 883 1446 922 olim
1475 882 1645 933 egerint,
1679 881 1795 921 Ens-

269 962 353 987 mus
411 949 723 999 significationem
773 953 899 1003 graeci
939 953 1152 1005 proverbii:
1205 949 1491 1004 ἀνθρωπίσκος
1536 950 1580 994 ἐκ
1619 945 1795 1003 τριόδων,

270 1023 374 1056 recte
401 1017 515 1055 videt.

382 1085 430 1126 V.
446 1086 513 1127 59.
535 1086 601 1128 60.
632 1086 723 1124 licet
742 1086 807 1124 illa·
820 1087 1000 1139 plurima
1018 1097 1152 1127 manet
1173 1089 1378 1128 Lacrima.
1407 1087 1615 1139 comparat
1634 1083 1797 1124 Bmuk-

270 1153 410 1192 husius
426 1155 476 1192 ad
492 1154 607 1206 Prop.
628 1157 669 1205 2,
691 1156 758 1205 16,
779 1158 820 1198 7.
847 1157 966 1196 Inscr.
992 1170 1054 1209 ap.
1082 1158 1192 1198 Grut.
1210 1156 1334 1207 DCC,
1356 1156 1421 1198 13.
1450 1168 1542 1193 cum
1558 1167 1713 1205 magna
1729 1152 1799 1192 Ia·-

271 1224 396 1260 crima
400 1222 542 1275 sunus,
546 1225 798 1275 prosequitur
817 1223 978 1275 Quintio
987 1226 1165 1264 Paulina
1179 1231 1315 1264 mater.
1345 1223 1452 1262 Inest
1463 1223 1502 1262 in
1515 1222 1652 1262 talibus
1659 1234 1799 1274 praeg-

269 1304 364 1329 nans
386 1292 491 1330 notio
515 1291 572 1330 vel
594 1291 836 1343 pluralitati8‚
858 1298 898 1332 ut
921 1293 998 1331 Od.
1021 1295 1060 1343 1,
1077 1293 1117 1342 5,
1134 1295 1170 1334 1.
1197 1291 1512 1337 ιηιιῐέαίηνοεα,
1529 1291 1596 1342 15,
1610 1293 1652 1334 6.
1669 1290 1799 1331 mlta

270 1359 422 1405 milite,
449 1359 572 1411 Epod.
596 1361 635 1408 2,
649 1361 718 1401 31.
748 1360 878 1397 multa
892 1374 991 1399 cane
1002 1389 1018 1407 ,
1044 1360 1104 1399 vel
1123 1360 1281 1399 actionis
1307 1359 1463 1398 iteratae
1480 1363 1524 1398 ut
1544 1359 1658 1398 ovid.
1676 1359 1798 1401 Tri-t.

269 1427 311 1477 4,
331 1428 398 1476 10,
420 1429 514 1469 128,
535 1429 578 1465 in
592 1434 670 1465 toto
686 1429 888 1478 plurimus
902 1428 992 1467 orbe
1014 1429 1134 1481 legor.
1164 1427 1343 1479 Epitheto
1358 1430 1484 1464 autem
1495 1426 1698 1479 plurimus
1710 1440 1798 1468 cum

269 1496 480 1534 nominibus
509 1496 708 1546 singularis
731 1497 877 1535 numeri
899 1498 1031 1548 juncto
1058 1498 1150 1536 nihil
1176 1493 1472 1547 frequentius*).
1493 1517 1542 1525 —-
1572 1496 1618 1536 V.
1634 1497 1702 1538 60.
1723 1509 1796 1547 per

270 1571 453 1602 sanctum
463 1566 552 1613 jur.
575 1564 685 1602 dicat
705 1565 862 1606 Osirim.
906 1566 971 1604 Sic
990 1565 1052 1605 ille
1073 1564 1256 1604 exclamat
1283 1564 1343 1604 vel
1361 1569 1404 1604 ut
1421 1577 1444 1603 e
1458 1569 1572 1615 gente
1587 1565 1797 1616 Aegyptio-

269 1647 351 1671 rum
377 1646 511 1685 reapse
538 1633 719 1671 oriundus
749 1634 882 1682 (Ovid.
909 1647 954 1671 ex
980 1632 1091 1674 Pont.
1123 1634 1162 1682 1,
1194 1636 1230 1682 1,
1262 1633 1317 1673 37
1342 1632 1468 1684 sqq.)‚
1507 1632 1579 1670 vel.
1592 1636 1724 1684 utpote
1750 1631 1799 1670 il—

270 1701 388 1738 lorum
412 1700 542 1738 saltem
571 1701 695 1738 divino
725 1701 839 1740 cultui
866 1701 1051 1740 addictus.
1117 1700 1327 1740 Notissima
1364 1702 1515 1752 quidem
1545 1699 1656 1739 Isidis
1687 1712 1797 1739 sacra

269 1767 413 1807 Romae
450 1768 701 1818 frequentata.
757 1770 854 1808 Vide
890 1783 985 1821 quos
1014 1771 1170 1809 laudant
1210 1769 1430 1820 Rupertius
1467 1770 1516 1808 ad
1545 1768 1671 1810 Tacit.
1697 1768 1796 1807 Anu.

271 1837 311 1884 2,
341 1836 409 1885 85,
440 1838 479 1877 2.
525 1836 680 1874 Curtius
707 1837 756 1874 ad
787 1836 931 1876 Lucan.
965 1840 1013 1887 8,
1043 1838 1139 1879 831.
1179 1838 1339 1876 Dis-sen.
1374 1837 1424 1875 ad
1453 1837 1543 1878 Tib.
1573 1838 1619 1886 1,
1647 1837 1701 1887 3,
1726 1836 1795 1881 28.

270 1904 532 1954 Hanungius
555 1905 592 1942 in
616 1904 770 1954 ‚,Re1ig.
791 1905 859 1943 der
873 1906 1042 1944 Βὸίιιετ(ι
1067 1906 1095 1943 l.
1116 1919 1155 1955 p.
1175 1903 1256 1947 234
1276 1918 1360 1955 sqq.
1381 1904 1536 1943 Becker
1549 1906 1588 1944 in
1612 1905 1795 1955 „Handlu

272 1971 339 2009 der
364 1971 476 2010 R6m.
498 1971 752 2009 Alterthstmf‘
781 1972 808 2009 Ι.
837 1986 876 2023 p.
901 1974 982 2014 562
1007 1984 1067 2021 sq.
1110 1972 1204 2010 Mire
1231 1972 1442 2009 Rodellius
1469 1973 1609 2011 Osirim
1633 1984 1657 2010 a
1679 1972 1799 2025 plano

383 2117 420 2164 *)
443 2120 497 2154 De
516 2119 578 2155 illa
593 2119 731 2155 dicendi
746 2119 1000 2155 consuetudine
1024 2125 1167 2165 praeter
1183 2126 1322 2155 ceteros
1337 2121 1501 2156 dixerunt
1515 2121 1653 2159 Laka-
1666 2124 1705 2155 εἰ
1715 2117 1796 2155 Dil-

271 2178 462 2223 lenburger
476 2177 520 2211 ad
547 2177 619 2212 Od.
637 2178 670 2222 1,
685 2178 719 2221 7,
735 2178 776 2219 8;
797 2178 889 2213 conf.
912 2175 1097 2212 Wunderl.
1120 2182 1158 2210 et
1176 2177 1271 2212 Diss.
1293 2177 1337 2212 ad
1359 2178 1444 2214 Tib.
1465 2179 1498 2222 1,
1516 2177 1551 2222 3,
1571 2178 1629 2214 28.
1645 2175 1795 2223 Forbig.

272 2234 316 2268 ad
333 2233 435 2279 virg.
451 2234 530 2268 Ecl.
549 2235 581 2277 1,
601 2231 659 2269 34.
680 2235 805 2269 Gossr.
827 2235 872 2269 ad
890 2234 976 2268 Aen.
998 2235 1030 2277 1,
1045 2230 1128 2267 334.
1154 2234 1200 2268 Ο.
1214 2234 1317 2269 Jahn.
1335 2235 1380 2270 ad
1399 2235 1501 2269 Pers.
1515 2234 1550 2278 3,
1565 2234 1625 2270 73.
1645 2232 1798 2272 Hertzb.

272 2291 316 2325 ad
337 2291 444 2336 Prop.
463 2292 493 2336 1,
511 2293 567 2334 21,
581 2287 616 2325 4.
638 2291 857 2337 Superlativi
881 2292 1033 2326 observa
1052 2289 1207 2335 exempla
1222 2290 1325 2325 haec:
1346 2290 1444 2337 Virg.
1469 2292 1538 2326 Ge.
1559 2292 1592 2334 1,
1613 2290 1692 2326 187.
1719 2301 1796 2326 nux

269 2347 438 2393 plurima.
458 2350 492 2392 2,
510 2348 588 2383 183.
611 2348 759 2382 oleaster
769 2349 952 2394 plurimus.
970 2343 1006 2392 4,
1025 2344 1106 2385 419.
1123 2346 1278 2392 plurima
1299 2349 1398 2383 unda
1412 2346 1492 2382 coll.
1508 2349 1544 2391 2,
1560 2348 1693 2393 lea-ep
1715 2346 1797 2383 Ecl.

271 2405 306 2448 7,
333 2406 389 2440 60.
410 2403 476 2449 (ib.
502 2404 672 2449 Forbig.)
698 2404 804 2439 Ovid.
822 2405 924 2440 Fast.
942 2401 978 2449 4,
997 2400 1078 2440 441.
1096 2403 1250 2450 plurima
1272 2415 1365 2438 rosa.
1387 2404 1477 2439 Met.
1500 2403 1556 2450 13,
1580 2400 1664 2440 844.
1687 2403 1799 2439 Coma

270 2462 425 2506 plurima
448 2467 564 2496 torvos
581 2462 754 2508 prominet
770 2463 807 2496 in
820 2463 945 2499 voltus.
979 2462 1091 2507 Prop.
1108 2462 1142 2503 2,
1160 2459 1214 2505 15,
1231 2461 1287 2495 10.
1302 2461 1459 2506 plurima
1478 2473 1598 2496 causa.
1618 2461 1747 2496 Juven.
1761 2460 1797 2503 8,

273 2517 316 2552 58
339 2517 404 2573 (ib.
432 2517 592 2552 Schmidt
609 2530 646 2563 p.
673 2519 759 2563 223)
786 2519 940 2565 plurima
959 2519 1093 2564 palma.
1118 2516 1192 2551 val.
1217 2516 1336 2552 Flacc.
1357 2518 1389 2562 1,
1412 2518 1494 2553 677.
1519 2518 1690 2564 plurimus
1714 2527 1798 2553 arev

274 2572 397 2609 Pas'c'et
415 2576 537 2610 honos.
557 2575 666 2614 Mart,
685 2571 721 2619 4,
746 2578 776 2619 1,
797 2578 830 2611 6.
858 2575 1013 2621 plurima
1032 2586 1187 2619 quercus.
1206 2573 1260 2607 Id.
1282 2572 1315 2618 5,
1334 2574 1387 2617 16,
1408 2575 1442 2609 7.
1474 2575 1648 2610 Plurimus
1670 2578 1795 2609 nauta.

274 2630 326 2663 Id.
349 2632 384 2676 7,
405 2632 460 2673 28,
481 2632 514 2666 6.
534 2632 688 2677 plurima
699 2633 835 2677 palma.
850 2632 920 2667 ⁴Id.
937 2633 972 2675 7,
988 2631 1045 2674 63,
1065 2632 1099 2666 8.
1121 2635 1230 2676 grato
1243 2630 1414 2675 plurimus
1433 2642 1493 2665 ore
1510 2631 1627 2666 cliens.
1646 2631 1681 2675 8,
1702 2629 1740 2672 ³,
1758 2629 1793 2663 7.

271 2687 442 2729 plurimus
455 2689 589 2733 hospes.
605 2688 697 2722 lbid.
715 2688 772 2732 59,
796 2690 830 2723 8.
847 2688 1003 2733 plurima
1024 2699 1166 2733 mappa.
1186 2687 1220 2731 9,
1240 2686 1296 2731 56,
1319 2689 1349 2722 1.
1376 2688 1531 2732 plurima
1547 2687 1693 2723 mittitur
1710 2685 1793 2720 ala·

274 2741 307 2783 9,
330 2743 386 2785 91,
408 2745 461 2778 18.
479 2745 635 2790 plurima
655 2746 805 2788 quadra.
827 2745 953 2779 Claud.
978 2744 1012 2778 in
1037 2744 1154 2779 Rufin.
1182 2745 1215 2787 2,
1234 2743 1314 2779 253.
1342 2744 1498 2789 plurima
1519 2742 1642 2788 cuspis.
1667 2739 1721 2776 Id.
1747 2739 1793 2773 de

276 2796 417 2833 Consul.
437 2800 574 2834 Honor.
598 2800 678 2837 572.
698 2802 871 2847 plurimus
888 2802 1061 2836 sacerdos.
1094 2802 1171 2836 Jam
1186 2800 1289 2835 facile
1306 2800 1502 2846 explicatur
1519 2799 1617 2834 locus
1631 2807 1653 2831 a
1674 2794 1792 2831 multia

274 2863 339 2895 pro
366 2855 577 2890 conclamato
608 2857 747 2892 habitus
772 2858 842 2893 Od.
864 2859 894 2900 1,
918 2859 953 2901 7,
973 2859 1007 2892 8.
1039 2858 1213 2892 Plurimus
1231 2857 1269 2891 in
1287 2856 1435 2892 Junom's
1450 2857 1614 2890 honorem
1627 2871 1683 2877 -—
1697 2849 1791 2896 dicit,

277 2908 319 2941 de
340 2919 405 2952 (1Πο
426 2918 507 2954 post
527 2912 568 2946 X
565 2914 756 2957 ylandrum
777 2915 959 2960 disputant
973 2913 1188 2959 interpretes
1209 2914 1267 2960 qui
1287 2913 1392 2948 hodie
1410 2917 1501 2947 sunt..
