1910 3138
74 171 153 215 125
188 167 467 212 comN'r.
486 168 545 208 IN
563 168 690 209 flou.
707 165 809 207 Lm.
828 167 858 206 1.
882 164 1048 207 EPIST.
1066 162 1470 205 nuonssvlcmm.
1504 161 1590 204 473

73 295 186 335 quam
217 283 269 322 nit
297 282 464 334 ieiunum
504 282 674 332 judicent
708 285 870 332 utroque
899 279 1086 318 meliores.
1150 278 1326 317 Ceterum
1359 282 1404 317 ut
1437 278 1591 317 authen

65 350 247 402 pendens
270 349 383 391 Ovid.
409 350 501 391 Met.
524 351 566 399 2,
594 348 690 390 726.
731 349 779 386 de
809 347 935 385 volatu
962 347 1066 398 pari,
1094 359 1171 384 non
1189 347 1353 396 agitato,
1385 348 1439 386 ita
1463 351 1591 386 trans-

71 418 148 456 late
175 430 245 469 epe
266 415 470 468 pendulus
499 417 547 455 de
575 429 644 466 eo,
683 416 748 466 qui
775 417 874 453 inter
912 427 1019 466 spem
1047 418 1260 464 metumque
1287 414 1426 452 dubius*
1447 413 1591 466 haeret,

72 485 220 524 dicitur.
260 483 414 523 Lucret.
434 485 476 533 6,
496 484 563 525 51,
595 483 762 535 pavidis
784 495 903 534 quom
927 482 1102 533 pendent
1119 480 1308 518 mentihu’
1334 494 1463 533 saepe.
1509 481 1592 521 cic.

72 552 189 600 Tusc-
215 553 265 602 1,
295 552 375 601 40,
404 554 471 593 96.
508 551 576 602 (ib.
604 551 751 602 Klotz.)
795 550 946 601 Quodsi
981 549 1239 601 exspectando
1274 556 1311 587 et
1336 549 1591 588 desderando

65 619 285 670 pendemus
305 620 452 656 animis
460 647 477 665 ,
506 620 756 667 cruciamur,
787 620 988 670 angimur.
1028 616 1116 658 Liv.
1134 618 1174 665 7,
1201 618 1268 666 10,
1296 617 1336 657 9.
1364 616 1434 670 (ib.
1459 617 1592 670 Drak.)

71 693 129 724 tot
152 689 259 727 circa
294 686 522 724 mortalium
556 687 703 723 animis
729 699 798 736 spe
826 693 1007 738 metuque
1027 684 1303 736 pendentibus.
1355 685 1415 723 Ad
1441 685 1594 724 verbum

61 744 222 804 fluitein
253 755 354 793 conf.
393 755 471 792 Sat.
501 755 550 803 2,
586 754 634 803 3,
671 755 764 795 269.
817 767 931 791 coeca
951 753 1167 804 fluitantia
1202 759 1313 790 wne.
1364 751 1520 793 Lucret.
1547 754 1593 805 3,

72 821 194 863 1065.
223 823 357 859 anieno
382 824 527 860 incerto
542 821 731 872 fluitans.
783 821 911 860 Tacit.
941 821 1042 860 Hist.
1073 822 1119 869 2,
1150 821 1219 861 93.
1250 819 1423 857 creditur
1457 820 1594 858 Caeco·-

70 902 147 926 nae
166 889 276 937 fides
288 890 490 939 fluitasse.
531 890 752 939 Hieronym.
782 889 903 940 Epist.
934 889 1001 931 52.
1028 889 1131 940 jugi
1161 901 1321 925 susurro
1358 890 1460 925 inter
1485 902 1594 940 spem

71 964 108 993 et
135 964 280 994 metum
294 958 560 1007 fluctuamus.
609 956 787 994 Similiter
813 963 956 993 nutare
977 956 1060 994 Sat.
1089 958 1129 1005 2,
1158 957 1198 1003 7,
1226 958 1266 996 7.

181 1024 229 1063 V.
259 1025 339 1066 111
368 1046 425 1054 -—
454 1026 545 1067 112.
591 1024 673 1062 Sed
698 1026 796 1062 satis
823 1031 880 1062 est
905 1046 963 1052 —
985 1022 1155 1074 parabo.
1205 1023 1288 1061 Jam
1309 1023 1452 1074 Poeta,
1481 1037 1595 1074 quum

70 1105 198 1130 rerum
222 1092 321 1131 intra
356 1105 428 1131 nos
461 1093 670 1144 positarum
708 1093 822 1131 modo
856 1091 1083 1139 mentionem
1119 1092 1297 1141 fecisset,
1337 1096 1509 1143 optatum
1541 1093 1595 1131 ita

71 1158 332 1211 restringit*):
376 1161 496 1211 „Sed
524 1161 617 1198 satis
657 1164 716 1199 est
744 1160 877 1198 Jovem
913 1172 1008 1210 quae
1040 1160 1122 1210 ejus
1151 1163 1240 1197 sunt
1266 1160 1367 1197 dona
1394 1163 1436 1197 ut
1465 1160 1594 1210 vitam,

68 1231 113 1266 ut
140 1241 234 1280 opes
262 1240 397 1278 orare,
438 1241 534 1279 quae
562 1229 602 1266 in
633 1232 766 1267 nostra
794 1232 988 1280 potestate
1023 1232 1114 1266 sunt
1145 1229 1269 1279 posita
1302 1229 1326 1266 i.
1362 1241 1397 1266 e.
1435 1229 1594 1266 animum

73 1378 188 1423 Quid,
218 1379 310 1424 quod
329 1379 389 1414 ina
405 1378 485 1425 ipsa
510 1378 703 1423 sententia,
726 1390 829 1425 quam
844 1390 913 1413 non
944 1378 1116 1414 crastinus
1145 1379 1222 1414 dies
1253 1390 1330 1413 cum
1357 1377 1593 1412 sollicitudine

71 1436 329 1481 exspectandus
356 1436 423 1479 sit,
459 1448 504 1470 ex
533 1446 627 1481 penu
656 1435 903 1482 philosophiae
931 1435 1148 1471 Horatianus
1178 1437 1388 1482 deprompta
1414 1441 1481 1472 est.
1512 1434 1592 1469 vid.

71 1503 153 1527 ann.
169 1493 216 1527 nd
231 1490 267 1537 4,
284 1490 338 1528 14.
362 1492 502 1528 Miesch.
523 1499 561 1526 et
576 1493 684 1526 Orell.
704 1492 748 1526 ad
762 1493 880 1538 Epod.
899 1492 954 1535 13,
972 1489 1007 1526 4.
1030 1492 1101 1528 Od.
1115 1493 1150 1538 3,
1167 1494 1223 1536 29,
1241 1490 1299 1528 41.
1320 1492 1399 1526 coll.
1420 1491 1592 1530 Dt'intzer.

71 1549 114 1583 ad
134 1549 203 1583 Od.
222 1551 254 1593 1,
280 1549 315 1584 9.
339 1560 376 1593 p.
399 1550 466 1584 172
485 1559 540 1594 sq.
567 1549 732 1583 Ceterum
759 1561 820 1595 spe
843 1550 1036 1595 pendulus,
1058 1550 1102 1583 ad
1131 1560 1231 1596 quam
1257 1549 1436 1584 formulam
1459 1548 1595 1582 faciunt

71 1606 260 1640 observata
279 1616 301 1638 a
319 1605 467 1650 Rupert.
480 1605 523 1638 ad
539 1605 619 1639 Liv.
639 1608 673 1649 2,
687 1605 745 1649 32,
766 1604 800 1640 5.
822 1605 923 1639 Cort.
940 1605 984 1639 ad
1000 1604 1131 1643 Lucan.
1149 1604 1183 1649 4,
1198 1604 1257 1642 47.
1279 1606 1438 1640 Kiihner.
1456 1605 1499 1639 ad
1515 1604 1593 1640 Cic.

70 1662 181 1697 Tusc.
199 1658 235 1705 4,
257 1662 313 1705 16,
333 1661 391 1695 35.
411 1662 521 1695 Gesn.
536 1662 582 1696 ed
601 1661 725 1696 Claud.
740 1661 784 1695 de
803 1662 916 1696 Laud.
937 1661 1077 1698 Stilich.
1094 1665 1128 1707 2,
1146 1663 1228 1699 399.
1248 1662 1412 1698 Hildebr.
1429 1661 1473 1696 ad
1487 1662 1591 1707 Apul.

70 1718 160 1752 Met.
181 1715 217 1762 5,
236 1719 270 1753 6.
292 1729 329 1764 p.
349 1716 453 1762 325„
474 1722 511 1752 et
526 1718 674 1762 fluitare
702 1719 866 1764 (proprie
887 1718 990 1752 Varr.
1016 1719 1093 1757 Sat,
1113 1719 1273 1766 Menipp‚
1289 1722 1322 1763 2,
1342 1719 1397 1763 3.)
1414 1718 1595 1763 attingunt

71 1775 288 1808 Graecorum
307 1770 468 1816 μετέωρα
488 1774 786 1818 μετεωρίζεσθαι,
806 1775 851 1809 de
873 1774 999 1821 quibus
1018 1776 1140 1811 confer
1157 1777 1268 1811 Dorv.
1288 1776 1332 1811 ad
1348 1776 1485 1810 charit.
1501 1775 1537 1819 3,
1556 1776 1592 1810 9.

71 1835 110 1864 et
129 1828 298 1873 Kuinoel,
319 1829 364 1864 nd
382 1829 522 1876 Evang.
552 1831 641 1868 Luc.
660 1833 718 1875 12,
737 1832 794 1867 29.
824 1831 887 1866 Sic
906 1831 1062 1878 Oppian.
1085 1833 1239 1868 Helieut.
1260 1830 1295 1878 4,
1312 1834 1393 1872 200.
1414 1830 1592 1876 μετήορον

68 1877 159 1930 ἦτορ
182 1884 276 1931 ἔχειν
295 1885 395 1921 dicit.

181 1943 222 1987 ²⁸¹)
242 1943 313 1978 Sed
326 1942 384 1977 hic
397 1942 644 1988 restuingentis
660 1949 697 1978 et
711 1944 812 1991 quasi
825 1956 904 1979 sese
920 1945 1131 1990 corrigentis
1146 1957 1246 1989 esse,
1267 1945 1358 1979 bene
1372 1945 1483 1979 sensit
1501 1945 1593 1979 Tor·

70 1999 221 2043 rentiam,
244 1999 376 2045 optime
396 2000 564 2034 enodavit
583 2000 781 2046 Bmflejus,
803 2001 846 2036 ad
863 2003 974 2036 verba
986 2002 1197 2046 neufluz'tem
1216 2001 1447 2046 respicientes
1467 2005 1592 2046 utpote

70 2056 159 2100 quae
184 2057 277 2090 bona
298 2055 439 2091 ἔπεσι-πα
462 2056 676 2102 significent.
723 2057 817 2098 Hinc
840 2070 906 2092 non
935 2059 1128 2093 audiendus
1149 2063 1204 2092 est
1221 2057 1425 2102 Xylanden
1458 2056 1514 2091 cui
1532 2058 1591 2091 sed

70 2112 171 2157 quasi
189 2112 362 2146 correctio
376 2112 500 2157 longae
515 2113 623 2147 seriei
637 2115 866 2160 optandorum
893 2120 965 2158 est,
984 2121 1024 2149 ut
1045 2114 1222 2149 sententia
1241 2114 1307 2147 sit:
1334 2113 1458 2156 „Quid
1476 2112 1592 2147 multis

70 2179 157 2213 opus
181 2168 263 2202 est?
295 2169 399 2203 vitam
415 2174 452 2202 et
466 2180 551 2214 opes
565 2173 690 2216 peto.“
726 2172 852 2217 Neque
868 2172 1041 2205 assentior
1055 2171 1201 2214 Baebio,
1222 2180 1323 2215 quum
1342 2168 1446 2203 dicit:
1468 2169 1592 2213 „Aber

70 2224 266 2270 abgesehen
282 2236 351 2260 von
365 2225 456 2260 allen
474 2225 593 2260 seiuen
607 2226 808 2272 bisherigen
822 2227 1023 2261 Wfinschen
1033 2253 1043 2271 ,
1064 2226 1196 2271 genfigt
1209 2227 1285 2259 dem
1298 2225 1447 2259 Dichter
1461 2237 1526 2260 nur
1537 2236 1593 2259 um

69 2280 133 2315 dus
148 2291 192 2316 zu
214 2281 329 2315 bitteu
341 2308 352 2326 ‚
371 2293 444 2316 was
462 2282 579 2317 dieser
601 2283 775 2328 gewiihlt‚
795 2284 916 2318 Leben
936 2284 1006 2317 und
1032 2283 1151 2317 Mittel
1174 2283 1276 2316 dazu.
1306 2282 1427 2315 Horaz
1446 2282 1592 2316 bedieut

70 2337 145 2371 sich
163 2338 226 2372 des
255 2338 525 2373 absondernden
542 2341 622 2383 sed,
651 2351 706 2374 um
732 2341 794 2374 das
821 2339 1106 2383 gegensiitzliche
1127 2349 1275 2381 aequum
1297 2356 1349 2363 —·
1371 2339 1508 2383 parabo
1529 2338 1594 2373 mit

69 2392 167 2427 mehr
185 2394 399 2429 Nuehdruck
421 2395 539 2440 fulgen
557 2406 602 2429 zu
615 2395 741 2430 lassen.
782 2396 835 2429 Zu
852 2395 916 2429 der
936 2394 1039 2429 Ffine
1054 2395 1117 2428 des
1132 2393 1332 2427 Ausdrucks
1350 2394 1387 2427 in
1400 2406 1446 2428 ne
1454 2394 1593 2439 flndtem

69 2449 296 2493 vergleichen
314 2451 381 2485 wir
393 2451 535 2487 Lucret.
548 2451 584 2495 3,
604 2451 702 2487 1065.
724 2457 828 2495 atque
843 2451 957 2485 anima
969 2451 1099 2485 incerto
1110 2449 1259 2493 fluitans
1273 2461 1391 2484 errore
1404 2450 1590 2497 vagaris.“

70 2505 196 2549 Neque
211 2515 277 2539 acu
290 2506 452 2551 tetigisse
466 2508 579 2542 locum
592 2507 766 2543 Diintzen‘
777 2506 965 2553 explicatio
977 2506 1118 2540 videtur
1128 2531 1138 2550 ,
1158 2516 1260 2551 quum
1276 2505 1450 2550 explicat:
1469 2508 1592 2551 „Aber

70 2561 179 2595 demit
192 2561 241 2594 ist
255 2572 293 2595 es
308 2562 396 2596 auch
410 2573 546 2608 ξαππς,
568 2564 648 2598 dass
666 2575 743 2598 man
763 2575 806 2598 zu
825 2562 983 2608 Jupiter,
1006 2563 1070 2596 der
1083 2562 1180 2596 Alles
1204 2562 1379 2597 verleihet
1402 2563 1472 2598 und
1494 2575 1592 2610 weg-

70 2617 211 2660 uimmt‚
241 2616 353 2651 fleht“
375 2622 444 2651 etc.
495 2619 654 2654 Eundem
674 2620 856 2664 vituperat
886 2619 1050 2662 Orellius,
1081 2622 1273 2663 propterea
1299 2619 1393 2664 quod
1420 2625 1589 2655 revocato

0 2711 5 2725 ξ
70 2672 278 2707 Prouomiue
296 2673 357 2717 qui
372 2674 484 2708 verbo
503 2675 629 2708 orandi
653 2676 827 2719 objectum
845 2674 1063 2709 subtraxerit
1082 2674 1163 2709 coll.
1184 2674 1256 2708 Od.
1282 2677 1315 2719 1,
1334 2675 1394 2720 31,
1418 2677 1451 2712 2.
1473 2678 1529 2721 16,
1552 2678 1588 2712 1.

71 2730 115 2764 C.
139 2731 179 2764 S.
199 2726 259 2764 49.
296 2731 345 2763 At
362 2728 471 2764 habet
489 2729 571 2773 ille,
592 2741 661 2774 quo
684 2742 779 2765 suam
809 2730 1004 2775 opinionem
1024 2735 1167 2764 tueatur
1194 2727 1229 2764 in
1255 2733 1412 2769 addend.
1432 2744 1469 2778 p.
1490 2733 1588 2778 303„

72 2795 173 2829 quum
194 2786 324 2820 verba:
345 2787 403 2820 det
418 2807 467 2813 —
486 2797 566 2831 opes
583 2796 647 2830 pro
668 2787 809 2830 objecto
830 2786 953 2820 haberi
972 2786 1122 2832 possint.
1162 2786 1380 2833 scripturam
1397 2789 1494 2825 Haec
1505 2790 1589 2827 satie

71 2847 122 2876 est
139 2853 206 2876 non
227 2843 315 2877 male
332 2842 360 2877 ii
379 2841 573 2887 finxerunt,
594 2841 656 2889 qui
672 2853 717 2878 ne
726 2842 863 2888 fluitem
881 2842 951 2878 sibi
970 2842 1100 2879 vidisse
1118 2842 1189 2879 visi
1207 2850 1299 2880 sunt.
