<?xml version="1.0" encoding="UTF-8"?>
<!DOCTYPE html PUBLIC "-//W3C//DTD XHTML 1.0 Transitional//EN"
    "http://www.w3.org/TR/xhtml1/DTD/xhtml1-transitional.dtd">
<html xmlns="http://www.w3.org/1999/xhtml" xml:lang="en" lang="en">
 <head>
  <title>
</title>
<meta http-equiv="Content-Type" content="text/html;charset=utf-8" />
  <meta name='ocr-system' content='tesseract 3.04.00' />
  <meta name='ocr-capabilities' content='ocr_page ocr_carea ocr_par ocr_line ocrx_word'/>
</head>
<body>
  <div class='ocr_page' id='page_1' title='image "./epistolascomment02horauoft_0426.png"; bbox 0 0 1910 3138; ppageno 0'>
   <div class='ocr_carea' id='block_1_1' title="bbox 279 229 1816 277">
    <p class='ocr_par' dir='ltr' id='par_1_1' title="bbox 279 229 1816 277">
     <span class='ocr_line' id='line_1_1' title="bbox 279 229 1816 277; baseline 0.003 -5"><span class='ocrx_word' id='word_1_1' title='bbox 279 229 364 272; x_wconf 83' lang='lat'><strong>418</strong></span> <span class='ocrx_word' id='word_1_2' title='bbox 403 232 680 272; x_wconf 85' lang='lat' dir='ltr'><strong>COMMENT.</strong></span> <span class='ocrx_word' id='word_1_3' title='bbox 705 231 759 270; x_wconf 82' lang='lat' dir='ltr'><strong>[N</strong></span> <span class='ocrx_word' id='word_1_4' title='bbox 778 232 902 271; x_wconf 84' lang='lat' dir='ltr'><strong>HOR.</strong></span> <span class='ocrx_word' id='word_1_5' title='bbox 928 231 1027 271; x_wconf 86' lang='lat' dir='ltr'><strong>LlB.</strong></span> <span class='ocrx_word' id='word_1_6' title='bbox 1048 233 1079 271; x_wconf 91' lang='lat'><strong>1.</strong></span> <span class='ocrx_word' id='word_1_7' title='bbox 1116 233 1279 276; x_wconf 79' lang='lat' dir='ltr'><strong>EPlST.</strong></span> <span class='ocrx_word' id='word_1_8' title='bbox 1301 234 1712 275; x_wconf 73' lang='lat' dir='ltr'><strong>DUODEVIOESIM.</strong></span> <span class='ocrx_word' id='word_1_9' title='bbox 1759 236 1816 277; x_wconf 89' lang='grc'><strong>70</strong></span> 
     </span>
    </p>
   </div>
   <div class='ocr_carea' id='block_1_2' title="bbox 277 346 1820 2508">
    <p class='ocr_par' dir='ltr' id='par_1_2' title="bbox 277 346 1820 1623">
     <span class='ocr_line' id='line_1_2' title="bbox 278 346 1816 397; baseline 0.002 -14"><span class='ocrx_word' id='word_1_10' title='bbox 278 349 357 392; x_wconf 84' lang='lat' dir='ltr'><strong>set,</strong></span> <span class='ocrx_word' id='word_1_11' title='bbox 386 359 510 396; x_wconf 88' lang='lat' dir='ltr'><strong>neque</strong></span> <span class='ocrx_word' id='word_1_12' title='bbox 537 358 689 397; x_wconf 87' lang='lat' dir='ltr'><strong>semper</strong></span> <span class='ocrx_word' id='word_1_13' title='bbox 715 346 957 394; x_wconf 65' lang='lat' dir='ltr'><strong>observasset</strong></span> <span class='ocrx_word' id='word_1_14' title='bbox 985 347 1091 385; x_wconf 82' lang='lat' dir='ltr'><strong>videt</strong></span> <span class='ocrx_word' id='word_1_15' title='bbox 1116 347 1232 386; x_wconf 89' lang='lat' dir='ltr'><strong>tacite</strong></span> <span class='ocrx_word' id='word_1_16' title='bbox 1248 348 1443 387; x_wconf 77' lang='lat' dir='ltr'><strong>monitum.</strong></span> <span class='ocrx_word' id='word_1_17' title='bbox 1486 347 1547 388; x_wconf 87' lang='lat' dir='ltr'><strong>De</strong></span> <span class='ocrx_word' id='word_1_18' title='bbox 1573 347 1757 387; x_wconf 73' lang='lat' dir='ltr'><strong>formula:</strong></span> <span class='ocrx_word' id='word_1_19' title='bbox 1777 348 1816 386; x_wconf 78' lang='grc' dir='ltr'><strong>εἰ</strong></span> 
     </span>
     <span class='ocr_line' id='line_1_3' title="bbox 280 413 1815 466; baseline 0.003 -16"><span class='ocrx_word' id='word_1_20' title='bbox 280 413 374 451; x_wconf 85' lang='lat' dir='ltr'><strong>bene</strong></span> <span class='ocrx_word' id='word_1_21' title='bbox 401 420 437 449; x_wconf 85' lang='lat' dir='ltr'><strong>te</strong></span> <span class='ocrx_word' id='word_1_22' title='bbox 461 414 574 460; x_wconf 76' lang='lat' dir='ltr'><strong>novi,</strong></span> <span class='ocrx_word' id='word_1_23' title='bbox 604 419 644 452; x_wconf 90' lang='lat' dir='ltr'><strong>ut</strong></span> <span class='ocrx_word' id='word_1_24' title='bbox 672 413 808 451; x_wconf 91' lang='lat' dir='ltr'><strong>Senec.</strong></span> <span class='ocrx_word' id='word_1_25' title='bbox 836 415 956 464; x_wconf 86' lang='lat' dir='ltr'><strong>Epist.</strong></span> <span class='ocrx_word' id='word_1_26' title='bbox 980 416 1045 456; x_wconf 87' lang='lat'><strong>16.</strong></span> <span class='ocrx_word' id='word_1_27' title='bbox 1089 416 1185 452; x_wconf 86' lang='lat' dir='ltr'><strong>Jam</strong></span> <span class='ocrx_word' id='word_1_28' title='bbox 1208 414 1260 452; x_wconf 84' lang='lat' dir='ltr'><strong>ab</strong></span> <span class='ocrx_word' id='word_1_29' title='bbox 1289 417 1428 461; x_wconf 74' lang='lat' dir='ltr'><strong>initio,</strong></span> <span class='ocrx_word' id='word_1_30' title='bbox 1456 417 1493 454; x_wconf 73' lang='lat' dir='ltr'><strong>ni</strong></span> <span class='ocrx_word' id='word_1_31' title='bbox 1519 415 1614 454; x_wconf 80' lang='lat' dir='ltr'><strong>bene</strong></span> <span class='ocrx_word' id='word_1_32' title='bbox 1643 423 1680 453; x_wconf 82' lang='lat' dir='ltr'><strong>te</strong></span> <span class='ocrx_word' id='word_1_33' title='bbox 1707 417 1815 466; x_wconf 75' lang='lat' dir='ltr'><strong>novi,</strong></span> 
     </span>
     <span class='ocr_line' id='line_1_4' title="bbox 279 481 1814 533; baseline 0.002 -14"><span class='ocrx_word' id='word_1_34' title='bbox 279 482 576 531; x_wconf 71' lang='lat' dir='ltr'><strong>circumspicis,</strong></span> <span class='ocrx_word' id='word_1_35' title='bbox 606 482 749 532; x_wconf 74' lang='lat' dir='ltr'><strong>ecquid</strong></span> <span class='ocrx_word' id='word_1_36' title='bbox 770 481 869 519; x_wconf 83' lang='lat' dir='ltr'><strong>lzaec</strong></span> <span class='ocrx_word' id='word_1_37' title='bbox 892 482 1058 533; x_wconf 65' lang='lat' dir='ltr'><strong>epistola</strong></span> <span class='ocrx_word' id='word_1_38' title='bbox 1085 483 1319 521; x_wconf 73' lang='lat' dir='ltr'><em>munusculi</em></span> <span class='ocrx_word' id='word_1_39' title='bbox 1337 484 1542 531; x_wconf 70' lang='lat' dir='ltr'><strong>attulerit,</strong></span> <span class='ocrx_word' id='word_1_40' title='bbox 1570 485 1672 524; x_wconf 87' lang='lat' dir='ltr'><strong>conf.</strong></span> <span class='ocrx_word' id='word_1_41' title='bbox 1698 484 1814 526; x_wconf 85' lang='lat' dir='ltr'><strong>Ovid.</strong></span> 
     </span>
     <span class='ocr_line' id='line_1_5' title="bbox 282 548 1814 603; baseline 0.007 -19"><span class='ocrx_word' id='word_1_42' title='bbox 282 551 323 587; x_wconf 86' lang='lat' dir='ltr'><strong>A.</strong></span> <span class='ocrx_word' id='word_1_43' title='bbox 357 550 399 588; x_wconf 77' lang='lat' dir='ltr'><strong>A.</strong></span> <span class='ocrx_word' id='word_1_44' title='bbox 425 548 466 597; x_wconf 87' lang='lat'><strong>3,</strong></span> <span class='ocrx_word' id='word_1_45' title='bbox 497 548 564 589; x_wconf 85' lang='lat'><strong>51.</strong></span> <span class='ocrx_word' id='word_1_46' title='bbox 595 549 663 600; x_wconf 84' lang='lat' dir='ltr'><strong>(ib.</strong></span> <span class='ocrx_word' id='word_1_47' title='bbox 689 550 838 601; x_wconf 89' lang='lat' dir='ltr'><strong>Burm.)</strong></span> <span class='ocrx_word' id='word_1_48' title='bbox 868 564 916 589; x_wconf 88' lang='lat' dir='ltr'><strong>ex</strong></span> <span class='ocrx_word' id='word_1_49' title='bbox 942 551 1055 594; x_wconf 88' lang='lat' dir='ltr'><strong>Pont.</strong></span> <span class='ocrx_word' id='word_1_50' title='bbox 1081 553 1120 601; x_wconf 85' lang='lat'><strong>1,</strong></span> <span class='ocrx_word' id='word_1_51' title='bbox 1149 553 1191 601; x_wconf 85' lang='lat'><strong>6,</strong></span> <span class='ocrx_word' id='word_1_52' title='bbox 1220 551 1259 592; x_wconf 90' lang='lat'><strong>4.</strong></span> <span class='ocrx_word' id='word_1_53' title='bbox 1291 554 1330 602; x_wconf 87' lang='lat'><strong>2,</strong></span> <span class='ocrx_word' id='word_1_54' title='bbox 1355 553 1396 601; x_wconf 83' lang='lat'><strong>3,</strong></span> <span class='ocrx_word' id='word_1_55' title='bbox 1425 551 1493 594; x_wconf 83' lang='lat'><strong>49·</strong></span> <span class='ocrx_word' id='word_1_56' title='bbox 1522 552 1652 592; x_wconf 79' lang='lat' dir='ltr'><strong>Amor.</strong></span> <span class='ocrx_word' id='word_1_57' title='bbox 1673 555 1712 602; x_wconf 86' lang='lat'><strong>2,</strong></span> <span class='ocrx_word' id='word_1_58' title='bbox 1744 554 1814 603; x_wconf 87' lang='lat'><strong>18,</strong></span> 
     </span>
     <span class='ocr_line' id='line_1_6' title="bbox 277 616 1815 670; baseline -0.001 -13"><span class='ocrx_word' id='word_1_59' title='bbox 277 618 346 657; x_wconf 86' lang='lat'><strong>39.</strong></span> <span class='ocrx_word' id='word_1_60' title='bbox 393 616 505 654; x_wconf 82' lang='lat' dir='ltr'><strong>Mart.</strong></span> <span class='ocrx_word' id='word_1_61' title='bbox 535 616 583 666; x_wconf 82' lang='lat'><strong>3,</strong></span> <span class='ocrx_word' id='word_1_62' title='bbox 624 619 699 667; x_wconf 87' lang='lat'><strong>68,</strong></span> <span class='ocrx_word' id='word_1_63' title='bbox 743 620 807 660; x_wconf 93' lang='lat'><strong>11.</strong></span> <span class='ocrx_word' id='word_1_64' title='bbox 853 624 890 657; x_wconf 88' lang='lat' dir='ltr'><strong>et</strong></span> <span class='ocrx_word' id='word_1_65' title='bbox 927 620 975 657; x_wconf 91' lang='lat' dir='ltr'><strong>de</strong></span> <span class='ocrx_word' id='word_1_66' title='bbox 1011 618 1191 670; x_wconf 88' lang='lat' dir='ltr'><strong>Epitheto</strong></span> <span class='ocrx_word' id='word_1_67' title='bbox 1227 619 1264 659; x_wconf 86' lang='lat' dir='ltr'><strong>h.</strong></span> <span class='ocrx_word' id='word_1_68' title='bbox 1301 620 1327 658; x_wconf 94' lang='lat' dir='ltr'><strong>l.</strong></span> <span class='ocrx_word' id='word_1_69' title='bbox 1367 620 1575 659; x_wconf 80' lang='lat' dir='ltr'><strong>honorifico</strong></span> <span class='ocrx_word' id='word_1_70' title='bbox 1617 618 1815 659; x_wconf 74' lang='lat' dir='ltr'><em>liberrime</em></span> 
     </span>
     <span class='ocr_line' id='line_1_7' title="bbox 278 684 1813 737; baseline 0.003 -16"><span class='ocrx_word' id='word_1_71' title='bbox 278 684 444 723; x_wconf 84' lang='lat' dir='ltr'><strong>Schmid.</strong></span> <span class='ocrx_word' id='word_1_72' title='bbox 472 685 522 721; x_wconf 89' lang='lat' dir='ltr'><strong>ad</strong></span> <span class='ocrx_word' id='word_1_73' title='bbox 551 684 586 721; x_wconf 95' lang='lat' dir='ltr'><strong>h.</strong></span> <span class='ocrx_word' id='word_1_74' title='bbox 618 686 642 723; x_wconf 89' lang='lat' dir='ltr'><strong>l.</strong></span> <span class='ocrx_word' id='word_1_75' title='bbox 667 686 855 727; x_wconf 86' lang='lat' dir='ltr'><strong>Wiistem.</strong></span> <span class='ocrx_word' id='word_1_76' title='bbox 887 687 934 724; x_wconf 87' lang='lat' dir='ltr'><strong>ad</strong></span> <span class='ocrx_word' id='word_1_77' title='bbox 963 687 1047 725; x_wconf 81' lang='lat' dir='ltr'><strong>Sat.</strong></span> <span class='ocrx_word' id='word_1_78' title='bbox 1080 690 1117 737; x_wconf 92' lang='lat'><strong>1,</strong></span> <span class='ocrx_word' id='word_1_79' title='bbox 1146 687 1188 736; x_wconf 87' lang='grc'><strong>3,</strong></span> <span class='ocrx_word' id='word_1_80' title='bbox 1221 688 1286 728; x_wconf 87' lang='grc'><strong>52.</strong></span> <span class='ocrx_word' id='word_1_81' title='bbox 1316 688 1400 726; x_wconf 93' lang='lat' dir='ltr'><strong>coll.</strong></span> <span class='ocrx_word' id='word_1_82' title='bbox 1431 687 1581 729; x_wconf 82' lang='lat' dir='ltr'><strong>Ruhnk.</strong></span> <span class='ocrx_word' id='word_1_83' title='bbox 1609 689 1658 726; x_wconf 71' lang='lat' dir='ltr'><strong>ad</strong></span> <span class='ocrx_word' id='word_1_84' title='bbox 1694 687 1813 727; x_wconf 83' lang='lat' dir='ltr'><strong>Rutil.</strong></span> 
     </span>
     <span class='ocr_line' id='line_1_8' title="bbox 277 752 1815 805; baseline 0.004 -15"><span class='ocrx_word' id='word_1_85' title='bbox 277 752 377 804; x_wconf 89' lang='lat' dir='ltr'><strong>Lup.</strong></span> <span class='ocrx_word' id='word_1_86' title='bbox 418 766 457 803; x_wconf 88' lang='lat' dir='ltr'><strong>p.</strong></span> <span class='ocrx_word' id='word_1_87' title='bbox 487 754 553 793; x_wconf 91' lang='lat'><strong>59.</strong></span> <span class='ocrx_word' id='word_1_88' title='bbox 595 753 718 793; x_wconf 84' lang='lat' dir='ltr'><strong>Beier.</strong></span> <span class='ocrx_word' id='word_1_89' title='bbox 749 755 797 792; x_wconf 87' lang='lat' dir='ltr'><strong>ad</strong></span> <span class='ocrx_word' id='word_1_90' title='bbox 836 755 916 793; x_wconf 91' lang='lat' dir='ltr'>Cic.</span> <span class='ocrx_word' id='word_1_91' title='bbox 947 755 1060 793; x_wconf 81' lang='lat' dir='ltr'><strong>Offic.</strong></span> <span class='ocrx_word' id='word_1_92' title='bbox 1093 757 1138 805; x_wconf 87' lang='lat'><strong>1,</strong></span> <span class='ocrx_word' id='word_1_93' title='bbox 1170 757 1238 805; x_wconf 86' lang='lat'><strong>29,</strong></span> <span class='ocrx_word' id='word_1_94' title='bbox 1272 755 1363 796; x_wconf 84' lang='lat'><strong>104.</strong></span> <span class='ocrx_word' id='word_1_95' title='bbox 1404 756 1534 795; x_wconf 88' lang='lat' dir='ltr'><strong>Heinr.</strong></span> <span class='ocrx_word' id='word_1_96' title='bbox 1565 755 1614 795; x_wconf 77' lang='lat' dir='ltr'><strong>ad</strong></span> <span class='ocrx_word' id='word_1_97' title='bbox 1649 755 1734 796; x_wconf 75' lang='lat' dir='ltr'><strong>JuV.</strong></span> <span class='ocrx_word' id='word_1_98' title='bbox 1773 754 1815 803; x_wconf 82' lang='lat'><strong>4,</strong></span> 
     </span>
     <span class='ocr_line' id='line_1_9' title="bbox 279 820 1816 874; baseline 0.001 -14"><span class='ocrx_word' id='word_1_99' title='bbox 279 821 345 860; x_wconf 88' lang='grc'><strong>91.</strong></span> <span class='ocrx_word' id='word_1_100' title='bbox 385 820 518 859; x_wconf 87' lang='lat' dir='ltr'><strong>Jacob.</strong></span> <span class='ocrx_word' id='word_1_101' title='bbox 548 822 598 859; x_wconf 86' lang='lat' dir='ltr'><strong>ad</strong></span> <span class='ocrx_word' id='word_1_102' title='bbox 625 820 783 861; x_wconf 91' lang='lat' dir='ltr'><strong>Lucian.</strong></span> <span class='ocrx_word' id='word_1_103' title='bbox 814 823 922 861; x_wconf 82' lang='lat' dir='ltr'><strong>Alex.</strong></span> <span class='ocrx_word' id='word_1_104' title='bbox 950 823 1017 864; x_wconf 83' lang='lat'><strong>47.</strong></span> <span class='ocrx_word' id='word_1_105' title='bbox 1048 837 1086 874; x_wconf 86' lang='lat' dir='ltr'><strong>p.</strong></span> <span class='ocrx_word' id='word_1_106' title='bbox 1120 825 1188 864; x_wconf 90' lang='lat'><strong>90.</strong></span> <span class='ocrx_word' id='word_1_107' title='bbox 1219 846 1275 852; x_wconf 90' lang='lat'>—</span> <span class='ocrx_word' id='word_1_108' title='bbox 1313 824 1360 861; x_wconf 89' lang='lat' dir='ltr'><strong>V.</strong></span> <span class='ocrx_word' id='word_1_109' title='bbox 1392 827 1430 866; x_wconf 87' lang='lat'><strong>2.</strong></span> <span class='ocrx_word' id='word_1_110' title='bbox 1473 824 1730 862; x_wconf 71' lang='lat' dir='ltr'><strong>scurranum</strong></span> <span class='ocrx_word' id='word_1_111' title='bbox 1754 822 1816 862; x_wconf 84' lang='lat' dir='ltr'><strong>vel</strong></span> 
     </span>
     <span class='ocr_line' id='line_1_10' title="bbox 277 890 1816 943; baseline 0.003 -18"><span class='ocrx_word' id='word_1_112' title='bbox 277 903 461 926; x_wconf 75' lang='lat' dir='ltr'><strong>scurram</strong></span> <span class='ocrx_word' id='word_1_113' title='bbox 488 890 597 928; x_wconf 89' lang='lat' dir='ltr'><strong>vilem</strong></span> <span class='ocrx_word' id='word_1_114' title='bbox 623 895 899 930; x_wconf 83' lang='lat' dir='ltr'><strong>assentatorem</strong></span> <span class='ocrx_word' id='word_1_115' title='bbox 929 893 1022 930; x_wconf 84' lang='lat' dir='ltr'><strong>dixit</strong></span> <span class='ocrx_word' id='word_1_116' title='bbox 1050 892 1109 930; x_wconf 88' lang='lat' dir='ltr'><strong>vel</strong></span> <span class='ocrx_word' id='word_1_117' title='bbox 1127 891 1314 930; x_wconf 85' lang='lat' dir='ltr'><strong>Lambino</strong></span> <span class='ocrx_word' id='word_1_118' title='bbox 1338 896 1492 931; x_wconf 87' lang='lat' dir='ltr'><strong>auctore</strong></span> <span class='ocrx_word' id='word_1_119' title='bbox 1517 905 1626 942; x_wconf 89' lang='lat' dir='ltr'><strong>eum,</strong></span> <span class='ocrx_word' id='word_1_120' title='bbox 1654 893 1719 943; x_wconf 81' lang='lat' dir='ltr'><strong>qui</strong></span> <span class='ocrx_word' id='word_1_121' title='bbox 1743 904 1816 943; x_wconf 80' lang='lat' dir='ltr'><strong>pa-</strong></span> 
     </span>
     <span class='ocr_line' id='line_1_11' title="bbox 279 956 1817 1012; baseline 0.003 -17"><span class='ocrx_word' id='word_1_122' title='bbox 279 957 355 996; x_wconf 85' lang='lat' dir='ltr'>buli</span> <span class='ocrx_word' id='word_1_123' title='bbox 384 971 499 996; x_wconf 85' lang='lat' dir='ltr'><strong>causa</strong></span> <span class='ocrx_word' id='word_1_124' title='bbox 524 960 732 1010; x_wconf 89' lang='lat' dir='ltr'><strong>potentiori</strong></span> <span class='ocrx_word' id='word_1_125' title='bbox 762 960 873 998; x_wconf 80' lang='lat' dir='ltr'><strong>alicui</strong></span> <span class='ocrx_word' id='word_1_126' title='bbox 908 964 1123 998; x_wconf 83' lang='lat' dir='ltr'><strong>assentatur</strong></span> <span class='ocrx_word' id='word_1_127' title='bbox 1164 965 1202 998; x_wconf 85' lang='lat' dir='ltr'><strong>et</strong></span> <span class='ocrx_word' id='word_1_128' title='bbox 1234 962 1351 998; x_wconf 83' lang='lat' dir='ltr'><strong>risum</strong></span> <span class='ocrx_word' id='word_1_129' title='bbox 1389 963 1538 1010; x_wconf 81' lang='lat' dir='ltr'><strong>movet,</strong></span> <span class='ocrx_word' id='word_1_130' title='bbox 1575 956 1817 1012; x_wconf 72' lang='grc' dir='ltr'>βωμολόχον,</span> 
     </span>
     <span class='ocr_line' id='line_1_12' title="bbox 278 1023 1815 1078; baseline 0 -12"><span class='ocrx_word' id='word_1_131' title='bbox 278 1023 521 1078; x_wconf 73' lang='grc' dir='ltr'>παράσιτον,</span> <span class='ocrx_word' id='word_1_132' title='bbox 551 1024 714 1067; x_wconf 79' lang='grc' dir='ltr'><strong>κόλακα.</strong></span> <span class='ocrx_word' id='word_1_133' title='bbox 759 1027 872 1066; x_wconf 90' lang='lat' dir='ltr'><strong>Conf.</strong></span> <span class='ocrx_word' id='word_1_134' title='bbox 903 1028 970 1077; x_wconf 87' lang='lat'><strong>15,</strong></span> <span class='ocrx_word' id='word_1_135' title='bbox 996 1029 1062 1069; x_wconf 88' lang='grc'><strong>28.</strong></span> <span class='ocrx_word' id='word_1_136' title='bbox 1095 1030 1163 1076; x_wconf 88' lang='lat'><strong>17,</strong></span> <span class='ocrx_word' id='word_1_137' title='bbox 1185 1029 1250 1069; x_wconf 89' lang='grc'><strong>19.</strong></span> <span class='ocrx_word' id='word_1_138' title='bbox 1279 1034 1320 1067; x_wconf 88' lang='lat' dir='ltr'><strong>et</strong></span> <span class='ocrx_word' id='word_1_139' title='bbox 1346 1029 1476 1066; x_wconf 87' lang='lat' dir='ltr'><strong>Garve</strong></span> <span class='ocrx_word' id='word_1_140' title='bbox 1499 1030 1550 1067; x_wconf 77' lang='lat' dir='ltr'><strong>ad</strong></span> <span class='ocrx_word' id='word_1_141' title='bbox 1578 1028 1726 1078; x_wconf 83' lang='lat' dir='ltr'><strong>„Ethik</strong></span> <span class='ocrx_word' id='word_1_142' title='bbox 1745 1029 1815 1066; x_wconf 75' lang='lat' dir='ltr'><strong>des</strong></span> 
     </span>
     <span class='ocr_line' id='line_1_13' title="bbox 280 1090 1819 1148; baseline -0.001 -14"><span class='ocrx_word' id='word_1_143' title='bbox 280 1095 537 1134; x_wconf 83' lang='lat' dir='ltr'><strong>Aristoteles“</strong></span> <span class='ocrx_word' id='word_1_144' title='bbox 574 1095 604 1132; x_wconf 90' lang='lat'><strong>1.</strong></span> <span class='ocrx_word' id='word_1_145' title='bbox 630 1109 668 1147; x_wconf 88' lang='lat' dir='ltr'><strong>p.</strong></span> <span class='ocrx_word' id='word_1_146' title='bbox 697 1093 794 1136; x_wconf 89' lang='lat'><strong>640.</strong></span> <span class='ocrx_word' id='word_1_147' title='bbox 838 1096 1072 1133; x_wconf 71' lang='lat' dir='ltr'><strong>Seurrantis</strong></span> <span class='ocrx_word' id='word_1_148' title='bbox 1105 1101 1228 1134; x_wconf 86' lang='lat' dir='ltr'><strong>autem</strong></span> <span class='ocrx_word' id='word_1_149' title='bbox 1255 1098 1422 1147; x_wconf 68' lang='lat' dir='ltr'><strong>speciem</strong></span> <span class='ocrx_word' id='word_1_150' title='bbox 1447 1090 1635 1148; x_wconf 79' lang='lat' dir='ltr'><strong>praebere</strong></span> <span class='ocrx_word' id='word_1_151' title='bbox 1661 1101 1705 1135; x_wconf 84' lang='lat' dir='ltr'><strong>ut</strong></span> <span class='ocrx_word' id='word_1_152' title='bbox 1732 1094 1819 1138; x_wconf 79' lang='lat' dir='ltr'><strong>Liv.</strong></span> 
     </span>
     <span class='ocr_line' id='line_1_14' title="bbox 281 1153 1819 1216; baseline 0.003 -17"><span class='ocrx_word' id='word_1_153' title='bbox 281 1166 331 1205; x_wconf 83' lang='grc'>22</span> <span class='ocrx_word' id='word_1_154' title='bbox 344 1191 356 1213; x_wconf 90' lang='lat'><strong>,</strong></span> <span class='ocrx_word' id='word_1_155' title='bbox 387 1165 462 1214; x_wconf 86' lang='lat'><strong>24,</strong></span> <span class='ocrx_word' id='word_1_156' title='bbox 497 1165 561 1205; x_wconf 81' lang='lat'><strong>12.</strong></span> <span class='ocrx_word' id='word_1_157' title='bbox 598 1164 766 1213; x_wconf 66' lang='lat' dir='ltr'><strong>speciem</strong></span> <span class='ocrx_word' id='word_1_158' title='bbox 790 1165 905 1214; x_wconf 82' lang='lat' dir='ltr'><strong>parti</strong></span> <span class='ocrx_word' id='word_1_159' title='bbox 931 1165 1089 1215; x_wconf 81' lang='lat' dir='ltr'><strong>utrique</strong></span> <span class='ocrx_word' id='word_1_160' title='bbox 1119 1164 1352 1215; x_wconf 72' lang='lat' dir='ltr'><strong>praebuisse</strong></span> <span class='ocrx_word' id='word_1_161' title='bbox 1379 1166 1474 1203; x_wconf 79' lang='lat' dir='ltr'><strong>novi</strong></span> <span class='ocrx_word' id='word_1_162' title='bbox 1496 1165 1703 1216; x_wconf 71' lang='lat' dir='ltr'><strong>praesidii.</strong></span> <span class='ocrx_word' id='word_1_163' title='bbox 1759 1153 1819 1203; x_wconf 70' lang='lat' dir='ltr'><strong>Ifl.</strong></span> 
     </span>
     <span class='ocr_line' id='line_1_15' title="bbox 281 1231 1818 1286; baseline -0.001 -13"><span class='ocrx_word' id='word_1_164' title='bbox 281 1234 347 1281; x_wconf 85' lang='lat'><strong>28,</strong></span> <span class='ocrx_word' id='word_1_165' title='bbox 381 1233 453 1280; x_wconf 81' lang='lat'><strong>14,</strong></span> <span class='ocrx_word' id='word_1_166' title='bbox 483 1231 522 1273; x_wconf 89' lang='lat'><strong>4.</strong></span> <span class='ocrx_word' id='word_1_167' title='bbox 562 1231 705 1269; x_wconf 77' lang='lat' dir='ltr'><strong>Similia</strong></span> <span class='ocrx_word' id='word_1_168' title='bbox 733 1235 776 1269; x_wconf 80' lang='lat' dir='ltr'><strong>ut</strong></span> <span class='ocrx_word' id='word_1_169' title='bbox 801 1245 835 1268; x_wconf 85' lang='lat' dir='ltr'><strong>v-</strong></span> <span class='ocrx_word' id='word_1_170' title='bbox 863 1232 931 1273; x_wconf 88' lang='lat'><strong>95.</strong></span> <span class='ocrx_word' id='word_1_171' title='bbox 960 1236 998 1271; x_wconf 81' lang='lat' dir='ltr'><strong>et</strong></span> <span class='ocrx_word' id='word_1_172' title='bbox 1029 1235 1075 1283; x_wconf 84' lang='lat'><strong>2,</strong></span> <span class='ocrx_word' id='word_1_173' title='bbox 1103 1235 1150 1283; x_wconf 87' lang='grc'><strong>2,</strong></span> <span class='ocrx_word' id='word_1_174' title='bbox 1181 1233 1276 1275; x_wconf 83' lang='grc'><strong>124.</strong></span> <span class='ocrx_word' id='word_1_175' title='bbox 1314 1238 1508 1286; x_wconf 83' lang='lat' dir='ltr'><strong>comparat</strong></span> <span class='ocrx_word' id='word_1_176' title='bbox 1537 1232 1740 1271; x_wconf 76' lang='lat' dir='ltr'><strong>Hautlzal.</strong></span> <span class='ocrx_word' id='word_1_177' title='bbox 1769 1233 1818 1272; x_wconf 77' lang='lat' dir='ltr'><strong>ad</strong></span> 
     </span>
     <span class='ocr_line' id='line_1_16' title="bbox 279 1298 1818 1356; baseline 0.008 -16"><span class='ocrx_word' id='word_1_178' title='bbox 279 1301 386 1340; x_wconf 85' lang='lat' dir='ltr'><strong>Pers.</strong></span> <span class='ocrx_word' id='word_1_179' title='bbox 414 1315 452 1353; x_wconf 88' lang='lat' dir='ltr'><strong>p.</strong></span> <span class='ocrx_word' id='word_1_180' title='bbox 480 1300 579 1341; x_wconf 83' lang='lat'><strong>392.</strong></span> <span class='ocrx_word' id='word_1_181' title='bbox 611 1322 659 1327; x_wconf 92' lang='lat'>—</span> <span class='ocrx_word' id='word_1_182' title='bbox 694 1301 901 1352; x_wconf 72' lang='lat' dir='ltr'><strong>profes-sus</strong></span> <span class='ocrx_word' id='word_1_183' title='bbox 929 1302 1105 1338; x_wconf 77' lang='lat' dir='ltr'><strong>amioum</strong></span> <span class='ocrx_word' id='word_1_184' title='bbox 1118 1330 1132 1347; x_wconf 93' lang='lat'><em>‚</em></span> <span class='ocrx_word' id='word_1_185' title='bbox 1160 1298 1511 1356; x_wconf 75' lang='grc' dir='ltr'><strong>ἐπαγγειλάμενος,</strong></span> <span class='ocrx_word' id='word_1_186' title='bbox 1550 1301 1577 1339; x_wconf 68' lang='grc' dir='ltr'><strong>ἰ·</strong></span> <span class='ocrx_word' id='word_1_187' title='bbox 1609 1314 1644 1340; x_wconf 70' lang='lat'><strong>0·</strong></span> <span class='ocrx_word' id='word_1_188' title='bbox 1673 1313 1818 1352; x_wconf 73' lang='lat' dir='ltr'><strong>„quum</strong></span> 
     </span>
     <span class='ocr_line' id='line_1_17' title="bbox 279 1368 1818 1420; baseline -0.001 -13"><span class='ocrx_word' id='word_1_189' title='bbox 279 1370 484 1407; x_wconf 81' lang='lat' dir='ltr'><strong>decrevisti</strong></span> <span class='ocrx_word' id='word_1_190' title='bbox 521 1382 609 1407; x_wconf 85' lang='lat' dir='ltr'><strong>esse</strong></span> <span class='ocrx_word' id='word_1_191' title='bbox 642 1374 757 1419; x_wconf 84' lang='lat' dir='ltr'><strong>atque</strong></span> <span class='ocrx_word' id='word_1_192' title='bbox 791 1370 890 1407; x_wconf 88' lang='lat' dir='ltr'><strong>adeo</strong></span> <span class='ocrx_word' id='word_1_193' title='bbox 922 1369 1046 1408; x_wconf 84' lang='lat' dir='ltr'><strong>sactus</strong></span> <span class='ocrx_word' id='word_1_194' title='bbox 1083 1383 1125 1408; x_wconf 90' lang='lat' dir='ltr'><strong>es</strong></span> <span class='ocrx_word' id='word_1_195' title='bbox 1157 1371 1299 1408; x_wconf 87' lang='lat' dir='ltr'><strong>amicus</strong></span> <span class='ocrx_word' id='word_1_196' title='bbox 1337 1370 1498 1408; x_wconf 86' lang='lat' dir='ltr'><strong>alicui.“</strong></span> <span class='ocrx_word' id='word_1_197' title='bbox 1556 1369 1674 1420; x_wconf 90' lang='lat' dir='ltr'><strong>Cruq.</strong></span> <span class='ocrx_word' id='word_1_198' title='bbox 1703 1368 1818 1406; x_wconf 78' lang='lat' dir='ltr'><strong>Cous.</strong></span> 
     </span>
     <span class='ocr_line' id='line_1_18' title="bbox 280 1435 1818 1489; baseline 0.001 -14"><span class='ocrx_word' id='word_1_199' title='bbox 280 1438 400 1488; x_wconf 83' lang='lat' dir='ltr'><strong>Seyff.</strong></span> <span class='ocrx_word' id='word_1_200' title='bbox 431 1438 478 1475; x_wconf 89' lang='lat' dir='ltr'><strong>ad</strong></span> <span class='ocrx_word' id='word_1_201' title='bbox 519 1437 600 1478; x_wconf 87' lang='lat' dir='ltr'><strong>Cic.</strong></span> <span class='ocrx_word' id='word_1_202' title='bbox 639 1436 749 1475; x_wconf 87' lang='lat' dir='ltr'><strong>Lael.</strong></span> <span class='ocrx_word' id='word_1_203' title='bbox 779 1438 828 1486; x_wconf 88' lang='lat'><strong>5,</strong></span> <span class='ocrx_word' id='word_1_204' title='bbox 859 1439 924 1477; x_wconf 90' lang='grc'><strong>17.</strong></span> <span class='ocrx_word' id='word_1_205' title='bbox 961 1452 1000 1489; x_wconf 88' lang='lat' dir='ltr'><strong>p.</strong></span> <span class='ocrx_word' id='word_1_206' title='bbox 1030 1439 1098 1478; x_wconf 91' lang='lat'><strong>97.</strong></span> <span class='ocrx_word' id='word_1_207' title='bbox 1142 1438 1347 1488; x_wconf 84' lang='lat' dir='ltr'><strong>Eleganter</strong></span> <span class='ocrx_word' id='word_1_208' title='bbox 1383 1439 1423 1476; x_wconf 86' lang='lat' dir='ltr'><strong>J.</strong></span> <span class='ocrx_word' id='word_1_209' title='bbox 1449 1437 1622 1476; x_wconf 80' lang='lat' dir='ltr'><strong>Merkel.-</strong></span> <span class='ocrx_word' id='word_1_210' title='bbox 1654 1435 1818 1487; x_wconf 85' lang='lat' dir='ltr'><strong>„Kenn&#39;</strong></span> 
     </span>
     <span class='ocr_line' id='line_1_19' title="bbox 280 1504 1820 1561; baseline 0 -19"><span class='ocrx_word' id='word_1_211' title='bbox 280 1507 337 1544; x_wconf 91' lang='lat' dir='ltr'><strong>ich</strong></span> <span class='ocrx_word' id='word_1_212' title='bbox 361 1506 447 1543; x_wconf 83' lang='lat' dir='ltr'><strong>dich</strong></span> <span class='ocrx_word' id='word_1_213' title='bbox 476 1504 602 1554; x_wconf 86' lang='lat' dir='ltr'><strong>recht,</strong></span> <span class='ocrx_word' id='word_1_214' title='bbox 638 1505 900 1556; x_wconf 80' lang='lat' dir='ltr'><strong>sreimiithiger</strong></span> <span class='ocrx_word' id='word_1_215' title='bbox 926 1505 1100 1561; x_wconf 85' lang='lat' dir='ltr'><strong>Lollius,</strong></span> <span class='ocrx_word' id='word_1_216' title='bbox 1138 1508 1244 1544; x_wconf 84' lang='lat' dir='ltr'><strong>wirst</strong></span> <span class='ocrx_word' id='word_1_217' title='bbox 1273 1507 1324 1544; x_wconf 83' lang='lat' dir='ltr'><strong>du</strong></span> <span class='ocrx_word' id='word_1_218' title='bbox 1350 1506 1435 1544; x_wconf 88' lang='lat' dir='ltr'><strong>dich</strong></span> <span class='ocrx_word' id='word_1_219' title='bbox 1459 1507 1602 1556; x_wconf 78' lang='lat' dir='ltr'><strong>hiiten,</strong></span> <span class='ocrx_word' id='word_1_220' title='bbox 1635 1504 1722 1553; x_wconf 84' lang='lat' dir='ltr'><strong>Da,</strong></span> <span class='ocrx_word' id='word_1_221' title='bbox 1760 1518 1820 1542; x_wconf 85' lang='lat' dir='ltr'><strong>wo</strong></span> 
     </span>
     <span class='ocr_line' id='line_1_20' title="bbox 281 1571 1820 1623; baseline 0 -11"><span class='ocrx_word' id='word_1_222' title='bbox 281 1575 435 1612; x_wconf 88' lang='lat' dir='ltr'><strong>Freund</strong></span> <span class='ocrx_word' id='word_1_223' title='bbox 465 1574 516 1612; x_wconf 91' lang='lat' dir='ltr'><strong>du</strong></span> <span class='ocrx_word' id='word_1_224' title='bbox 549 1573 634 1611; x_wconf 90' lang='lat' dir='ltr'><strong>dich</strong></span> <span class='ocrx_word' id='word_1_225' title='bbox 661 1577 823 1623; x_wconf 88' lang='lat' dir='ltr'><strong>nennst,</strong></span> <span class='ocrx_word' id='word_1_226' title='bbox 859 1587 905 1612; x_wconf 86' lang='lat' dir='ltr'><strong>zu</strong></span> <span class='ocrx_word' id='word_1_227' title='bbox 943 1574 1164 1614; x_wconf 86' lang='lat' dir='ltr'><strong>erscheinen</strong></span> <span class='ocrx_word' id='word_1_228' title='bbox 1200 1576 1260 1614; x_wconf 90' lang='lat' dir='ltr'><strong>ein</strong></span> <span class='ocrx_word' id='word_1_229' title='bbox 1295 1575 1484 1614; x_wconf 69' lang='lat' dir='ltr'><strong>hfifischer</strong></span> <span class='ocrx_word' id='word_1_230' title='bbox 1521 1571 1820 1613; x_wconf 81' lang='lat' dir='ltr'><strong>Schmeichler.“</strong></span> 
     </span>
    </p>

    <p class='ocr_par' dir='ltr' id='par_1_3' title="bbox 280 1635 1820 2508">
     <span class='ocr_line' id='line_1_21' title="bbox 394 1635 1820 1691; baseline 0.001 -13"><span class='ocrx_word' id='word_1_231' title='bbox 394 1641 440 1679; x_wconf 93' lang='lat' dir='ltr'><strong>V.</strong></span> <span class='ocrx_word' id='word_1_232' title='bbox 467 1641 507 1681; x_wconf 87' lang='lat'><strong>3.</strong></span> <span class='ocrx_word' id='word_1_233' title='bbox 538 1639 579 1681; x_wconf 86' lang='lat'><strong>4.</strong></span> <span class='ocrx_word' id='word_1_234' title='bbox 628 1642 682 1678; x_wconf 83' lang='lat' dir='ltr'><strong>Ut</strong></span> <span class='ocrx_word' id='word_1_235' title='bbox 709 1649 894 1680; x_wconf 86' lang='lat' dir='ltr'><strong>matrona</strong></span> <span class='ocrx_word' id='word_1_236' title='bbox 922 1664 978 1674; x_wconf 94' lang='lat'><strong>--</strong></span> <span class='ocrx_word' id='word_1_237' title='bbox 1006 1645 1174 1682; x_wconf 72' lang='lat' dir='ltr'><strong>amicus.</strong></span> <span class='ocrx_word' id='word_1_238' title='bbox 1240 1643 1299 1683; x_wconf 91' lang='lat' dir='ltr'><strong>De</strong></span> <span class='ocrx_word' id='word_1_239' title='bbox 1325 1644 1486 1681; x_wconf 79' lang='lat' dir='ltr'><strong>amicitia</strong></span> <span class='ocrx_word' id='word_1_240' title='bbox 1512 1641 1722 1691; x_wconf 71' lang='lat' dir='ltr'><strong>adulantis,</strong></span> <span class='ocrx_word' id='word_1_241' title='bbox 1749 1635 1820 1685; x_wconf 76' lang='grc' dir='ltr'><strong>κό-</strong></span> 
     </span>
     <span class='ocr_line' id='line_1_22' title="bbox 280 1706 1819 1767; baseline -0.001 -18"><span class='ocrx_word' id='word_1_242' title='bbox 280 1713 421 1760; x_wconf 79' lang='grc' dir='ltr'>λακος,</span> <span class='ocrx_word' id='word_1_243' title='bbox 462 1723 545 1747; x_wconf 91' lang='lat' dir='ltr'><strong>cum</strong></span> <span class='ocrx_word' id='word_1_244' title='bbox 583 1710 698 1765; x_wconf 71' lang='grc' dir='ltr'><strong><em>φιλίᾳ</em></strong></span> <span class='ocrx_word' id='word_1_245' title='bbox 726 1706 942 1767; x_wconf 73' lang='grc' dir='ltr'><strong><em>ἕταιρούσᾳ</em></strong></span> <span class='ocrx_word' id='word_1_246' title='bbox 975 1711 1070 1762; x_wconf 87' lang='lat' dir='ltr'><strong>(od.</strong></span> <span class='ocrx_word' id='word_1_247' title='bbox 1097 1715 1135 1762; x_wconf 89' lang='lat'><strong>1,</strong></span> <span class='ocrx_word' id='word_1_248' title='bbox 1165 1713 1235 1762; x_wconf 82' lang='lat'><strong>35,</strong></span> <span class='ocrx_word' id='word_1_249' title='bbox 1265 1711 1608 1764; x_wconf 79' lang='lat' dir='ltr'><strong>25.).comparata</strong></span> <span class='ocrx_word' id='word_1_250' title='bbox 1643 1709 1819 1749; x_wconf 66' lang='lat' dir='ltr'><strong>Dama&gt;</strong></span> 
     </span>
     <span class='ocr_line' id='line_1_23' title="bbox 282 1777 1820 1831; baseline 0.001 -17"><span class='ocrx_word' id='word_1_251' title='bbox 282 1777 402 1814; x_wconf 83' lang='lat' dir='ltr'><strong>Poeta</strong></span> <span class='ocrx_word' id='word_1_252' title='bbox 430 1777 626 1815; x_wconf 87' lang='lat' dir='ltr'><strong>Platonem</strong></span> <span class='ocrx_word' id='word_1_253' title='bbox 656 1778 836 1828; x_wconf 87' lang='lat' dir='ltr'><strong>(Phaedr.</strong></span> <span class='ocrx_word' id='word_1_254' title='bbox 860 1793 899 1831; x_wconf 85' lang='lat' dir='ltr'><strong>p.</strong></span> <span class='ocrx_word' id='word_1_255' title='bbox 921 1779 1016 1821; x_wconf 81' lang='lat'><strong>240.</strong></span> <span class='ocrx_word' id='word_1_256' title='bbox 1045 1780 1110 1830; x_wconf 90' lang='lat' dir='ltr'><strong>B.)</strong></span> <span class='ocrx_word' id='word_1_257' title='bbox 1141 1785 1293 1819; x_wconf 88' lang='lat' dir='ltr'><strong>secutus</strong></span> <span class='ocrx_word' id='word_1_258' title='bbox 1316 1793 1402 1818; x_wconf 88' lang='lat' dir='ltr'><strong>esse</strong></span> <span class='ocrx_word' id='word_1_259' title='bbox 1431 1779 1595 1818; x_wconf 84' lang='lat' dir='ltr'><strong>videtur.</strong></span> <span class='ocrx_word' id='word_1_260' title='bbox 1639 1777 1820 1817; x_wconf 72' lang='lat' dir='ltr'><strong>Similiter</strong></span> 
     </span>
     <span class='ocr_line' id='line_1_24' title="bbox 281 1841 1819 1899; baseline 0.004 -18"><span class='ocrx_word' id='word_1_261' title='bbox 281 1841 500 1882; x_wconf 86' lang='lat' dir='ltr'><strong>Plutarchus</strong></span> <span class='ocrx_word' id='word_1_262' title='bbox 528 1845 575 1883; x_wconf 93' lang='lat' dir='ltr'><strong>de</strong></span> <span class='ocrx_word' id='word_1_263' title='bbox 606 1846 717 1883; x_wconf 87' lang='lat' dir='ltr'><strong>Adul.</strong></span> <span class='ocrx_word' id='word_1_264' title='bbox 750 1852 789 1884; x_wconf 93' lang='lat' dir='ltr'><strong>et</strong></span> <span class='ocrx_word' id='word_1_265' title='bbox 816 1847 938 1887; x_wconf 88' lang='lat' dir='ltr'><strong>Amic.</strong></span> <span class='ocrx_word' id='word_1_266' title='bbox 967 1846 1094 1885; x_wconf 89' lang='lat' dir='ltr'><strong>Discr.</strong></span> <span class='ocrx_word' id='word_1_267' title='bbox 1118 1848 1182 1886; x_wconf 82' lang='lat' dir='ltr'><strong>Vl.</strong></span> <span class='ocrx_word' id='word_1_268' title='bbox 1212 1861 1251 1899; x_wconf 88' lang='lat' dir='ltr'><strong>p.</strong></span> <span class='ocrx_word' id='word_1_269' title='bbox 1286 1847 1379 1889; x_wconf 84' lang='lat'><strong>229.</strong></span> <span class='ocrx_word' id='word_1_270' title='bbox 1405 1847 1452 1885; x_wconf 87' lang='lat' dir='ltr'><strong>R.</strong></span> <span class='ocrx_word' id='word_1_271' title='bbox 1482 1845 1669 1887; x_wconf 70' lang='lat' dir='ltr'><strong>amicitiae</strong></span> <span class='ocrx_word' id='word_1_272' title='bbox 1696 1857 1819 1884; x_wconf 70' lang='lat' dir='ltr'><strong>mere·</strong></span> 
     </span>
     <span class='ocr_line' id='line_1_25' title="bbox 282 1908 1819 1966; baseline 0.003 -17"><span class='ocrx_word' id='word_1_273' title='bbox 282 1913 413 1950; x_wconf 89' lang='lat' dir='ltr'><strong>triciae</strong></span> <span class='ocrx_word' id='word_1_274' title='bbox 443 1913 503 1961; x_wconf 91' lang='lat' dir='ltr'><strong>(ut</strong></span> <span class='ocrx_word' id='word_1_275' title='bbox 532 1913 647 1952; x_wconf 84' lang='lat' dir='ltr'><strong>ovid.</strong></span> <span class='ocrx_word' id='word_1_276' title='bbox 676 1926 720 1951; x_wconf 90' lang='lat' dir='ltr'><strong>ex</strong></span> <span class='ocrx_word' id='word_1_277' title='bbox 748 1913 863 1953; x_wconf 92' lang='lat' dir='ltr'><strong>Pont.</strong></span> <span class='ocrx_word' id='word_1_278' title='bbox 894 1917 935 1964; x_wconf 91' lang='grc'>2,</span> <span class='ocrx_word' id='word_1_279' title='bbox 964 1916 1006 1964; x_wconf 86' lang='grc'><strong>3,</strong></span> <span class='ocrx_word' id='word_1_280' title='bbox 1041 1915 1104 1956; x_wconf 90' lang='grc'><strong>19.</strong></span> <span class='ocrx_word' id='word_1_281' title='bbox 1131 1915 1215 1966; x_wconf 88' lang='grc'><strong>20.)</strong></span> <span class='ocrx_word' id='word_1_282' title='bbox 1245 1916 1386 1964; x_wconf 81' lang='grc' dir='ltr'><strong><em>φιλίαν</em></strong></span> <span class='ocrx_word' id='word_1_283' title='bbox 1410 1909 1619 1965; x_wconf 70' lang='grc' dir='ltr'><strong><em>ἅληθινήν</em></strong></span> <span class='ocrx_word' id='word_1_284' title='bbox 1647 1912 1716 1953; x_wconf 74' lang='grc' dir='ltr'><strong>καὶ</strong></span> <span class='ocrx_word' id='word_1_285' title='bbox 1745 1908 1819 1954; x_wconf 72' lang='grc' dir='ltr'><strong>σαί·</strong></span> 
     </span>
     <span class='ocr_line' id='line_1_26' title="bbox 282 1981 1820 2034; baseline -0.002 -13"><span class='ocrx_word' id='word_1_286' title='bbox 282 1995 415 2034; x_wconf 85' lang='grc' dir='ltr'><strong><em>φρονα</em></strong></span> <span class='ocrx_word' id='word_1_287' title='bbox 444 1981 615 2032; x_wconf 88' lang='lat' dir='ltr'><strong>opponit.</strong></span> <span class='ocrx_word' id='word_1_288' title='bbox 662 1981 716 2019; x_wconf 90' lang='lat' dir='ltr'><strong>Ut</strong></span> <span class='ocrx_word' id='word_1_289' title='bbox 742 1981 802 2019; x_wconf 90' lang='lat' dir='ltr'><strong>hic</strong></span> <span class='ocrx_word' id='word_1_290' title='bbox 827 1995 978 2020; x_wconf 86' lang='lat' dir='ltr'><strong>scurrae</strong></span> <span class='ocrx_word' id='word_1_291' title='bbox 1009 1996 1092 2020; x_wconf 91' lang='lat' dir='ltr'><strong>cum</strong></span> <span class='ocrx_word' id='word_1_292' title='bbox 1121 1982 1381 2021; x_wconf 87' lang='lat' dir='ltr'><strong>meretricibus</strong></span> <span class='ocrx_word' id='word_1_293' title='bbox 1421 1987 1458 2020; x_wconf 86' lang='lat' dir='ltr'><strong>et</strong></span> <span class='ocrx_word' id='word_1_294' title='bbox 1488 1981 1598 2020; x_wconf 84' lang='lat' dir='ltr'><strong>amici</strong></span> <span class='ocrx_word' id='word_1_295' title='bbox 1626 1993 1710 2019; x_wconf 78' lang='lat' dir='ltr'><strong>cum</strong></span> <span class='ocrx_word' id='word_1_296' title='bbox 1738 1992 1820 2019; x_wconf 78' lang='lat' dir='ltr'><strong>ma-</strong></span> 
     </span>
     <span class='ocr_line' id='line_1_27' title="bbox 282 2046 1818 2100; baseline 0.001 -13"><span class='ocrx_word' id='word_1_297' title='bbox 282 2050 403 2087; x_wconf 88' lang='lat' dir='ltr'><strong>tronis</strong></span> <span class='ocrx_word' id='word_1_298' title='bbox 433 2054 724 2100; x_wconf 82' lang='lat' dir='ltr'><strong>comparantur,</strong></span> <span class='ocrx_word' id='word_1_299' title='bbox 754 2050 809 2086; x_wconf 89' lang='lat' dir='ltr'><strong>ita</strong></span> <span class='ocrx_word' id='word_1_300' title='bbox 835 2049 934 2087; x_wconf 89' lang='lat' dir='ltr'><strong>haud</strong></span> <span class='ocrx_word' id='word_1_301' title='bbox 960 2050 1117 2088; x_wconf 84' lang='lat' dir='ltr'><strong>absimili</strong></span> <span class='ocrx_word' id='word_1_302' title='bbox 1146 2051 1292 2088; x_wconf 87' lang='lat' dir='ltr'><strong>ratione</strong></span> <span class='ocrx_word' id='word_1_303' title='bbox 1323 2050 1456 2086; x_wconf 87' lang='lat' dir='ltr'><strong>Cicero</strong></span> <span class='ocrx_word' id='word_1_304' title='bbox 1491 2049 1539 2086; x_wconf 88' lang='lat' dir='ltr'><strong>de</strong></span> <span class='ocrx_word' id='word_1_305' title='bbox 1569 2048 1638 2086; x_wconf 87' lang='lat' dir='ltr'><strong>Or.</strong></span> <span class='ocrx_word' id='word_1_306' title='bbox 1668 2049 1718 2097; x_wconf 89' lang='grc'><strong>2,</strong></span> <span class='ocrx_word' id='word_1_307' title='bbox 1748 2046 1818 2096; x_wconf 83' lang='grc'><strong>60,</strong></span> 
     </span>
     <span class='ocr_line' id='line_1_28' title="bbox 284 2115 1816 2167; baseline -0.006 -6"><span class='ocrx_word' id='word_1_308' title='bbox 284 2118 380 2160; x_wconf 82' lang='lat'><strong>247.</strong></span> <span class='ocrx_word' id='word_1_309' title='bbox 411 2122 449 2155; x_wconf 94' lang='lat' dir='ltr'><strong>et</strong></span> <span class='ocrx_word' id='word_1_310' title='bbox 471 2116 725 2162; x_wconf 88' lang='lat' dir='ltr'><strong>Quintilianus</strong></span> <span class='ocrx_word' id='word_1_311' title='bbox 754 2117 844 2156; x_wconf 88' lang='lat' dir='ltr'><strong>Inst.</strong></span> <span class='ocrx_word' id='word_1_312' title='bbox 865 2119 907 2167; x_wconf 88' lang='lat'><strong>6,</strong></span> <span class='ocrx_word' id='word_1_313' title='bbox 936 2118 975 2162; x_wconf 87' lang='grc'><strong>3,</strong></span> <span class='ocrx_word' id='word_1_314' title='bbox 999 2119 1066 2159; x_wconf 89' lang='grc'><strong>29.</strong></span> <span class='ocrx_word' id='word_1_315' title='bbox 1097 2123 1286 2156; x_wconf 85' lang='lat' dir='ltr'><strong>oratorem</strong></span> <span class='ocrx_word' id='word_1_316' title='bbox 1307 2130 1330 2155; x_wconf 87' lang='lat' dir='ltr'><strong>a</strong></span> <span class='ocrx_word' id='word_1_317' title='bbox 1350 2130 1481 2159; x_wconf 82' lang='lat' dir='ltr'><strong>scurra</strong></span> <span class='ocrx_word' id='word_1_318' title='bbox 1500 2117 1642 2155; x_wconf 78' lang='lat' dir='ltr'><strong>distare</strong></span> <span class='ocrx_word' id='word_1_319' title='bbox 1668 2115 1816 2164; x_wconf 77' lang='lat' dir='ltr'><strong>dieunt,</strong></span> 
     </span>
     <span class='ocr_line' id='line_1_29' title="bbox 283 2180 1816 2238; baseline -0.004 -13"><span class='ocrx_word' id='word_1_320' title='bbox 283 2192 322 2225; x_wconf 88' lang='lat' dir='ltr'><strong>et</strong></span> <span class='ocrx_word' id='word_1_321' title='bbox 351 2186 434 2238; x_wconf 85' lang='lat' dir='ltr'><strong>pari</strong></span> <span class='ocrx_word' id='word_1_322' title='bbox 455 2185 650 2235; x_wconf 70' lang='lat' dir='ltr'><strong>&#39;elegantia</strong></span> <span class='ocrx_word' id='word_1_323' title='bbox 679 2186 816 2224; x_wconf 87' lang='lat' dir='ltr'><strong>Cicero</strong></span> <span class='ocrx_word' id='word_1_324' title='bbox 843 2186 892 2223; x_wconf 90' lang='lat' dir='ltr'><strong>de</strong></span> <span class='ocrx_word' id='word_1_325' title='bbox 917 2185 1002 2223; x_wconf 83' lang='lat' dir='ltr'><strong>Fin.</strong></span> <span class='ocrx_word' id='word_1_326' title='bbox 1034 2188 1080 2234; x_wconf 92' lang='grc'><strong>2,</strong></span> <span class='ocrx_word' id='word_1_327' title='bbox 1107 2184 1159 2235; x_wconf 88' lang='lat'><strong>4,</strong></span> <span class='ocrx_word' id='word_1_328' title='bbox 1191 2187 1257 2226; x_wconf 87' lang='lat'><strong>12.</strong></span> <span class='ocrx_word' id='word_1_329' title='bbox 1294 2186 1510 2236; x_wconf 80' lang='lat' dir='ltr'><strong>voluptates</strong></span> <span class='ocrx_word' id='word_1_330' title='bbox 1538 2180 1816 2233; x_wconf 69' lang='lat' dir='ltr'><strong>meretricibus,</strong></span> 
     </span>
     <span class='ocr_line' id='line_1_30' title="bbox 283 2250 1818 2304; baseline -0.003 -14"><span class='ocrx_word' id='word_1_331' title='bbox 283 2256 442 2293; x_wconf 85' lang='lat' dir='ltr'><strong>virtutes</strong></span> <span class='ocrx_word' id='word_1_332' title='bbox 471 2256 663 2291; x_wconf 76' lang='lat' dir='ltr'><strong>matronis</strong></span> <span class='ocrx_word' id='word_1_333' title='bbox 683 2258 722 2293; x_wconf 90' lang='lat' dir='ltr'><strong>et</strong></span> <span class='ocrx_word' id='word_1_334' title='bbox 740 2254 843 2291; x_wconf 87' lang='lat' dir='ltr'><strong>Max.</strong></span> <span class='ocrx_word' id='word_1_335' title='bbox 867 2253 1009 2304; x_wconf 88' lang='lat' dir='ltr'><strong>Tyrius</strong></span> <span class='ocrx_word' id='word_1_336' title='bbox 1037 2253 1156 2303; x_wconf 89' lang='lat' dir='ltr'><strong>(Diss.</strong></span> <span class='ocrx_word' id='word_1_337' title='bbox 1177 2254 1247 2303; x_wconf 87' lang='lat'><strong>20,</strong></span> <span class='ocrx_word' id='word_1_338' title='bbox 1275 2253 1330 2303; x_wconf 87' lang='lat'><strong>1.)</strong></span> <span class='ocrx_word' id='word_1_339' title='bbox 1353 2253 1510 2290; x_wconf 88' lang='lat' dir='ltr'><strong>amicum</strong></span> <span class='ocrx_word' id='word_1_340' title='bbox 1531 2250 1694 2299; x_wconf 77' lang='lat' dir='ltr'><strong>Virtuti,</strong></span> <span class='ocrx_word' id='word_1_341' title='bbox 1721 2250 1818 2287; x_wconf 83' lang='lat' dir='ltr'><strong>adu—</strong></span> 
     </span>
     <span class='ocr_line' id='line_1_31' title="bbox 283 2309 1817 2375; baseline -0.004 -15"><span class='ocrx_word' id='word_1_342' title='bbox 283 2323 443 2360; x_wconf 88' lang='lat' dir='ltr'><strong>latorem</strong></span> <span class='ocrx_word' id='word_1_343' title='bbox 477 2322 669 2375; x_wconf 88' lang='lat' dir='ltr'><strong>Voluptati</strong></span> <span class='ocrx_word' id='word_1_344' title='bbox 706 2323 919 2360; x_wconf 88' lang='lat' dir='ltr'><strong>conferunt.</strong></span> <span class='ocrx_word' id='word_1_345' title='bbox 978 2309 1203 2371; x_wconf 85' lang='lat' dir='ltr'><strong>Singillatim</strong></span> <span class='ocrx_word' id='word_1_346' title='bbox 1238 2321 1275 2358; x_wconf 92' lang='lat' dir='ltr'><strong>h.</strong></span> <span class='ocrx_word' id='word_1_347' title='bbox 1306 2320 1331 2358; x_wconf 91' lang='lat' dir='ltr'><strong>l.</strong></span> <span class='ocrx_word' id='word_1_348' title='bbox 1361 2318 1606 2371; x_wconf 78' lang='lat' dir='ltr'><strong>pudibunda</strong></span> <span class='ocrx_word' id='word_1_349' title='bbox 1634 2325 1817 2355; x_wconf 78' lang='lat' dir='ltr'><strong>matrona</strong></span> 
     </span>
     <span class='ocr_line' id='line_1_32' title="bbox 284 2386 1818 2443; baseline -0.003 -16"><span class='ocrx_word' id='word_1_350' title='bbox 284 2390 349 2441; x_wconf 81' lang='lat' dir='ltr'><strong>(A.</strong></span> <span class='ocrx_word' id='word_1_351' title='bbox 377 2390 423 2429; x_wconf 91' lang='grc' dir='ltr'><strong>Ρ.</strong></span> <span class='ocrx_word' id='word_1_352' title='bbox 454 2390 533 2431; x_wconf 86' lang='grc'><strong>231</strong></span> <span class='ocrx_word' id='word_1_353' title='bbox 564 2413 619 2420; x_wconf 94' lang='lat'><strong>—-</strong></span> <span class='ocrx_word' id='word_1_354' title='bbox 648 2391 735 2443; x_wconf 84' lang='lat'><strong>33.)</strong></span> <span class='ocrx_word' id='word_1_355' title='bbox 763 2403 786 2428; x_wconf 85' lang='lat' dir='ltr'><strong>a</strong></span> <span class='ocrx_word' id='word_1_356' title='bbox 808 2396 998 2441; x_wconf 74' lang='lat' dir='ltr'><strong>proterva</strong></span> <span class='ocrx_word' id='word_1_357' title='bbox 1024 2389 1222 2427; x_wconf 86' lang='lat' dir='ltr'><strong>meretrice</strong></span> <span class='ocrx_word' id='word_1_358' title='bbox 1247 2392 1330 2427; x_wconf 84' lang='lat' dir='ltr'><strong>tota</strong></span> <span class='ocrx_word' id='word_1_359' title='bbox 1362 2389 1439 2426; x_wconf 87' lang='lat' dir='ltr'><strong>vita</strong></span> <span class='ocrx_word' id='word_1_360' title='bbox 1474 2386 1627 2425; x_wconf 80' lang='lat' dir='ltr'><strong>differre</strong></span> <span class='ocrx_word' id='word_1_361' title='bbox 1658 2386 1818 2433; x_wconf 86' lang='lat' dir='ltr'><strong>dicitur;</strong></span> 
     </span>
     <span class='ocr_line' id='line_1_33' title="bbox 284 2454 1816 2508; baseline -0.003 -14"><span class='ocrx_word' id='word_1_362' title='bbox 284 2458 370 2495; x_wconf 87' lang='lat' dir='ltr'><strong>hinc</strong></span> <span class='ocrx_word' id='word_1_363' title='bbox 399 2458 558 2508; x_wconf 74' lang='lat' dir='ltr'><strong>dispar,</strong></span> <span class='ocrx_word' id='word_1_364' title='bbox 586 2459 610 2499; x_wconf 84' lang='lat' dir='ltr'><strong>i.</strong></span> <span class='ocrx_word' id='word_1_365' title='bbox 641 2472 673 2497; x_wconf 89' lang='lat' dir='ltr'><strong>e.</strong></span> <span class='ocrx_word' id='word_1_366' title='bbox 704 2459 892 2497; x_wconf 84' lang='lat' dir='ltr'><strong>dissimilis</strong></span> <span class='ocrx_word' id='word_1_367' title='bbox 920 2458 1087 2496; x_wconf 85' lang='lat' dir='ltr'><strong>moribus</strong></span> <span class='ocrx_word' id='word_1_368' title='bbox 1111 2461 1150 2495; x_wconf 90' lang='lat' dir='ltr'><strong>et</strong></span> <span class='ocrx_word' id='word_1_369' title='bbox 1173 2456 1324 2506; x_wconf 83' lang='lat' dir='ltr'><strong>ingenio</strong></span> <span class='ocrx_word' id='word_1_370' title='bbox 1355 2460 1394 2493; x_wconf 93' lang='lat' dir='ltr'><strong>et</strong></span> <span class='ocrx_word' id='word_1_371' title='bbox 1418 2454 1612 2501; x_wconf 78' lang='lat' dir='ltr'><strong>discolor,</strong></span> <span class='ocrx_word' id='word_1_372' title='bbox 1641 2454 1749 2493; x_wconf 84' lang='lat' dir='ltr'><strong>omni</strong></span> <span class='ocrx_word' id='word_1_373' title='bbox 1759 2454 1816 2491; x_wconf 88' lang='lat' dir='ltr'><strong>vi-</strong></span> 
     </span>
    </p>
   </div>
   <div class='ocr_carea' id='block_1_3' title="bbox 284 2521 1888 2577">
    <p class='ocr_par' dir='ltr' id='par_1_4' title="bbox 284 2521 1888 2577">
     <span class='ocr_line' id='line_1_34' title="bbox 284 2521 1888 2577; baseline -0.003 -14"><span class='ocrx_word' id='word_1_374' title='bbox 284 2531 345 2564; x_wconf 78' lang='lat' dir='ltr'><strong>tae</strong></span> <span class='ocrx_word' id='word_1_375' title='bbox 375 2539 516 2576; x_wconf 88' lang='lat' dir='ltr'><strong>genere</strong></span> <span class='ocrx_word' id='word_1_376' title='bbox 546 2531 585 2565; x_wconf 91' lang='lat' dir='ltr'><strong>et</strong></span> <span class='ocrx_word' id='word_1_377' title='bbox 614 2528 853 2577; x_wconf 90' lang='lat' dir='ltr'><strong>conditione,</strong></span> <span class='ocrx_word' id='word_1_378' title='bbox 888 2532 932 2565; x_wconf 86' lang='lat' dir='ltr'><strong>ut</strong></span> <span class='ocrx_word' id='word_1_379' title='bbox 962 2528 1036 2575; x_wconf 88' lang='lat'><strong>17,</strong></span> <span class='ocrx_word' id='word_1_380' title='bbox 1068 2526 1134 2567; x_wconf 83' lang='lat'><strong>23.</strong></span> <span class='ocrx_word' id='word_1_381' title='bbox 1170 2524 1276 2562; x_wconf 83' lang='lat' dir='ltr'><strong>Pers.</strong></span> <span class='ocrx_word' id='word_1_382' title='bbox 1306 2523 1355 2573; x_wconf 91' lang='lat'><strong>5,</strong></span> <span class='ocrx_word' id='word_1_383' title='bbox 1385 2523 1451 2565; x_wconf 88' lang='lat'><strong>52.</strong></span> <span class='ocrx_word' id='word_1_384' title='bbox 1490 2522 1575 2560; x_wconf 87' lang='lat' dir='ltr'><strong>coll.</strong></span> <span class='ocrx_word' id='word_1_385' title='bbox 1605 2522 1735 2563; x_wconf 85' lang='lat' dir='ltr'><strong>Burm.</strong></span> <span class='ocrx_word' id='word_1_386' title='bbox 1765 2521 1815 2560; x_wconf 76' lang='lat' dir='ltr'><strong>ad</strong></span> <span class='ocrx_word' id='word_1_387' title='bbox 1882 2546 1888 2552; x_wconf 89' lang='lat'><em>-</em></span> 
     </span>
    </p>
   </div>
   <div class='ocr_carea' id='block_1_4' title="bbox 284 2591 1882 2783">
    <p class='ocr_par' dir='ltr' id='par_1_5' title="bbox 284 2591 1882 2783">
     <span class='ocr_line' id='line_1_35' title="bbox 284 2591 1815 2645; baseline -0.006 -10"><span class='ocrx_word' id='word_1_388' title='bbox 284 2594 366 2635; x_wconf 86' lang='lat' dir='ltr'><strong>Val.</strong></span> <span class='ocrx_word' id='word_1_389' title='bbox 405 2594 465 2633; x_wconf 88' lang='lat' dir='ltr'><strong>Fl.</strong></span> <span class='ocrx_word' id='word_1_390' title='bbox 500 2595 547 2645; x_wconf 88' lang='lat'><strong>5,</strong></span> <span class='ocrx_word' id='word_1_391' title='bbox 579 2595 672 2636; x_wconf 90' lang='lat'><strong>565.</strong></span> <span class='ocrx_word' id='word_1_392' title='bbox 724 2595 781 2632; x_wconf 82' lang='lat' dir='ltr'><strong>Ita</strong></span> <span class='ocrx_word' id='word_1_393' title='bbox 811 2595 945 2634; x_wconf 87' lang='lat' dir='ltr'><strong>Cicero</strong></span> <span class='ocrx_word' id='word_1_394' title='bbox 984 2594 1070 2632; x_wconf 87' lang='lat' dir='ltr'><strong>Cat.</strong></span> <span class='ocrx_word' id='word_1_395' title='bbox 1097 2595 1184 2645; x_wconf 88' lang='lat' dir='ltr'><strong>maj.</strong></span> <span class='ocrx_word' id='word_1_396' title='bbox 1215 2594 1291 2642; x_wconf 89' lang='grc'>21,</span> <span class='ocrx_word' id='word_1_397' title='bbox 1318 2593 1387 2632; x_wconf 91' lang='grc'><strong>78.</strong></span> <span class='ocrx_word' id='word_1_398' title='bbox 1427 2591 1565 2642; x_wconf 77' lang='lat' dir='ltr'><strong>dispar</strong></span> <span class='ocrx_word' id='word_1_399' title='bbox 1591 2591 1659 2628; x_wconf 72' lang='lat' dir='ltr'><strong>eui</strong></span> <span class='ocrx_word' id='word_1_400' title='bbox 1696 2596 1815 2641; x_wconf 73' lang='lat' dir='ltr'><strong>atque</strong></span> 
     </span>
     <span class='ocr_line' id='line_1_36' title="bbox 286 2655 1814 2714; baseline -0.003 -17"><span class='ocrx_word' id='word_1_401' title='bbox 286 2662 476 2699; x_wconf 77' lang='lat' dir='ltr'><strong>dissimile</strong></span> <span class='ocrx_word' id='word_1_402' title='bbox 503 2664 711 2714; x_wconf 84' lang='lat' dir='ltr'><strong>conjungit.</strong></span> <span class='ocrx_word' id='word_1_403' title='bbox 774 2663 898 2701; x_wconf 87' lang='lat' dir='ltr'><strong>Minus</strong></span> <span class='ocrx_word' id='word_1_404' title='bbox 935 2666 1041 2700; x_wconf 86' lang='lat' dir='ltr'><strong>recte</strong></span> <span class='ocrx_word' id='word_1_405' title='bbox 1081 2661 1302 2713; x_wconf 75' lang='lat' dir='ltr'><strong>Cruquius:</strong></span> <span class='ocrx_word' id='word_1_406' title='bbox 1333 2659 1473 2710; x_wconf 82' lang='lat' dir='ltr'><strong>„vultu</strong></span> <span class='ocrx_word' id='word_1_407' title='bbox 1502 2657 1726 2709; x_wconf 82' lang='lat' dir='ltr'><strong>gestuque“</strong></span> <span class='ocrx_word' id='word_1_408' title='bbox 1753 2655 1814 2694; x_wconf 81' lang='lat' dir='ltr'><strong>vel</strong></span> 
     </span>
     <span class='ocr_line' id='line_1_37' title="bbox 286 2723 1882 2783; baseline -0.003 -17"><span class='ocrx_word' id='word_1_409' title='bbox 286 2729 536 2768; x_wconf 73' lang='lat' dir='ltr'><strong>Lambinus:</strong></span> <span class='ocrx_word' id='word_1_410' title='bbox 567 2728 826 2783; x_wconf 83' lang='lat' dir='ltr'><strong>„vestitu*).“</strong></span> <span class='ocrx_word' id='word_1_411' title='bbox 874 2730 915 2768; x_wconf 85' lang='lat' dir='ltr'><strong>ln</strong></span> <span class='ocrx_word' id='word_1_412' title='bbox 940 2735 1086 2783; x_wconf 89' lang='lat' dir='ltr'><strong>partem</strong></span> <span class='ocrx_word' id='word_1_413' title='bbox 1116 2729 1215 2770; x_wconf 88' lang='lat' dir='ltr'><strong>conf.</strong></span> <span class='ocrx_word' id='word_1_414' title='bbox 1238 2727 1457 2778; x_wconf 88' lang='lat' dir='ltr'><strong>Hieronym.</strong></span> <span class='ocrx_word' id='word_1_415' title='bbox 1484 2727 1603 2780; x_wconf 74' lang='lat' dir='ltr'><strong>Epist.</strong></span> <span class='ocrx_word' id='word_1_416' title='bbox 1624 2723 1692 2773; x_wconf 84' lang='lat'><strong>47,</strong></span> <span class='ocrx_word' id='word_1_417' title='bbox 1719 2724 1749 2762; x_wconf 92' lang='lat'><strong>1.</strong></span> <span class='ocrx_word' id='word_1_418' title='bbox 1772 2736 1812 2775; x_wconf 87' lang='lat' dir='ltr'><strong>p.</strong></span> <span class='ocrx_word' id='word_1_419' title='bbox 1879 2726 1882 2729; x_wconf 85' lang='lat'>&#39;</span> 
     </span>
    </p>
   </div>
   <div class='ocr_carea' id='block_1_5' title="bbox 291 2825 560 2832">
    <p class='ocr_par' dir='ltr' id='par_1_6' title="bbox 291 2825 560 2832">
     <span class='ocr_line' id='line_1_38' title="bbox 291 2825 560 2832; baseline 0 306"><span class='ocrx_word' id='word_1_420' title='bbox 291 2825 560 2832; x_wconf 95' lang='lat' dir='ltr'><strong> </strong></span> 
     </span>
    </p>
   </div>
   <div class='ocr_carea' id='block_1_6' title="bbox 288 2868 1811 2981">
    <p class='ocr_par' dir='ltr' id='par_1_7' title="bbox 288 2868 1811 2981">
     <span class='ocr_line' id='line_1_39' title="bbox 397 2868 1811 2925; baseline -0.003 -13"><span class='ocrx_word' id='word_1_421' title='bbox 397 2876 433 2920; x_wconf 65' lang='lat'><strong>³¹)</strong></span> <span class='ocrx_word' id='word_1_422' title='bbox 454 2878 663 2914; x_wconf 84' lang='lat' dir='ltr'><strong>Dissimilem</strong></span> <span class='ocrx_word' id='word_1_423' title='bbox 680 2880 847 2914; x_wconf 77' lang='lat' dir='ltr'><strong>vestitum</strong></span> <span class='ocrx_word' id='word_1_424' title='bbox 868 2880 1067 2925; x_wconf 83' lang='lat' dir='ltr'><strong>cultumque</strong></span> <span class='ocrx_word' id='word_1_425' title='bbox 1082 2877 1235 2923; x_wconf 82' lang='lat' dir='ltr'><strong>intelligi</strong></span> <span class='ocrx_word' id='word_1_426' title='bbox 1250 2878 1381 2912; x_wconf 84' lang='lat' dir='ltr'><strong>malunt</strong></span> <span class='ocrx_word' id='word_1_427' title='bbox 1395 2881 1433 2910; x_wconf 81' lang='lat' dir='ltr'><strong>et</strong></span> <span class='ocrx_word' id='word_1_428' title='bbox 1446 2873 1526 2916; x_wconf 76' lang='lat' dir='ltr'><strong>ani,</strong></span> <span class='ocrx_word' id='word_1_429' title='bbox 1546 2876 1586 2906; x_wconf 59' lang='lat' dir='ltr'><strong>ut</strong></span> <span class='ocrx_word' id='word_1_430' title='bbox 1605 2868 1811 2904; x_wconf 72' lang='lat' dir='ltr'><strong>Torreat-‘m</strong></span> 
     </span>
     <span class='ocr_line' id='line_1_40' title="bbox 288 2925 1810 2981; baseline -0.003 -16"><span class='ocrx_word' id='word_1_431' title='bbox 288 2936 324 2965; x_wconf 86' lang='lat' dir='ltr'><strong>et</strong></span> <span class='ocrx_word' id='word_1_432' title='bbox 345 2931 528 2969; x_wconf 79' lang='lat' dir='ltr'><strong>Ducerius.</strong></span> <span class='ocrx_word' id='word_1_433' title='bbox 566 2931 737 2970; x_wconf 77' lang='lat' dir='ltr'><strong>Mulieres</strong></span> <span class='ocrx_word' id='word_1_434' title='bbox 752 2937 842 2970; x_wconf 88' lang='lat' dir='ltr'><strong>enim</strong></span> <span class='ocrx_word' id='word_1_435' title='bbox 862 2936 1082 2971; x_wconf 83' lang='lat' dir='ltr'><strong>meretriciae</strong></span> <span class='ocrx_word' id='word_1_436' title='bbox 1102 2935 1137 2969; x_wconf 89' lang='lat' dir='ltr'><strong>in</strong></span> <span class='ocrx_word' id='word_1_437' title='bbox 1153 2934 1329 2981; x_wconf 88' lang='lat' dir='ltr'><strong>publicum</strong></span> <span class='ocrx_word' id='word_1_438' title='bbox 1344 2937 1488 2977; x_wconf 77' lang='lat' dir='ltr'><strong>togatae</strong></span> <span class='ocrx_word' id='word_1_439' title='bbox 1508 2925 1718 2974; x_wconf 80' lang='lat' dir='ltr'><strong>prodibant,</strong></span> <span class='ocrx_word' id='word_1_440' title='bbox 1736 2929 1775 2959; x_wconf 79' lang='lat' dir='ltr'><strong>ut</strong></span> <span class='ocrx_word' id='word_1_441' title='bbox 1787 2935 1810 2958; x_wconf 70' lang='lat' dir='ltr'><strong>a</strong></span> 
     </span>
    </p>
   </div>
  </div>
 </body>
</html>
