1910 3138
1801 0 1910 187 Ἰ

1885 202 1910 291 ³9³ss

271 228 355 271 316
420 226 776 268 COMMENT.1N
795 227 920 267 non.
941 224 1043 267 Lm.
1056 228 1087 271 1.
1117 227 1634 272 arisi-,smmacm
1702 233 1784 277 m
1814 244 1816 246 v

270 357 492 395 sententiam
519 354 659 392 faciunt
687 352 802 391 verba
824 353 992 392 Senecae
1016 353 1139 406 Epist.
1168 355 1238 396 91.
1300 355 1464 406 Quanta
1496 356 1694 396 dementia
1727 364 1786 396 est

269 426 408 471 vereri,
437 437 486 461 ne
511 421 720 473 infameris
749 421 803 459 ab
833 421 1083 473 infamibus?
1111 444 1160 451 —
1195 421 1319 461 Num
1345 424 1446 475 quid
1464 423 1692 463 dmimenu'
1702 425 1785 478 sa-

268 499 370 531 ceret
395 493 459 528 νίν
482 489 607 527 bonus
618 517 632 535 ,
661 490 812 542 iniquis
836 492 1060 530 rumoribus
1087 490 1299 542 aspersus?
1328 490 1390 529 Ad
1414 494 1663 543 pomerium
1690 507 1783 533 con-

267 562 325 599 fer
354 560 435 598 Cic.
463 557 572 597 Lael.
602 559 682 607 26,
709 560 749 599 6.
788 559 905 611 (ibiq.
934 559 1086 611 Beier.)
1139 560 1294 599 Virtute
1330 561 1435 597 enim
1469 561 1672 612 ipsamon
1699 569 1783 600 tam

268 628 387 666 multi
398 625 582 678 praediti
606 639 702 672 esse,
732 641 855 678 quam
882 629 1009 667 videri
1033 628 1184 667 volunt.
1230 629 1324 666 Hos
1349 627 1520 667 delectat
1543 632 1780 670 affidatio:

266 696 330 734 his
349 695 478 744 fictus
505 695 563 732 ad
586 682 764 745 'ipsorum
793 696 1036 734 voluntatem
1065 710 1190 735 sermo
1222 710 1347 748 quum
1377 695 1612 744 adhibetur,
1637 699 1784 737 mub-

266 778 355 802 nem
389 764 520 801 'illam
565 776 716 800 vanam
769 766 1035 803 testimonium.
1076 779 1156 803 esse
1199 763 1367 802 laudum
1413 779 1580 804 suarum
1618 773 1784 817 putant.

264 834 399 872 Senec.
427 831 549 884 Epist.
586 831 654 872 59.
695 833 890 884 quicquid
911 833 1093 871 adulatio
1121 835 1164 871 in
1191 847 1263 871 nos
1285 835 1370 872 sine
1389 835 1547 885 pudore
1572 835 1783 887 congessit,

265 908 459 953 tanquam
498 898 674 938 debitum
706 901 967 951 prendimus.-
1010 903 1176 953 optimos
1213 916 1285 940 nos
1325 915 1405 940 esse
1415 930 1431 949 ,
1475 903 1782 953 sapientissimos

263 967 566 1021 affirmantibus
606 972 876 1017 assentimur,
915 984 1046 1023 quum
1092 972 1267 1008 sciamus
1311 970 1404 1009 illos
1449 979 1568 1021 caepe
1608 970 1778 1008 mentiri.

263 1038 360 1076 Illud
389 1050 478 1075 sane
500 1037 616 1075 voluit
643 1037 775 1076 Poeta.
825 1039 899 1085 Qui
927 1044 1051 1078 autem
1078 1039 1230 1078 chiasmi
1253 1039 1488 1079 immemores
1514 1042 1624 1089 sunt,
1651 1039 1679 1076 ii
1702 1038 1789 1079 fere-

263 1107 557 1157 interpretantur
583 1109 648 1143 aut
678 1108 732 1145 uti
767 1106 955 1146 Lambino
989 1111 1145 1146 auctore
1182 1109 1431 1146 Torrentius.-
1475 1110 1628 1160 „infert
1655 1108 1782 1149 Him-

262 1175 362 1225 tius,
400 1174 585 1213 neminem
610 1179 675 1212 aut
704 1175 799 1213 salso
825 1175 968 1214 honore
995 1175 1196 1225 delectari,
1235 1180 1301 1214 aut
1332 1175 1427 1214 falsa
1453 1179 1588 1217 terreri
1615 1178 1782 1230 infamia,

262 1244 335 1281 nisi
364 1244 428 1293 qui
453 1243 538 1294 ipse
571 1243 726 1281 vitiosus
755 1243 828 1292 sit,
868 1248 907 1282 et
942 1244 1036 1281 alius
1066 1256 1177 1293 quam
1211 1244 1262 1282 sit
1292 1245 1411 1283 videri
1435 1245 1566 1285 volens
1593 1250 1780 1297 perpetuo

261 1310 509 1360 mentiatur,“
538 1315 603 1349 aut
631 1312 686 1349 uti
720 1311 892 1349 Orellius
920 1312 997 1363 (ed.
1028 1311 1105 1362 1.):
1131 1311 1281 1362 „ldem,
1309 1312 1373 1361 qui
1395 1317 1581 1364 perpetuo
1602 1314 1782 1362 mentitur
1816 1318 1819 1324 '

262 1380 431 1429 aliosque
460 1379 635 1431 decipere
663 1381 766 1432 cupit
778 1407 791 1430 ,
829 1381 918 1418 dum
946 1392 989 1417 se
1017 1379 1154 1416 bonum
1181 1381 1463 1431 sapientemque
1494 1394 1581 1420 esse
1616 1382 1779 1434 simulat,

261 1452 418 1499 propter
442 1449 483 1485 id
508 1449 631 1500 ipsum
658 1449 829 1487 mendaci
858 1447 1009 1487 infamia
1036 1451 1221 1486 terreatur
1240 1461 1398 1493 necesse
1423 1449 1526 1488 est.“
1538 1446 1579 1502 ¹⁸¹)

373 1589 411 1633 *)
439 1587 555 1633 Magis
573 1597 662 1621 vera
678 1586 740 1621 illa
757 1587 898 1633 quidem
916 1585 1188 1631 interpretatio,
1211 1586 1277 1620 sed
1301 1585 1388 1621 baec
1410 1585 1515 1632 plane
1538 1589 1666 1622 contra
1681 1598 1778 1622 men-

262 1649 334 1680 tem
353 1647 488 1680 Poetae
515 1648 593 1688 est,
628 1645 689 1689 qui
714 1646 916 1681 mendacem
932 1643 1137 1689 infamiam,
1167 1654 1236 1689 qua
1255 1643 1333 1689 quis
1350 1655 1420 1678 non
1438 1647 1700 1680 commoveam
1720 1645 1789 1690 (νςἸ

261 1702 442 1746 36—38.)
467 1701 715 1748 quodammodo
724 1702 826 1747 falso
844 1701 980 1745 honori,
1000 1712 1068 1746 quo
1088 1699 1166 1746 quis
1186 1701 1407 1747 delectetur,
1421 1701 1488 1736 hac
1505 1701 1619 1736 tacita
1634 1696 1788 1750 aetiten-⁵,¹

261 1758 314 1792 tia
333 1759 497 1804 opponit:
528 1758 619 1803 „Uti
638 1770 707 1793 non
725 1757 933 1804 percelleris
952 1757 1051 1792 falsis
1071 1756 1392 1802 criminationibus,
1414 1756 1468 1793 ita
1485 1763 1522 1793 te
1541 1769 1612 1794 non
1631 1751 1789 1805 oportet}¹

260 1815 352 1849 falsa
370 1815 473 1849 laude
492 1815 677 1859 delectari,
696 1816 720 1849 i.
743 1828 775 1849 e.
791 1813 1073 1849 assentatoribus
1093 1814 1253 1849 credulas
1272 1825 1376 1850 aures
1390 1816 1577 1861 praebere,
1597 1811 1667 1850 uisi
1679 1815 1776 1850 forte

259 1873 371 1907 virum
389 1873 517 1906 bonum
536 1871 698 1906 simulare
718 1873 869 1906 mavis&
901 1872 1058 1905 Similem
1079 1871 1351 1907 inconstantiam
1366 1876 1468 1906 notat
1485 1872 1600 1907 Poeta
1613 1870 1652 1916 6,
1666 1872 1700 1907 9.
1718 1871 1786 1908 10.’

260 1929 342 1974 (ubi
360 1928 444 1963 vide
463 1929 604 1972 annot.)
632 1934 669 1962 et
696 1928 773 1963 Cic.
795 1930 840 1962 de
860 1928 971 1962 Offic.
999 1930 1017 1963 1
1032 1954 1042 1972 ,
1071 1930 1135 1973 21,
1164 1930 1224 1963 71.
1274 1928 1495 1974 Longissima
1512 1936 1629 1964 autem
1646 1940 1668 1964 a
1685 1939 1786 1968 vcro

260 1988 388 2021 abesse
402 1985 570 2020 videntur
586 1985 647 2030 qui
664 1985 822 2029 Bentlejo
837 1989 982 2019 auctore
1001 1989 1130 2030 puncto
1148 1990 1233 2030 post
1250 1987 1381 2020 colores
1399 1986 1519 2032 posito
1540 1991 1579 2020 et
1595 1985 1776 2032 scriptura

261 2043 503 2079 medicandum
535 2046 679 2076 servata
711 2041 800 2076 hanc
837 2041 1090 2076 sententiarum
1127 2042 1411 2087 progressionem
1448 2054 1529 2078 esse
1565 2041 1773 2089 opinantutz

261 2099 474 2145 „Maximam
493 2100 537 2134 ad
556 2099 666 2133 vitam
684 2098 825 2133 beatam
846 2097 916 2132 vim
935 2099 1061 2141 habet,
1089 2098 1139 2142 si,
1169 2099 1263 2144 quod
1283 2098 1397 2138 videri
1416 2098 1489 2143 vis,
1512 2111 1598 2134 vere
1617 2098 1772 2145 sapiens,

261 2169 348 2192 vere
370 2157 481 2192 bonus
509 2168 560 2191 es.
602 2155 755 2190 Virtutis
782 2154 871 2190 enim
895 2154 1067 2189 simulatio
1086 2161 1123 2188 te
1142 2167 1211 2188 non
1231 2160 1393 2200 praestat
1413 2156 1574 2200 beatum,
1606 2155 1675 2190 etsi
1694 2154 1787 2202 opi-⁷

260 2215 364 2249 nione
383 2214 483 2260 vulgi
503 2219 650 2248 externa
668 2212 803 2258 specie,
823 2223 927 2258 quam
946 2210 1125 2253 mentiris,
1147 2211 1304 2255 delusus,
1323 2213 1448 2246 beatus
1468 2212 1644 2256 habearis,
1661 2217 1772 2258 teque

259 2272 326 2306 hac
343 2271 423 2316 ipsa
447 2271 544 2316 vulgi
566 2270 823 2304 existimatione
842 2269 1006 2303 inductus
1027 2268 1228 2311 frustreris,
1257 2273 1363 2314 atque
1381 2268 1464 2303 inde
1493 2268 1594 2303 laude
1623 2268 1708 2303 boni
1733 2273 1772 2304 et

259 2329 432 2374 sapientis
451 2327 540 2374 viri,
563 2339 664 2373 quam
683 2327 751 2361 tibi
768 2326 949 2372 impertitg
967 2326 1124 2371 impense
1143 2324 1342 2360 delecteris.
1394 2325 1524 2371 Atqui,
1544 2325 1577 2360 si
1594 2324 1669 2359 laus
1687 2325 1770 2369 ista,

260 2398 349 2432 quae
367 2385 436 2419 tibi
455 2397 524 2420 non
543 2384 694 2419 merenti
711 2385 877 2419 ruborem
897 2387 1062 2418 excutere
1092 2382 1261 2425 deberet,
1292 2372 1448 2426 magnam
1470 2382 1540 2417 tibi
1562 2382 1772 2417 delectatio-

259 2455 335 2477 nem
360 2443 484 2477 affert:
518 2441 598 2477 fieri
616 2454 686 2475 non
705 2446 843 2486 potest,
874 2441 957 2486 quin
985 2439 1190 2485 opprobriis
1218 2439 1254 2472 in
1280 2442 1317 2471 te
1346 2438 1532 2484 conjectis,
1563 2439 1631 2474 etsi
1658 2437 1776 2484 salsis,-

258 2500 438 2534 contrario
469 2499 570 2533 modo
602 2498 782 2540 afficiare3
817 2498 911 2543 quod
936 2497 1143 2531 documento
1171 2500 1247 2539 est,
1279 2495 1425 2529 animum
1451 2507 1472 2530 a
1499 2495 1597 2541 vulgi
1622 2494 1770 2530 levitate

257 2558 470 2602 pendentem
499 2557 604 2600 longe
633 2556 747 2590 adhuc
778 2567 799 2589 a
828 2553 1004 2600 sapientia
1034 2554 1160 2587 abesse
1183 2565 1224 2586 ac
1251 2551 1483 2586 medicatione
1510 2553 1658 2598 egere.“
1713 2552 1770 2586 Ita

258 2613 559 2649 Mitscherlichius.
606 2610 647 2647 In
677 2612 744 2647 hoc
773 2611 1025 2646 sententiarum
1050 2610 1173 2645 ordine
1200 2609 1379 2654 scriptura
1407 2611 1609 2645 mendacem
1635 2611 1770 2644 tantum

259 2674 402 2703 servata
420 2670 651 2715 praeiverunt
669 2670 872 2713 bandinus,
902 2669 1075 2711 R‘scutor,
1101 2666 1174 2701 alii.
1214 2665 1296 2711 Alii,
1315 2671 1356 2700 ut
1373 2666 1575 2702 Μηίων-ω
1592 2666 1647 2711 (p.
1666 2661 1768 2708 452),

259 2738 323 2770 pro
341 2727 462 2760 eadem
478 2726 658 2771 scriptura
671 2725 928 2772 pugnacissime
943 2727 1207 2772 propugnantes
1226 2723 1357 2758 rectius
1377 2723 1517 2769 quidem
1536 2721 1766 2766 distinguunt,

260 2783 342 2825 sed,
372 2784 454 2828 quia
482 2783 579 2828 parti
606 2784 781 2818 tenaciter
809 2784 1003 2817 adhaerent
1032 2785 1144 2816 totum
1173 2779 1480 2827 derelinquentes,
1513 2778 1603 2813 viam
1628 2774 1765 2810 deviam

259 2839 359 2882 sequi
384 2839 550 2873 censendi
569 2844 662 2874 sunt.
703 2840 882 2886 Optimum
901 2845 1018 2874 autem
1037 2837 1271 2884 interpretem
1289 2838 1328 2872 in
1346 2838 1438 2871 curis
1457 2833 1618 2870 secundis
1639 2832 1683 2866 de
1702 2843 1765 2877 pa-

258 2894 409 2927 trocinio
432 2907 537 2930 verae
557 2895 758 2941 scripturae
778 2910 817 2932 se
836 2897 944 2942 dejici
961 2906 1100 2942 passum
1119 2907 1198 2930 esse
1225 2895 1255 2929 si
1284 2896 1351 2929 non
1376 2903 1482 2937 aegre
1503 2889 1706 2932 ferendum,
1727 2892 1765 2922 at

258 2955 357 2983 certe
375 2951 560 2986 dolendum
582 2955 649 2986 est.
