1910 3138
247 199 333 249 '540
401 207 685 249 COMMENT.
715 208 773 248 IN
797 208 923 249 HOR.
952 208 1050 249 LIB.
1069 210 1098 250 Ι.
1133 210 1298 254 EPIST.
1324 212 1622 254 VICESIMAM.
1696 215 1776 257 192

244 323 380 374 ginem
397 320 538 370 filiam
574 326 614 360 et
644 322 842 374 virginem
874 321 1059 360 chartam
1091 323 1258 363 interest
1275 325 1477 365 discrimen
1503 326 1645 376 fugisse
1673 327 1779 366 vide-

246 395 320 429 tur.
376 389 434 428 De
463 389 665 440 uxoribus,
695 390 937 440 concubinis,
965 391 1092 442 pueris
1110 391 1280 431 delicatis
1299 393 1398 432 domi
1416 393 1456 432 in
1472 394 1651 432 custodia·
1663 407 1781 447 saepe

247 459 404 497 retentis
434 458 473 495 in
500 457 658 497 alteram
696 458 948 497 similitudinis
987 462 1136 510 partem
1165 473 1190 499 a
1220 460 1422 499 Schmidio
1467 461 1692 513 Orellioque
1715 475 1779 501 re-

246 526 416 576 ligiosius
448 525 685 566 observatam
721 527 784 578 qui
819 526 931 578 plura
969 527 1065 565 scire
1103 528 1250 579 cupiet,
1289 529 1339 567 ad
1372 528 1460 568 illos
1493 531 1599 582 ipsos
1637 530 1695 568 vel
1727 531 1778 568 ad

251 594 525 634 VVeiclzertum
559 608 599 646 p.
628 594 695 635 73.
721 594 954 644 delegandus
988 595 1073 637 erit.
1106 617 1164 625 -
1207 596 1254 635 V.
1282 595 1322 639 4.
1352 598 1504 636 Paucis
1532 599 1686 637 ostendi
1707 613 1779 650 ge·

246 664 332 701 mis.
386 663 443 701 Ex
468 663 540 701 hoc
567 663 652 701 loco
682 663 751 700 viri
778 663 881 700 docti
910 666 1013 701 reete
1042 663 1322 710 concluserunt,
1358 665 1556 705 Horatium
1583 666 1777 719 Epistulas

245 731 437 782 singulas,
465 735 667 782 antequam
691 731 787 769 liber
811 731 968 768 emissus
989 735 1112 781 esset,
1143 744 1225 770 cum
1251 733 1381 784 paucis
1406 722 1616 773 hominibus
1635 743 1676 774 et
1697 736 1778 774 sine

243 800 358 838 dubio
386 812 470 838 cum
488 800 616 838 amicis
645 799 951 839 communicasse.
1001 798 1099 837 Vide
1119 813 1228 850 quem
1248 801 1376 839 laudat
1398 801 1599 840 Rankiue
1626 802 1683 855 (p.
1703 803 1778 854 72)

244 870 486 906 Mas-sonum
514 868 554 906 in
588 867 791 919 „Histoire
821 867 982 918 critique
1023 867 1071 906 de
1105 867 1143 906 la
1180 868 1403 921 republique
1435 870 1505 908 des
1531 871 1693 910 lettres“
1729 871 1776 910 V.

242 951 281 989 p.
307 939 400 978 170.
430 936 526 974 Not.
546 935 583 973 b.
603 956 659 964 --
686 937 914 974 communia
936 935 1106 984 laudas,
1133 937 1158 975 i.
1179 949 1213 975 e.
1242 938 1417 988 „majore
1443 938 1483 976 in
1505 938 1656 978 theatro
1684 952 1777 978 con·-

242 1005 336 1057 spici
361 1003 540 1050 mavis;“
568 1004 616 1042 de
643 1003 801 1042 aliorum
819 1004 1023 1042 sententia:
1053 1003 1267 1054 „libertatis
1286 1017 1415 1043 amore
1430 1005 1605 1047 incitatus
1625 1008 1663 1046 in
1679 1006 1778 1060 pub-

243 1070 354 1112 licum
381 1074 457 1124 jam
489 1072 646 1124 prodire
673 1071 777 1110 vis-‘⁶
831 1071 944 1108 Loca
980 1076 1102 1110 autem
1133 1074 1359 1110 communia
1394 1072 1590 1126 lupanaria
1624 1087 1776 1126 quoque

242 1141 439 1180 honestius
469 1140 661 1179 nominata
689 1153 777 1179 esse
806 1139 985 1177 observat
1027 1138 1201 1177 Orellius
1229 1140 1316 1179 coll.
1355 1141 1491 1180 Senec.
1522 1142 1706 1186 Controv.
1733 1143 1776 1191 1,

243 1212 283 1253 2.
314 1223 352 1262 p.
381 1209 449 1251 83.
478 1208 564 1260 Bip.
599 1209 794 1247 Meretrix
821 1214 965 1245 vocata
993 1220 1033 1245 es
1043 1236 1060 1254 ,
1095 1210 1138 1245 in
1166 1210 1367 1246 communi
1393 1208 1478 1248 loco
1505 1211 1645 1248 stetisti
1652 1225 1670 1259 ;
1706 1224 1775 1248 eu·

237 1279 463 1330 per-positus
492 1283 548 1314 est
574 1276 698 1318 cellae
723 1283 816 1314 tuae
837 1275 980 1314 titulus
991 1305 1007 1323 ‚
1037 1277 1233 1315 venientes
1259 1278 1450 1328 recepisti.

354 1346 400 1384 V.
430 1345 455 1387 5
485 1367 542 1375 —-
570 1347 610 1387 7.
658 1344 756 1385 Non
783 1347 842 1383 ita
867 1347 1041 1383 nutritus
1053 1343 1111 1398 *),
1138 1350 1180 1384 ut
1198 1345 1429 1385 Graecorum
1450 1342 1526 1397 οὐχ
1543 1341 1672 1393 οὕτως
1696 1345 1772 1383 Od.

243 1417 285 1466 1,
313 1414 383 1466 24,
413 1416 480 1455 11.
511 1415 552 1464 2,
582 1412 650 1462 15,
679 1413 744 1454 10.
784 1414 908 1459 Quum
935 1414 1029 1453 Hor.
1059 1413 1195 1451 librum
1222 1426 1301 1451 non
1336 1426 1381 1452 eo
1411 1412 1568 1451 consilio
1597 1425 1621 1451 a
1649 1425 1691 1450 se
1715 1411 1773 1451 al-

242 1488 321 1522 tum
350 1482 461 1531 dicit,
489 1485 533 1520 ut
554 1481 587 1519 is
615 1479 766 1532 publico
790 1482 948 1532 serviat,
971 1481 1071 1520 haud
1098 1481 1177 1519 scio
1202 1493 1251 1519 an
1276 1479 1448 1519 simulate
1466 1480 1655 1532 Epistolas
1671 1479 1772 1532 pub-

241 1551 336 1589 licae
363 1550 514 1588 lectioni
549 1562 626 1587 non
655 1551 816 1602 scriptas
843 1550 1006 1589 finxerit.
1069 1549 1144 1595 Qui
1179 1548 1370 1598 vulgarem
1405 1548 1554 1587 dicendi
1589 1549 1772 1588 rationem

241 1619 383 1668 (Hand.
411 1616 574 1657 Tursell.
603 1617 672 1657 111.
698 1631 736 1670 p.
761 1615 846 1659 490
874 1615 953 1671 sq.)
982 1621 1134 1657 auctore
1166 1615 1359 1655 Chabotio
1383 1620 1615 1667 sequuntur,
1641 1620 1774 1655 contra

242 1686 360 1737 ipsius
387 1689 523 1738 poetae
553 1686 779 1724 sententiam
814 1684 905 1739 (19,
933 1686 1002 1727 39.
1031 1684 1116 1738 40.)
1147 1685 1221 1723 dici
1247 1684 1404 1723 malunt:
1434 1697 1542 1734 „non
1568 1685 1770 1723 admodum

242 1753 429 1805 expolitus
458 1757 496 1792 et
523 1753 672 1792 limatus
702 1767 765 1803 es,
795 1757 836 1792 ut
861 1753 1039 1804 judicium
1066 1753 1281 1793 criticorum
1306 1765 1391 1791 cum
1417 1752 1560 1791 honore
1588 1751 1770 1792 subeas.“

243 1821 370 1866 Quum
393 1821 535 1859 volenti
567 1834 643 1859 non
666 1820 733 1860 fiat
759 1822 913 1872 injuria,
949 1821 1067 1860 Poeta
1099 1821 1403 1872 indignabundus
1429 1821 1538 1870 quasi
1563 1820 1770 1860 adhortans

242 1888 373 1927 addit:
397 1888 533 1939 suge,
573 1901 649 1939 quo
677 1893 772 1938 etc.,
807 1890 913 1928 addit
947 1893 1072 1928 tamen
1110 1902 1207 1940 quae
1238 1888 1512 1927 consideranda
1549 1889 1646 1939 sint,
1677 1889 1704 1930 i.
1734 1902 1769 1930 e.

242 1956 364 1994 semel
395 1957 533 1993 emisso
572 1955 743 1993 reditum
780 1971 860 1994 non
878 1957 986 2008 Jbre.
1045 1957 1164 1995 Simili
1199 1956 1390 1994 sententia
1422 1959 1536 2007 atque
1563 1956 1663 1995 haud
1689 1956 1769 1995 scio

243 2037 294 2063 an
323 2037 370 2063 ex
406 2023 565 2062 Horatio
600 2025 722 2075 petita
756 2024 868 2063 Mart.
905 2026 944 2074 1,
982 2023 1023 2073 4,
1060 2026 1124 2065 11.
1177 2023 1415 2069 Aetherias,
1452 2022 1622 2074 lascive,
1656 2023 1770 2075 cupis

243 2092 409 2131 volitare
425 2105 501 2143 per
526 2105 674 2130 auras:
706 2091 757 2137 I,
774 2090 909 2143 suge;
939 2090 1011 2128 sed
1029 2098 1190 2142 poteras
1213 2092 1334 2128 tutior
1350 2104 1429 2128 esse
1445 2090 1565 2129 domi.
1611 2091 1662 2130 At
1679 2103 1767 2130 sen-

243 2161 399 2199 tentiam
424 2164 501 2199 tam
529 2160 678 2212 planam
708 2160 836 2198 nescio
869 2172 943 2211 quo
972 2164 1085 2211 pacto
1117 2172 1271 2211 pravam
1302 2160 1468 2198 reddidit
1497 2158 1623 2198 Schol.
1648 2158 1766 2209 Cruq.

242 2229 345 2267 hisce
380 2228 526 2267 verbis:
571 2227 741 2279 „Devita
778 2230 1022 2280 conspectum
1058 2227 1266 2276 hominum,
1305 2240 1353 2266 ne
1390 2228 1523 2266 redeas
1558 2225 1766 2265 deterior.“

242 2289 499 2336 Hallucinatur
528 2309 613 2335 cum
639 2294 801 2334 Lubino
826 2299 867 2335 et
894 2296 1113 2348 Doeringio
1140 2295 1222 2348 (ed.
1250 2295 1359 2346 min.)
1387 2294 1597 2333 Hoclzeder
1609 2293 1674 2345 **)
1698 2305 1767 2332 sua

355 2447 393 2490 *)
415 2446 529 2481 Recte
555 2445 732 2491 improbat
757 2444 917 2481 Dt'intzer
946 2444 1065 2481 oreuiz·
1083 2443 1430 2490 interpretationem
1465 2443 1582 2487 „Tam
1609 2442 1700 2477 bene
1728 2446 1767 2476 et

244 2503 371 2548 pudice
389 2514 458 2537 non
475 2502 555 2536 ideo
574 2508 612 2537 te
632 2502 798 2547 educavi,
822 2508 861 2536 ut
878 2507 918 2537 tu
934 2508 1006 2537 tam
1024 2502 1174 2536 lascivus
1194 2500 1405 2535 evaderes.‘⁴
1454 2499 1511 2534 Ad
1529 2510 1600 2534 rem
1618 2497 1765 2545 propius

244 2559 383 2594 accedit
402 2561 591 2604 Cmquius:
627 2559 734 2604 „Non
754 2559 906 2594 imbutus
928 2571 949 2593 a
968 2571 1021 2594 me
1038 2563 1107 2593 tam
1127 2558 1235 2593 stulta
1251 2556 1451 2592 temeritate
1463 2582 1473 2600 ,
1494 2561 1533 2590 ut
1551 2555 1675 2601 egredi
1692 2553 1766 2590 vul-

246 2616 392 2662 garique
410 2615 629 2662 periculose,
654 2626 754 2661 quam
773 2620 851 2650 tuto
870 2617 969 2651 malis
988 2616 1081 2662 apud
1098 2626 1152 2650 me
1172 2619 1209 2650 et
1227 2614 1355 2649 amicos
1373 2614 1550 2649 manere-‘⁶

339 2681 395 2728 **)
415 2685 451 2718 Is
473 2683 557 2718 nihil
577 2684 670 2730 agit,
697 2695 800 2730 quum
824 2689 905 2719 ante
937 2695 1004 2728 quo
1031 2682 1192 2728 „locum“
1212 2682 1271 2717 vel
1299 2681 1541 2727 „descendere
1563 2679 1600 2714 in
1629 2679 1765 2714 locnm“

246 2738 508 2784 intelligendum
529 2741 599 2785 ait,
620 2752 659 2776 co
675 2745 794 2787 negat.
833 2741 926 2775 Ante
944 2741 1055 2774 verba
1073 2750 1162 2785 quae
1177 2744 1371 2785 sequuntur
1386 2739 1469 2775 Νοπ
1493 2737 1579 2782 erit,
1600 2748 1644 2771 ne
1670 2741 1765 2770 utra-

247 2805 314 2838 que
331 2796 527 2831 enunciatio
545 2797 743 2843 discrepet,
764 2809 848 2832 nam
861 2796 1013 2842 intelligi
1023 2798 1128 2842 jubet
1142 2797 1305 2834 Lubinus.
1340 2797 1380 2830 In
1396 2800 1516 2830 nostra
1531 2791 1763 2839 explicatione

245 2849 330 2894 quid
347 2851 514 2896 suppleas
534 2854 638 2888 facile
653 2853 875 2899 intelligitur.
913 2855 1047 2888 Poetae
1067 2853 1156 2887 enim
1171 2853 1203 2887 si
1219 2853 1431 2887 concitatius
1448 2851 1658 2897 loquuntur,
1678 2846 1764 2881 talia

246 2916 315 2941 non
331 2912 465 2945 curant.
498 2909 609 2943 Miror
623 2915 737 2945 autem
752 2921 825 2945 cum
843 2910 913 2945 illis
931 2910 1185 2957 interpretibus
1202 2909 1460 2946 Doederlinium
1478 2917 1617 2957 quoque
1632 2904 1762 2948 facere,
