1910 3138
276 211 362 255 410

873 220 1254 263 HORATII

1750 229 1803 269 62

347 331 462 375 Num
497 347 634 390 pavor
669 337 713 378 et
746 348 890 380 rerum
925 336 1196 383 mediocriter
1224 338 1389 384 utilium
1421 354 1542 401 ερας

348 410 562 455 Virtutem
601 413 795 459 doctrina
836 420 962 476 paret
995 420 1206 462 naturane
1240 418 1394 479 donet3

1724 421 1810 463 100

350 488 465 545 Quid
499 492 660 536 minuat
698 508 850 555 curas,
898 495 997 554 quid
1033 500 1076 541 te
1111 498 1184 541 tibi
1219 498 1374 543 reddat
1406 499 1609 558 amioum3

346 567 459 623 Quid
494 585 603 630 pure
636 574 904 636 tranquillet,
940 576 1078 620 honos
1113 592 1169 622 an
1201 576 1326 621 dulce
1353 578 1571 638 lucellum,

343 647 413 692 An
445 654 660 697 secretum
694 653 776 697 iter
806 658 850 698 et
884 654 1071 699 fallentis
1100 658 1254 701 semita
1281 658 1415 702 vitae.

342 727 418 772 Me
448 731 620 787 quoties
655 732 792 777 reficit
826 735 997 795 gelidus
1024 735 1231 796 Digentia
1264 737 1401 797 rivus7

272 877 367 914 Edd.
385 878 452 912 Fe.
479 878 576 915 Pott.
595 879 699 914 Jahn.
726 880 892 916 Hoched.
915 882 1020 920 Web,

272 935 383 972 Mein.
417 935 529 970 Orell.
562 937 642 981 (qui
672 937 764 981 def.)
798 938 1018 984 Dillenburg.

273 992 419 1037 stipae,
447 995 677 1038 comprobant
704 994 811 1029 Bach.
839 994 875 1029 in
895 996 1019 1032 Zimm.

273 1049 453 1083 zeitschr.
474 1050 500 1085 f.
515 1038 557 1085 ‘d.
576 1050 645 1089 Δ.“
677 1049 778 1087 1834.
798 1064 837 1097 p.
860 1050 961 1087 1044.
984 1057 1022 1087 et.

272 1106 433 1140 Diintzer
461 1118 498 1152 p.
518 1107 598 1143 512.
631 1107 742 1143 Recte
775 1119 915 1156 quoque
943 1110 1021 1144 Fea

272 1173 348 1198 cum
369 1164 415 1198 al.
435 1163 525 1198 hunc
543 1176 579 1198 v.
601 1169 638 1198 et
652 1176 752 1212 seqq.
773 1166 894 1210 „haud
908 1167 1019 1201 inter—

271 1221 455 1265 rogative,
477 1223 571 1267 quod
593 1221 732 1266 quidem
751 1223 850 1257 multi
873 1223 1019 1267 faciunt,

271 1277 493 1312 scribendum
506 1280 529 1297 “
572 1283 687 1323 putat.
725 1280 809 1315 Non
841 1286 885 1315 te.
930 1280 1020 1316 Mss.

270 1335 395 1371 Lamb.
439 1336 524 1381 aliq.
560 1336 671 1382 Cruq.
705 1339 739 1373 2.
774 1337 885 1371 Pulm.
915 1334 949 1371 4.
982 1339 1017 1373 7.

272 1391 407 1429 Bersm.
441 1397 531 1427 tres.
569 1392 676 1427 Torr.
713 1404 771 1429 un.
808 1394 887 1429 Val.
923 1398 1018 1440 sept.

272 1449 397 1483 Comb.
419 1450 464 1485 D.
488 1449 578 1485 Bad.
605 1451 635 1484 1.
655 1450 710 1484 Ik.
731 1450 765 1485 5.
785 1453 818 1487 6.
844 1452 941 1486 Ροιι.
963 1453 1017 1489 12.

273 1506 328 1540 13.
353 1505 408 1542 15.
430 1508 484 1543 16.
509 1508 563 1543 18.
585 1508 641 1542 21.
674 1507 787 1542 Orell.
814 1507 849 1542 d.
872 1508 953 1552 (sed
979 1520 1017 1554 p.

271 1563 341 1597 810
355 1575 440 1598 num
458 1564 591 1598 habere
607 1563 752 1610 dicitur)
786 1565 907 1601 Guelf.
926 1558 1017 1599 ornn-

271 1620 391 1653 Berol.
413 1622 444 1654 1.
461 1621 573 1655 Dorv.
591 1622 623 1655 1.
638 1620 781 1659 Corbei.
798 1622 899 1658 sant.
915 1623 1018 1668 Lips.

274 1677 306 1710 1.
326 1676 425 1712 Mon.
450 1689 482 1711 e.
512 1678 581 1713 Ed.
602 1678 714 1724 princ.
743 1690 801 1724 ap.
829 1679 954 1714 Comb.
981 1683 1019 1713 et

272 1731 328 1765 ed.
350 1732 499 1776 Bersm.,
520 1735 727 1780 comprobat
742 1735 937 1781 Victorius,
956 1736 1018 1770 im-

271 1790 405 1834 probat
423 1791 622 1829 Hocheder.
644 1792 697 1826 De
721 1792 938 1828 commutatis
957 1804 1016 1827 vv.

271 1857 357 1879 num
377 1851 414 1879 et
440 1858 512 1881 non
540 1849 586 1881 cf.
616 1845 772 1894 interpp.
803 1850 846 1883 ad
882 1850 952 1885 Od.
987 1852 1018 1892 1,

273 1898 330 1945 24,
353 1901 407 1937 15.
430 1902 520 1937 Plin.
539 1905 671 1948 Paneg.
703 1903 762 1941 49.
796 1911 833 1940 et
860 1906 1017 1941 Ellendt.

272 1958 316 1992 ad
330 1957 407 1993 Cic.
426 1959 469 1993 de
486 1960 551 1995 Or.
570 1963 604 2003 2,
620 1958 677 2004 64,
692 1961 772 1998 259.
793 1962 848 1997 Ne
862 1968 906 1997 te.
928 1963 1016 1997 Mss.

270 2015 394 2050 Lamb.
416 2016 518 2062 reliq.
548 2018 658 2062 Cruq.
679 2019 712 2052 6.
734 2018 770 2053 3.
806 2018 850 2053 al.
882 2020 1016 2056 Bersm.

272 2084 330 2108 un.
350 2073 467 2108 Bentl.
500 2073 544 2108 de
570 2074 643 2108 suis
668 2078 788 2118 tacet,
824 2075 901 2112 Val.
932 2074 1016 2120 aliq.

275 2130 399 2165 Comb.
420 2131 463 2165 Β.
480 2129 523 2164 F.
542 2131 588 2164 G.
611 2130 677 2165 Fe.
703 2131 873 2176 complur.
908 2132 962 2166 Ik.
980 2129 1016 2167 4.

273 2186 386 2222 Goth.
407 2187 499 2226 Edd.
521 2187 634 2224 Lech.
658 2183 740 2224 498.
761 2188 839 2223 Ald.
858 2187 938 2224 501.
961 2189 1015 2223 19.

271 2243 370 2278 .Ῐιιιιι.
386 2241 468 2280 514.
489 2244 544 2282 19.
575 2244 701 2279 Lamb.
721 2248 759 2279 et
785 2246 882 2291 vulg.
911 2245 1018 2279 etiam

272 2301 380 2336 Talb.
400 2301 518 2336 Bentl.
540 2313 702 2347 anonym.
723 2303 826 2348 Traj.
843 2302 889 2337 ad
904 2302 1018 2336 Rhen.

272 2357 354 2396 713,
372 2358 492 2392 Maitt.
505 2358 594 2392 Cun.
609 2359 694 2396 San.
706 2364 775 2396 cet.
787 2365 826 2394 et.
836 2363 920 2406 post
933 2365 1019 2394 tem·

273 2426 364 2459 pora
379 2414 476 2449 Feae
489 2415 611 2452 Jaeck.
621 2417 746 2462 Camp.
762 2416 852 2453 zell.
862 2415 1019 2450 Schmid.

273 2471 375 2506 Pass.
402 2471 557 2508 Braunh.
583 2472 715 2518 Char-p.
742 2473 858 2509 Amat.
878 2472 952 2508 Neo
971 2478 1018 2508 te.

272 2526 341 2561 Ms.
365 2528 474 2563 Torr.
493 2539 549 2563 un.
572 2529 669 2565 Mon.
692 2530 715 2565 l.
737 2542 782 2566 m.
813 2530 887 2573 (hic
906 2530 943 2564 in
963 2541 1020 2564 ra-

273 2586 382 2628 sura).
404 2585 497 2621 Edd.
518 2587 607 2620 Ven.
627 2584 708 2622 477.
727 2587 784 2622 79.
805 2589 862 2623 81.
883 2587 941 2625 83.
962 2587 1022 2622 86.

272 2641 331 2679 (de
350 2641 406 2678 ed.
426 2642 483 2677 92.
503 2655 572 2676 non
586 2644 659 2688 jam
674 2643 799 2688 liquet)
822 2644 917 2680 Flor.
938 2641 1019 2679 482.

273 2696 371 2741 Lips.
408 2695 490 2734 492.
524 2700 581 2736 98.
617 2700 697 2735 502.
747 2700 826 2735 Neu
858 2706 904 2738 te.
950 2700 1019 2736 Ms.

274 2751 398 2792 Comb.
421 2755 464 2790 C.

330 2810 374 2842 V.
399 2812 455 2848 99.
490 2811 586 2846 Num
612 2825 736 2857 pavor.
770 2812 857 2848 Mss.
885 2813 960 2846 fere
980 2817 1021 2847 ut

275 2875 309 2896 v.
331 2865 387 2898 98.
417 2868 477 2900 sed
507 2869 641 2902 Bersm.
672 2876 764 2910 tres3
801 2868 837 2902 in
860 2869 962 2915 Lips.
987 2871 1019 2905 1.

276 2919 378 2954 deest
395 2927 491 2957 totus
516 2935 653 2959 versus.
687 2926 783 2960 Edd.
808 2930 848 2960 ut
869 2925 905 2960 in
924 2937 1017 2960 vers.

1067 882 1313 918 antecedente.
1341 881 1426 918 Non
1443 894 1556 928 pavor
1578 882 1668 920 Mas.
1686 881 1810 918 Lmb.

1067 940 1176 984 Cruq.
1197 940 1306 976 Pulm.
1325 939 1435 975 Torr.
1454 939 1533 975 Val.
1553 939 1609 977 Ik.
1627 940 1703 974 fere
1720 944 1762 974 ιιι
1774 950 1811 974 v.

1066 997 1124 1035 98.
1145 997 1281 1032 Bersm.
1307 996 1390 1037 duo,
1422 997 1546 1031 Comb.
1575 997 1618 1032 B.
1639 997 1684 1032 D.
1711 997 1810 1032 Pott.

1070 1053 1126 1088 13.
1149 1054 1203 1089 15.
1226 1055 1281 1089 16.
1304 1055 1359 1089 18.
1391 1054 1447 1088 19.
1475 1055 1532 1090 21.
1565 1053 1680 1090 Orell.
1700 1054 1760 1098 d.,
1791 1065 1812 1088 e

1066 1111 1198 1144 nostris
1222 1110 1358 1155 quidem
1389 1111 1509 1146 Guelf.
1542 1122 1633 1147 omn.
1664 1109 1809 1146 Corbei.

1065 1166 1185 1202 Berol.
1210 1169 1240 1202 1.
1269 1167 1418 1202 Samen.
1437 1167 1535 1202 Mon.
1561 1180 1594 1202 e.
1614 1168 1640 1202 l.
1659 1178 1704 1204 m.
1728 1165 1811 1202 Vic-

1065 1229 1135 1258 tor.
1153 1229 1190 1258 et
1205 1225 1284 1258 cod.
1307 1223 1454 1261 Mentel.
1478 1223 1573 1260 Edd.
1589 1229 1629 1259 ut
1642 1222 1679 1258 in
1697 1235 1732 1260 v.
1749 1235 1812 1259 an-

1064 1281 1180 1315 teced.
1204 1285 1242 1315 et
1273 1281 1359 1315 Ven.
1383 1278 1466 1316 477.
1493 1282 1552 1317 79.
1578 1282 1637 1316 81.
1662 1280 1721 1318 83.
1751 1281 1810 1316 86.

1065 1338 1161 1373 Flor.
1184 1335 1267 1373 482.
1288 1338 1385 1383 Lips.
1404 1335 1487 1373 492.
1504 1339 1563 1373 98.
1583 1336 1665 1374 502.
1696 1336 1809 1372 Loch.

1063 1393 1145 1430 498.
1179 1395 1234 1430 Ne
1251 1406 1375 1440 pavor.
1403 1394 1494 1430 Mss.
1525 1395 1603 1429 fere
1626 1398 1668 1429 ut
1692 1398 1809 1438 antea,

1064 1452 1127 1487 sed
1147 1452 1270 1486 Comb.
1292 1452 1335 1486 F.
1357 1452 1405 1487 G.
1432 1456 1470 1486 et
1486 1456 1527 1486 ut
1546 1451 1619 1490 vid.
1640 1451 1754 1490 Dorv.
1775 1451 1810 1492 1,

1065 1511 1099 1546 2.
1123 1509 1215 1543 Edd.
1243 1514 1283 1542 ut
1308 1520 1428 1554 supra.
1461 1508 1535 1544 Nec
1559 1519 1684 1555 pavor.
1717 1507 1808 1543 Mss.

1064 1566 1146 1611 aliq.
1183 1565 1304 1600 Lamb.
1337 1566 1448 1600 Τοιτ.
1481 1576 1541 1600 1111.
1580 1564 1662 1600 Neu
1686 1575 1810 1611 pavor·

1065 1623 1189 1657 Comb.
1210 1623 1253 1657 C.
1284 1641 1326 1647 --
1351 1628 1414 1658 aut
1431 1633 1562 1659 rerum.
1580 1621 1679 1657 Mon.
1701 1633 1735 1656 e.
1758 1639 1807 1646 —

1063 1681 1108 1718 V,
1131 1681 1208 1714 100.
1224 1684 1335 1725 parat
1351 1698 1407 1705 ——
1428 1681 1550 1714 donat.
1583 1678 1684 1716 Mon.
1703 1689 1736 1714 e.
1752 1695 1811 1704 -·

1062 1742 1249 1771 naturave.
1278 1736 1346 1770 Ms.
1373 1737 1511 1770 Bersm.
1539 1746 1599 1770 un.
1620 1735 1745 1771 Comb.
1761 1735 1811 1770 D.

1064 1794 1109 1828 F.
1122 1793 1220 1827 Mon.
1231 1805 1264 1830 e.
1280 1792 1373 1827 Edd.
1384 1792 1466 1827 Bas.
1479 1791 1560 1829 527.
1574 1792 1684 1827 Fabr.
1695 1791 1808 1826 Palm.

1063 1849 1224 1885 Hoched.
1245 1850 1369 1895 Camp.
1390 1868 1446 1875 ——
1473 1849 1517 1882 V.
1540 1850 1618 1884 101.
1651 1848 1735 1892 Quin
1756 1864 1805 1874 --

1063 1907 1148 1950 quis.
1175 1907 1274 1942 Mon.
1296 1917 1330 1940 e.
1366 1906 1435 1949 Qui
1450 1905 1534 1944 min,
1563 1904 1663 1951 Lips.
1683 1906 1715 1941 1.
1741 1904 1808 1939 11ιό-

1062 1963 1151 1998 nuit.
1173 1962 1241 1996 Ms.
1262 1962 1329 1997 Fe.
1349 1961 1383 2006 5,
1405 1962 1430 1998 f.
1466 1961 1565 1997 Mon.
1586 1973 1620 1997 e.
1641 1963 1748 2006 (corr.
1771 1960 1809 2004 a)

1062 2037 1118 2045 —
1137 2020 1265 2053 tradat
1290 2019 1389 2056 amic.
1418 2018 1509 2053 Bad.
1530 2021 1562 2054 1.
1591 2019 1634 2053 In
1651 2015 1808 2052 Berolin.

1065 2076 1096 2109 1.
1119 2074 1175 2108 hic
1196 2086 1230 2111 v,
1251 2075 1414 2120 sequenti
1431 2073 1652 2121 postpositus
1671 2078 1740 2112 est.

1121 2131 1163 2165 V.
1187 2133 1264 2167 102.
1300 2144 1342 2165 ac
1364 2133 1476 2168 dulce.
1513 2130 1630 2166 Dubia
1651 2127 1807 2176 suspicio

1064 2187 1255 2231 Schmidii‚
1282 2198 1383 2232 quam
1412 2187 1612 2233 improbant
1635 2186 1750 2222 Orell.
1769 2190 1809 2220 et

1063 2244 1236 2279 Diintzer.
1254 2263 1311 2270 —
1335 2245 1380 2278 V.
1402 2244 1482 2279 103.
1515 2245 1651 2278 Puncto
1671 2241 1806 2278 rectius

1063 2301 1153 2335 hunc
1164 2312 1195 2335 v.
1206 2300 1427 2345 distinguunt
1437 2301 1549 2337 Bentl.
1561 2300 1623 2335 Fe.
1631 2299 1688 2335 111.
1697 2298 1807 2334 Mein.

1064 2358 1176 2394 Orell.
1196 2363 1234 2392 et
1250 2356 1446 2402 complures
1470 2357 1516 2392 al.
1537 2367 1639 2403 quam
1659 2355 1739 2403 qui,
1767 2359 1809 2391 ut

1063 2415 1194 2461 ubique
1221 2410 1279 2463 (ιιι
1305 2414 1396 2458 Quid
1414 2432 1469 2439 —
1489 2414 1616 2448 curas?
1636 2432 1694 2441 -
1722 2411 1809 2448 ami-

1065 2471 1203 2516 cum‘3)‚
1233 2470 1286 2505 ita
1304 2470 1361 2505 hic
1383 2470 1696 2515 interrogationem
1715 2470 1807 2505 iufe-

1063 2534 1156 2563 runt.
1189 2529 1355 2562 Ceterum
1388 2538 1424 2562 v.
1459 2528 1504 2562 89
1525 2547 1573 2553 —
1599 2527 1679 2564 103.
1711 2526 1809 2562 delet

1065 2586 1250 2631 Guyetus,
1278 2585 1329 2619 ita
1347 2588 1387 2618 ιιι
1405 2585 1450 2619 de
1478 2589 1556 2618 tota
1587 2583 1746 2630 epistola
1760 2578 1808 2617 48

1066 2653 1188 2677 versus
1226 2641 1395 2676 delendos
1428 2641 1629 2676 existumet.
1666 2637 1804 2684 „Mais,

1046 2700 1178 2745 inquit.
1213 2699 1258 2733 de
1294 2699 1488 2742 Mai-olles,
1534 2695 1622 2732 c’est
1657 2706 1703 2730 nn
1735 2704 1807 2740 peu

1065 2756 1187 2802 trop.“
1209 2775 1266 2781 ——
1288 2756 1331 2789 V.
1352 2753 1430 2790 104.
1453 2755 1617 2799 quotiens.
1642 2752 1704 2786 Sic
1722 2761 1804 2784 mss.

1065 2813 1182 2847 Berol.
1209 2814 1239 2849 1.
1261 2812 1364 2850 Dess.
1387 2814 1418 2848 1.
1438 2814 1470 2847 2.
1491 2812 1592 2844 Gott.
1614 2810 1645 2842 1.
1666 2808 1700 2843 2.
1730 2807 1802 2840 Gn.

1067 2871 1099 2904 1.
1121 2870 1156 2904 3.
1177 2867 1211 2904 4.
1241 2869 1340 2914 Lips.
1361 2879 1450 2903 omn.
1481 2863 1618 2900 Morell.
1638 2861 1800 2896 Rndolst.

1065 2926 1121 2960 Cf.
1137 2937 1172 2962 v.
1193 2923 1251 2961 45.
1267 2945 1314 2951 —-
1331 2921 1543 2971 gelidisrivis
1559 2919 1627 2954 Ms.
1643 2930 1700 2952 un.
1715 2917 1801 2960 (Pe—
