1910 3138
302 217 385 259 368
469 216 750 257 COMMENT.
769 215 826 255 IN
844 215 967 257 HOR.
987 214 1084 255 Lm.
1106 216 1136 254 1.
1178 214 1341 256 EPlsT.
1362 215 1507 262 SEPT.
1529 214 1708 257 nsscm.
1765 215 1820 259 20

304 334 450 385 appetit
486 337 524 370 et
561 337 717 370 actuosa
750 329 912 380 quadam
954 328 1199 379 officiosaque
1235 329 1312 367 vita
1345 330 1416 369 sibi
1449 331 1602 382 suisque
1635 328 1820 381 prodesse

303 402 404 451 vult,
439 401 471 438 is
490 399 538 437 ad
567 397 793 450 potentioris
819 397 1014 447 cujusdam
1038 409 1124 435 sese
1150 397 1316 449 applicet
1326 397 1367 450 ¹0¹)
1394 398 1636 441 amicitiam-‘⁴
1692 397 1822 436 Prod-

305 476 361 507 εει
394 468 477 505 suis
513 479 590 504 non
626 464 712 516 qui,
751 467 793 502 ut
833 464 1034 516 Cruquius
1070 469 1109 503 et
1149 463 1333 503 Lubinus
1370 466 1480 507 nimis
1521 466 1599 506 late
1633 467 1822 518 interpre-

304 541 450 584 tantur,
476 533 650 585 „patriae
681 536 721 571 et
747 532 874 570 amicis
903 532 1002 571 utilis
1026 533 1117 572 est“
1140 532 1196 583 (in
1223 546 1335 585 quam
1361 535 1582 575 sententiam
1609 535 1746 574 Senee.
1774 533 1823 571 de

303 606 379 643 vit.
406 604 507 641 beat.
536 601 604 642 30.
640 602 676 638 εἰ
703 601 794 653 quis
822 599 916 638 bene
944 601 993 639 de
1023 615 1064 638 se
1091 608 1283 651 meretur,
1312 601 1387 640 hoc
1416 603 1503 654 ipso
1527 601 1622 641 aliisi
1643 601 1822 653 prodest,

303 672 412 725 quod
436 670 520 708 illis
543 669 803 721 profuturum
824 666 999 724 parat),
1027 670 1096 708 sed
1123 671 1187 722 qui
1214 670 1325 721 facit,
1358 674 1400 709 ut
1424 683 1510 709 sese
1534 667 1757 708 insinuando
1785 668 1824 706 in

301 740 453 794 patroni
474 739 630 790 alicujus
657 737 857 776 amicitiam
890 737 999 789 hujus
1024 738 1131 776 favor
1158 739 1197 776 in
1226 738 1366 778 liberos
1389 750 1560 790 quoque,
1593 737 1825 789 propinquos

303 813 341 846 et
365 808 506 846 amicos
532 806 734 844 redundet.
786 806 907 856 Majus
927 809 1053 845 tamen
1069 807 1306 845 commodum
1323 807 1360 844 in
1381 806 1503 858 ipsum
1522 804 1669 855 influit,
1685 805 1825 856 quippe

302 877 365 928 qui
385 875 514 928 paulo
538 874 751 926 benignius
779 887 820 911 ae
856 881 995 911 tractet
1017 872 1119 930 (Sat.
1147 877 1194 925 2,
1221 876 1266 925 2,
1294 872 1369 924 85)
1396 873 1532 912 lautius
1570 877 1611 912 et
1637 871 1825 915 liberalius

301 944 404 996 apud
426 947 627 995 patronum
653 943 827 981 vivendo.
891 942 1004 984 Conf.
1031 943 1166 982 Lamb.
1194 943 1243 981 ad
1273 942 1348 984 od.
1382 942 1422 991 1,
1454 942 1524 991 17,
1558 941 1625 982 15.
1653 939 1824 988 Hildebt.

302 1013 351 1051 ad
377 1010 487 1063 Apul.
516 1011 610 1052 Met.
638 1025 677 1063 p.
707 1011 773 1052 64.
820 1011 929 1050 Hanc
956 1010 1030 1050 loci
1059 1011 1283 1050 sententiam
1310 1009 1541 1062 Rappoltus
1567 1021 1718 1060 quoque
1737 1020 1827 1060 per—

301 1081 434 1130 vertit,
470 1092 582 1130 quum
609 1079 787 1132 explicat:
818 1078 1022 1129 „Prosunt
1051 1081 1148 1118 enim
1176 1080 1278 1130 suis,
1311 1078 1376 1130 qui
1410 1081 1572 1131 parcunt
1604 1076 1829 1128 sumptibus,

303 1152 363 1198 et,
393 1152 435 1186 ut
461 1160 539 1186 rem
567 1147 855 1187 luculentiorem
884 1147 1012 1186 liberis
1032 1147 1264 1199 relinquant,
1294 1147 1447 1198 genium
1463 1146 1691 1184 defraudant
1708 1156 1829 1183 suum.

302 1217 420 1256 Tales
449 1216 514 1266 qui
539 1220 649 1268 sunt,
678 1215 714 1254 h.
750 1228 811 1266 e.,
839 1229 952 1268 parce
980 1220 1020 1254 et
1048 1216 1152 1254 aride
1176 1216 1241 1265 qui
1267 1216 1460 1264 victitant,
1486 1218 1601 1265 atque
1627 1212 1829 1264 aliquando

301 1290 428 1323 tamen
454 1297 615 1322 coenare
634 1284 834 1334 benignius
861 1284 973 1336 paulo
997 1285 1149 1334 volunt,
1179 1298 1246 1323 eos
1271 1285 1320 1323 ad
1338 1287 1472 1322 unctos
1489 1285 1694 1334 accedere,
1721 1283 1760 1322 11.
1783 1295 1830 1333 e.,

301 1355 486 1391 lautorum
512 1352 700 1390 hominum
729 1365 879 1391 mensas
905 1353 1040 1392 sectari
1062 1352 1195 1403 jubet,
1224 1355 1266 1390 ut
1290 1356 1330 1390 et
1357 1353 1451 1391 fiant
1476 1352 1554 1390 voti
1581 1352 1639 1390 sni
1672 1364 1831 1403 compo-

303 1427 385 1472 tes,
428 1425 467 1459 et
494 1433 574 1459 rem
613 1434 697 1459 cum
735 1421 871 1459 damno
902 1433 1054 1460 suorum
1087 1433 1135 1459 ne
1167 1420 1350 1471 affligant.
1362 1420 1391 1444 ‘⁶
1446 1418 1566 1458 Recte
1604 1416 1831 1456 Lambinus

302 1488 434 1528 verba:
462 1489 623 1526 accedes
650 1489 779 1526 siccus
809 1489 870 1527 ad
895 1496 1060 1527 unctum
1086 1488 1265 1540 explicat:
1295 1492 1368 1538 „tu
1393 1500 1538 1540 pauper
1565 1490 1606 1525 et
1630 1487 1755 1526 tenuis
1779 1486 1831 1525 ud

303 1558 503 1596 amicitiam
534 1557 679 1609 copiosi
710 1561 749 1595 et
779 1557 905 1595 divitis
934 1562 972 1596 te
1002 1556 1256 1610 applicabis-‘⁶
1315 1555 1391 1602 Qui
1422 1559 1550 1596 autem
1577 1568 1624 1595 ex
1650 1555 1709 1594 his
1736 1554 1831 1606 ipsis

304 1626 403 1664 effici
430 1625 582 1675 volunt,
621 1625 803 1662 Scaevam
830 1638 1036 1677 pauperem
1070 1629 1108 1663 et
1136 1625 1258 1664 tenuis
1288 1624 1460 1664 fortunae
1487 1623 1673 1663 hominem
1700 1623 1832 1672 fuisse,

303 1694 328 1731 ii
355 1692 453 1731 haud
482 1694 562 1731 scio
592 1706 641 1731 an
661 1693 811 1731 Horatii
828 1694 997 1744 jocosam
1014 1706 1138 1744 neque
1161 1698 1349 1732 austeram
1370 1692 1624 1745 praecipiendi
1648 1690 1833 1731 rationem

304 1762 490 1811 ignorent.
548 1762 699 1800 Festive
732 1767 858 1801 autem
893 1763 989 1802 Hor.
1027 1762 1307 1800 similitudinem
1334 1774 1358 1800 a
1391 1774 1436 1799 re
1471 1761 1686 1800 coenatoria
1721 1760 1832 1801 sumit

306 1830 552 1879 parasitorum
569 1842 695 1868 mores
713 1830 844 1869 leviter
861 1830 1092 1881 ridiculeque
1111 1834 1272 1880 tangens
1283 1829 1359 1879 **).
1402 1829 1506 1868 Cave
1523 1832 1650 1868 autem
1669 1834 1833 1866 unctum

307 1900 349 1934 ut
362 1895 599 1943 Ascensum,
619 1896 863 1944 Lambinus,
884 1898 959 1946 alii,
979 1902 1261 1948 unguentatum,
1278 1901 1470 1947 unguento
1488 1895 1694 1936 delibutum
1716 1897 1832 1934 inter-

306 1964 480 2013 preteris,
538 1964 607 2002 Est
635 1966 733 2003 enim
760 1966 817 2015 is,
845 1967 908 2016 qui
932 1966 1033 2003 laute
1052 1966 1144 2003 vivit
1163 1970 1202 2003 et
1222 1965 1439 2016 conquisitis
1460 1964 1578 2016 epulis
1596 1971 1750 2002 mensas
1769 1974 1833 2002 ex-

308 2031 421 2069 struit
448 2031 505 2069 vel
532 2032 669 2083 „qui,“
696 2036 738 2070 ut
767 2033 819 2070 ait
857 2033 1081 2084 Cruquius,
1109 2046 1218 2083 „non
1244 2039 1319 2070 tam
1347 2037 1460 2084 caput
1484 2044 1595 2084 quam
1613 2035 1747 2081 guttur
1762 2030 1831 2069 ha-

308 2099 373 2138 bet
400 2099 645 2138 condimentis
673 2100 910 2139 inunctum.“
957 2100 1069 2139 Mart.
1097 2102 1164 2150 11,
1195 2101 1236 2152 6,
1269 2103 1306 2142 1.
1367 2101 1505 2137 Uncti-⁹
1523 2101 1706 2154 falcfferi
1728 2101 1832 2138 aenis

310 2166 447 2205 diebus
475 2170 514 2204 et
540 2179 625 2209 ann.
651 2169 700 2206 ad
729 2167 795 2219 14,
825 2170 892 2211 21,
942 2168 1082 2206 Siccus
1119 2173 1243 2207 autem
1269 2173 1311 2206 ut
1349 2169 1439 2207 alias
1470 2170 1615 2217 wuido,
1652 2168 1831 2215 madido,

419 2335 459 2384 *)
474 2341 529 2374 De
549 2340 727 2374 sententia
741 2341 902 2377 Eduardi
920 2353 942 2375 a
956 2341 1104 2376 Zur-clm
1136 2341 1203 2386 „Si
1221 2353 1294 2376 rem
1311 2340 1399 2375 velis
1420 2340 1562 2385 facere,
1583 2340 1775 2388 submissus
1795 2348 1832 2377 et

311 2396 484 2432 obnoxius
503 2396 586 2431 veni
602 2396 649 2431 ad
669 2402 792 2431 unctos
811 2410 871 2433 seu
891 2398 1059 2442 divites“‚
1093 2398 1311 2442 Haberseldi:
1339 2397 1462 2442 „Aber
1486 2398 1575 2433 auch
1599 2397 1658 2434 die
1680 2397 1834 2434 Verbin-

312 2455 407 2499 dung
427 2454 491 2488 mit
507 2455 575 2489 den
592 2454 751 2488 Grossen
769 2454 848 2497 hat,
866 2468 968 2491 wenn
983 2455 1035 2490 sie
1049 2455 1176 2491 anders
1195 2455 1333 2490 deinem
1348 2455 1591 2491 Geschmacke
1605 2467 1833 2501 angemessen

312 2511 379 2555 ist,
407 2511 484 2545 ihre
504 2510 732 2545 Vortheile.“

402 2565 459 2611 **)
479 2561 639 2602 Danizer
659 2569 711 2613 (p.
729 2563 837 2612 471):
865 2568 1120 2604 Humoristisch
1140 2568 1268 2603 drfickt
1287 2580 1327 2603 er
1351 2568 1429 2603 hier
1454 2569 1518 2604 das
1537 2580 1652 2616 ganze
1671 2568 1833 2605 vex-hilt-

314 2622 386 2657 niss
402 2624 446 2657 im
463 2623 573 2658 Sinne
590 2624 652 2658 des
669 2625 804 2659 Scaeva
824 2630 935 2659 etwas
951 2624 1078 2671 herab,
1099 2626 1197 2660 stent
1212 2638 1249 2660 es
1265 2626 1318 2660 als
1333 2625 1390 2660 ein
1406 2625 1543 2661 blosses
1557 2626 1679 2662 Mitte}
1693 2625 1832 2669 (iusim

315 2680 436 2715 Leben
458 2680 732 2715 sortzukommen
753 2681 822 2714 und
845 2680 920 2717 sich
943 2682 1066 2717 Etwas
1085 2693 1127 2716 zu
1153 2683 1248 2717 Gute
1268 2694 1312 2718 zu
1332 2682 1439 2724 thun3
1469 2684 1548 2728 ‚,ja,
1568 2695 1644 2718 wer
1661 2681 1831 2716 fortkon-

315 2746 389 2769 men
416 2737 508 2781 will,
538 2748 631 2771 muss
661 2738 738 2772 sich
761 2737 913 2773 dax-nach
942 2739 1172 2785 bequemen.“
1223 2739 1297 2774 Das
1324 2739 1500 2775 Bildliche
1525 2740 1589 2775 des
1607 2736 1830 2774 Ausdruckes

316 2792 386 2825 und
407 2793 470 2827 der
489 2793 657 2828 lachende
675 2795 811 2830 Humor
829 2799 961 2840 musste
980 2796 1058 2830 dem
1077 2797 1210 2830 Scaeva
1229 2807 1284 2831 um
1303 2808 1343 2831 so
1362 2795 1557 2831 deutlicher
1572 2795 1830 2835 hervortreten,

313 2847 351 2890 je
373 2850 468 2937 melllir
489 2861 527 2883 er
554 2851 668 2886 selbst
687 2851 767 2896 [Ἡ]
796 2851 872 2887 dies
891 2851 1113 2888 Verhiiltniss
1136 2852 1187 2888 als
1206 2853 1262 2888 ein
1285 2852 1482 2900 niedriges‚
1502 2850 1728 2895 unwiirdiges
1748 2848 1829 2884 dar—

318 2908 417 2946 geste
445 2910 460 2938 t
480 2907 618 2941 hatte.“
