1910 3138
99 155 182 203 153
227 153 503 197 OOOENT.
522 154 580 194 IN
601 155 724 199 HOR.
745 154 844 194 LIB.
866 155 894 193 l.
931 154 1100 194 EPIST.
1119 153 1491 203 UNDEvlcsssm.
1537 153 1620 195 501

99 267 198 306 «litat
223 266 334 315 Βόα·
356 267 406 305 ad
435 267 515 308 Cic.
545 267 624 306 Off.
649 268 689 317 1,
712 269 782 316 31,
812 268 907 308 112.
950 267 1045 306 Illud
1065 267 1113 305 de
1131 268 1213 318 ejus
1236 261 1489 324 ἆνυποδησίᾳ
1512 271 1624 308 testi-

98 335 437 385 moninmignorat
466 334 628 372 Acron.-
675 336 806 386 ,specle
834 333 943 373 nudo
958 364 973 381 ,
1010 336 1081 373 hoc
1114 336 1162 373 de
1191 349 1426 388 quocumque
1455 337 1622 388 philoso-

98 401 250 453 pho,*)‚
276 401 376 440 Cato
405 402 503 440 enim
526 402 637 440 nudis
661 403 820 453 pedibus
838 417 915 442 non
940 404 1053 443 suit.“
1095 403 1222 442 Verba
1241 408 1365 443 autem
1386 405 1495 444 voltu
1515 413 1623 444 torvo

87 468 207 521 snus
233 469 420 508 illustrant
445 469 631 507 Plutarch.
657 469 748 509 ibid.
779 473 817 512 1.
865 469 1032 523 Λέγεται
1062 470 1106 511 δὲ
1137 469 1283 512 Κάτων
1309 468 1433 521 effode
1461 471 1504 514 lx
1530 489 1624 515 παι-

99 537 190 585 δίου
217 538 270 593 τῇ
297 551 338 577 τε
365 539 487 592 φωνῇ’
514 535 662 592 καὶτῷ
690 533 891 593 προσώπῳ
927 561 975 566 --
1010 562 1058 567 —
1087 534 1196 591 ἦθος
1233 538 1475 591 ὑποφαίνειν
1510 537 1623 594 ἔτρε-

97 619 200 646 πτον
229 602 298 645 καὶ
326 600 481 652 ἀπαθὲς
509 603 576 644 καὶ
605 603 769 657 βέβαιον
797 605 841 646 ἐν
869 608 1016 656 πᾶσιν,
1057 614 1095 646 et
1122 607 1204 646 val.
1234 608 1387 646 Maxim.
1418 609 1459 658 2,
1487 609 1554 657 10,
1581 610 1621 650 8.

90 673 254 722 paterm'
282 673 438 724 generis
475 686 559 709 una
587 673 720 724 imago
730 702 746 719 ,
787 675 947 711 minime
977 674 1128 712 blanda
1150 675 1273 726 frons
1282 703 1297 720 ‚
1338 675 1409 712 sed
1424 703 1426 705 >
1439 675 1622 714 omnibus

96 741 270 788 numeris
289 741 467 792 perfecta
494 740 630 779 virtus.
669 741 812 781 Similia
833 755 878 781 ex
906 741 1103 781 Plutarcho
1126 743 1252 780 laudat
1278 743 1341 780 Jo.
1369 743 1480 784 Mar,
1505 744 1620 781 Mat-

96 807 175 844 tiu-2
201 807 241 845 in
269 807 447 859 Opinion.
475 807 514 853 3,
545 806 610 849 24.
642 823 680 859 p.
709 808 808 850 427.
853 810 911 848 Ad
940 811 1146 848 dictionem
1159 809 1222 860 **)
1253 811 1351 851 conf,
1380 810 1544 848 Braunh.
1571 813 1620 850 ad

96 872 172 911 od.
199 873 242 923 3,
266 874 307 923 5,
329 873 398 916 44.
442 874 556 913 Bach.
584 875 634 913 ad
663 876 775 915 ovid.
805 878 899 917 Met.
926 879 991 928 13,
1011 877 1106 919 844.
1138 882 1175 916 et
1203 878 1337 917 Senec.
1363 877 1503 928 Oedip.
1524 879 1620 920 920.

102 942 248 980 Vultus
258 943 405 994 jurare
425 949 570 982 torvus.
616 943 727 984 Mart.
748 943 788 995 4,
811 947 860 987 11
885 945 999 997 (14),
1029 948 1092 986 11.
1128 945 1216 982 Nec
1238 952 1348 982 torva
1369 944 1454 996 lege
1466 945 1620 996 fronte,

95 1010 167 1048 sed
189 1012 352 1048 remissa
380 1033 436 1038 —
465 1010 632 1048 libellos.
680 1011 802 1050 Tacit.
831 1013 927 1052 Ann.
955 1013 995 1063 4,
1020 1014 1087 1054 60.
1118 1014 1167 1051 de
1190 1013 1366 1050 Tiberio:
1396 1019 1530 1049 torvus
1548 1020 1621 1049 aut

89 1077 248 1129 salsum
276 1078 455 1116 renidens
484 1078 607 1116 voltu.
655 1079 877 1131 Quanquam
905 1080 1069 1118 nonnulli
1095 1082 1321 1131 interpretes
1350 1079 1408 1117 hic
1433 1079 1619 1117 Catonem

101 1146 327 1184 Censorium
354 1146 587 1196 intelligunt,
624 1146 672 1184 de
707 1149 810 1199 cujus
839 1149 1086 1188 imitatoribus
1112 1148 1330 1186 Plutarchus
1364 1148 1402 1185 in
1432 1148 1512 1197 ejus
1542 1148 1618 1186 Vit.

94 1213 162 1253 19.
190 1213 242 1252 Il.
274 1227 314 1265 p.
340 1214 437 1255 587.
467 1214 576 1253 dicit:
618 1211 713 1263 τούς
743 1214 828 1255 ἔνια
856 1220 1065 1268 μιμεῖσθαι
1100 1219 1181 1256 ταῖν
1206 1209 1271 1256 ’ὑπ’
1303 1209 1430 1254 αὐτοῦ
1452 1231 1618 1266 πραττο-

95 1279 226 1332 μένων
253 1277 328 1323 οὔκ
357 1280 531 1334 ἐμμελῶς
553 1281 873 1335 ἐπιχειροῦντας,
916 1281 1198 1336 ἒπαριστερούς
1232 1287 1440 1323 καλεῖσθαι
1473 1280 1619 1322 Κάτω-

93 1363 187 1396 νας,
212 1352 340 1388 tumen
371 1349 558 1387 Catonem
594 1351 813 1388 Uticensem
840 1351 901 1389 hic
929 1351 1128 1402 significari
1164 1353 1300 1389 docent
1331 1355 1486 1401 praeter
1515 1351 1618 1388 locos

92 1416 266 1455 laudatos
293 1417 339 1467 ii,
368 1418 431 1468 qui
460 1417 557 1455 hunc
582 1418 784 1469 Catonem,
820 1432 931 1469 quem
959 1420 1094 1458 Cicero
1126 1420 1164 1456 in
1191 1419 1258 1459 Or.
1289 1431 1348 1470 pr.
1381 1418 1479 1459 Mur,
1509 1420 1548 1467 2,
1578 1419 1617 1458 3.

89 1484 372 1535 gravissimum
391 1492 511 1535 atque
532 1486 827 1536 integerrimum
848 1488 974 1523 virum
993 1492 1123 1535 vocat,
1151 1487 1342 1523 virtutum
1363 1486 1494 1523 vivam
1513 1487 1618 1523 ima-

88 1552 250 1601 ginem,
289 1556 332 1589 ut
358 1552 504 1589 Seneca
539 1553 587 1591 de
625 1553 769 1605 Tranq.
799 1567 860 1592 an.
901 1555 982 1605 15.,
1013 1555 1199 1593 exhibent.
1246 1554 1310 1590 Sic
1337 1553 1421 1594 Juv.
1453 1551 1519 1602 14,
1549 1553 1617 1594 41.

97 1618 313 1656 Catilinam
358 1619 614 1671 Quocumque
651 1622 694 1658 in
720 1622 871 1672 populo
909 1623 1046 1659 videas
1057 1650 1071 1668 ‚
1120 1634 1364 1672 quocumque
1404 1619 1478 1657 sub
1515 1633 1614 1656 axe.-

98 1685 181 1723 Sed
203 1700 276 1723 nec
299 1687 454 1724 Brutus
479 1689 578 1734 erit,
606 1689 729 1726 Bruti
750 1703 821 1727 nec
846 1690 1074 1727 avunculus
1103 1703 1285 1741 usquam.
1334 1689 1467 1725 Senec.
1498 1688 1615 1738 Epist.

203 1819 242 1866 ¹⁸¹)
263 1823 378 1858 Acron
396 1824 615 1860 intellexisse
631 1825 771 1861 videtur
794 1826 954 1862 Socratis
977 1833 1014 1860 et
1035 1826 1192 1860 Platonis
1218 1826 1276 1859 vel
1302 1836 1415 1859 mores
1437 1824 1493 1858 vel
1512 1835 1614 1869 prae-

92 1882 215 1923 θερίας
238 1879 283 1913 de
297 1878 357 1914 illo
373 1882 466 1916 conf.
487 1883 615 1917 Stallb.
632 1884 675 1917 ad
692 1884 785 1917 Plat.
802 1885 936 1921 Phaed.
956 1896 986 1918 c.
1004 1885 1038 1918 9.
1055 1896 1091 1929 p.
1107 1880 1164 1924 48,
1185 1882 1228 1916 de
1250 1882 1316 1916 hoc
1342 1881 1546 1926 Hieronym.
1570 1880 1614 1913 ad

92 1934 219 1977 Matth.
246 1937 301 1978 10,
323 1938 377 1972 10.
413 1938 514 1972 Plato
531 1940 708 1986 praecepit
726 1941 816 1974 duas
835 1941 990 1986 corporis
1016 1941 1231 1974 summitates
1250 1951 1320 1972 mm
1340 1950 1410 1971 esse
1428 1938 1615 1970 velandas:

90 2001 154 2025 nee
171 1992 345 2037 assuefieri
362 1994 485 2028 debere
502 1996 655 2030 mollitiei
670 1997 791 2042 capitis
817 2002 850 2031 et
867 1998 1007 2042 pedam.
1054 1997 1108 2030 De
1130 1995 1276 2029 Catonis
1297 1990 1526 2038 ἄνυπυδησίᾳ
1546 2004 1614 2025 non

90 2047 255 2082 dubitant
271 2050 419 2082 Casaub.
434 2050 479 2084 ad
498 2051 678 2096 Theophr.
702 2054 809 2087 Char.
825 2053 870 2088 X.
892 2065 927 2098 p.
949 2051 1028 2087 134.
1054 2054 1096 2086 F.
1118 2053 1241 2085 Solan.
1262 2052 1304 2085 ad
1326 2049 1469 2083 Lucian.
1490 2048 1614 2091 Cynic-

91 2106 126 2138 1.
151 2104 236 2148 (lx.
255 2116 290 2150 p,
303 2102 386 2139 439.
406 2107 509 2151 Bip.)
529 2108 693 2147 Baldm’n‚
713 2110 757 2143 de
773 2110 871 2143 Calc.
892 2109 1002 2153 antiq.
1025 2109 1080 2144 23.
1102 2121 1136 2153 p.
1160 2107 1238 2143 235.
1263 2107 1415 2151 Nigron.
1434 2105 1478 2137 de
1494 2105 1610 2148 Calig.

90 2161 124 2202 2,
142 2161 198 2195 11.
216 2172 253 2206 p.
269 2161 328 2195 37.
350 2161 429 2196 coll.
454 2163 574 2199 Heinr.
594 2170 631 2198 et
653 2166 763 2200 Beier.
779 2166 822 2200 ad
839 2166 915 2200 Cic.
933 2166 1052 2199 Oratt.
1069 2165 1194 2208 fragm.
1211 2176 1247 2208 p.
1262 2164 1339 2198 226.
1355 2167 1392 2195 et.
1410 2161 1546 2207 'Vagm
1568 2161 1614 2195 ad

80 2216 247 2264 *Aleiphn
273 2219 304 2259 1,
324 2218 360 2252 3.
380 2230 416 2263 p.
436 2219 491 2254 27.
511 2220 546 2263 3,
570 2218 622 2255 14.
641 2233 676 2266 p.
691 2221 749 2256 57.

137 2273 147 2282 '
178 2267 240 2317 **)
260 2274 357 2308 Cave
380 2282 493 2309 autem
516 2287 590 2311 cum
617 2289 652 2312 v.
666 2281 772 2322 serus
796 2277 900 2311 etiam
919 2282 1054 2310 textore
1078 2276 1227 2319 jungas,
1262 2273 1300 2307 id
1320 2272 1411 2318 quod
1431 2279 1530 2307 recte
1550 2274 1612 2308 im—

87 2330 216 2374 probat
238 2330 396 2365 Orellius.
423 2331 478 2366 Ad
494 2343 529 2366 V.
549 2333 683 2368 simulet
702 2333 793 2368 conf.
820 2333 928 2366 Ovid.
947 2332 1037 2365 Met.
1053 2334 1106 2373 11,
1122 2331 1204 2364 310.
1227 2330 1295 2373 (ib.
1314 2329 1439 2373 Bach.)
1458 2330 1613 2365 Phoebus

90 2396 197 2419 anum
214 2386 367 2422 simulat.
403 2388 511 2433 Prop.
537 2389 572 2431 4,
597 2391 654 2434 11,
677 2390 736 2423 39.
769 2389 835 2432 (ib.
858 2389 995 2430 Burm.)
1026 2388 1072 2421 Et
1098 2388 1226 2420 Persen
1251 2386 1375 2431 proavi
1390 2386 1611 2421 simulantem

87 2446 206 2485 pectus
223 2442 374 2477 Achillis.
411 2444 465 2478 Id.
489 2442 524 2489 4,
548 2444 580 2487 5,
603 2446 660 2480 29.
694 2445 742 2478 Et
759 2445 924 2478 simulare
941 2444 1071 2484 υἰηιηι,
1101 2442 1249 2486 pretium
1258 2442 1363 2486 sucit-
1399 2443 1528 2476 Incert.
1550 2454 1609 2489 ap.

90 2496 252 2530 Wernsd.
273 2497 336 2532 IV.
362 2510 398 2543 p.
413 2497 494 2535 428.
515 2506 670 2535 teneram
684 2512 808 2546 gressu
828 2501 995 2534 simulare
1014 2499 1180 2543 puellam.
1219 2498 1319 2531 Adde
1334 2497 1450 2533 Scbm.
1471 2505 1507 2532 et
1527 2499 1610 2534 Rie-

89 2551 156 2585 del.
178 2552 222 2585 ad
242 2553 274 2594 2,
290 2554 323 2595 1,
338 2551 418 2589 241.
451 2555 604 2600 Rupert.
625 2557 669 2590 ad
687 2557 767 2590 JUV.
792 2558 825 2599 2,
845 2555 880 2590 3.
910 2555 1029 2588 Verbo
1049 2553 1238 2588 simulandi
1255 2555 1279 2588 i.
1305 2565 1338 2587 e.
1359 2554 1527 2590 imitando
1548 2568 1609 2590 ex·

88 2606 259 2653 primendi
284 2609 447 2653 apposite
466 2613 657 2656 opponitur
682 2623 717 2645 v.
745 2611 1043 2657 repraesentandi.
1077 2609 1154 2642 Cic.
1174 2621 1230 2654 pr.
1251 2610 1347 2645 Sest.
1371 2613 1426 2654 11,
1449 2613 1506 2647 26.
1523 2617 1608 2647 tem-

85 2665 184 2709 plum
203 2665 486 2708 repraesentabat
506 2668 706 2701 memoriam
725 2668 926 2701 consulatus
944 2667 1021 2700 mei.
1057 2664 1149 2699 Plin.
1171 2665 1290 2710 Epist.
1309 2663 1343 2708 4,
1367 2668 1421 2711 19,
1443 2670 1474 2702 1.
1503 2679 1608 2712 quum

85 2719 198 2765 patris
217 2720 330 2754 amissi
359 2722 519 2764 affectum
547 2728 795 2767 repraesentes.
828 2723 928 2756 Cort.
953 2726 997 2756 ad
1021 2721 1098 2756 Cic.
1125 2721 1243 2766 Epist.
1269 2723 1313 2757 ad
1332 2723 1413 2758 Div.
1439 2723 1473 2767 5,
1496 2726 1551 2770 16,
1570 2726 1604 2759 9.

90 2775 211 2811 Davis.
240 2776 283 2810 ad
307 2776 400 2810 Hirt.
422 2776 467 2810 de
499 2777 540 2811 Β.
562 2778 751 2813 Alexandr.
771 2779 829 2813 70.
859 2779 967 2812 Drak.
995 2779 1039 2812 ad
1066 2777 1147 2813 Liv.
1169 2779 1202 2822 2,
1229 2778 1286 2824 36,
1313 2780 1347 2815 6.
1381 2780 1535 2826 Herzog.
1562 2781 1604 2816 ad

88 2831 192 2867 Caes.
211 2832 254 2866 B.
274 2833 322 2867 G.
338 2834 371 2877 1,
385 2829 442 2868 40.
