<?xml version="1.0" encoding="UTF-8"?>
<!DOCTYPE html PUBLIC "-//W3C//DTD XHTML 1.0 Transitional//EN"
    "http://www.w3.org/TR/xhtml1/DTD/xhtml1-transitional.dtd">
<html xmlns="http://www.w3.org/1999/xhtml" xml:lang="en" lang="en">
 <head>
  <title>
</title>
<meta http-equiv="Content-Type" content="text/html;charset=utf-8" />
  <meta name='ocr-system' content='tesseract 3.04.00' />
  <meta name='ocr-capabilities' content='ocr_page ocr_carea ocr_par ocr_line ocrx_word'/>
</head>
<body>
  <div class='ocr_page' id='page_1' title='image "./epistolascomment02horauoft_0444.png"; bbox 0 0 1910 3138; ppageno 0'>
   <div class='ocr_carea' id='block_1_1' title="bbox 277 229 1812 275">
    <p class='ocr_par' dir='ltr' id='par_1_1' title="bbox 277 229 1812 275">
     <span class='ocr_line' id='line_1_1' title="bbox 277 229 1812 275; baseline 0.003 -5"><span class='ocrx_word' id='word_1_1' title='bbox 277 229 360 271; x_wconf 82' lang='lat'><em>436</em></span> <span class='ocrx_word' id='word_1_2' title='bbox 404 230 686 270; x_wconf 89' lang='lat' dir='ltr'><strong>COMMENT.</strong></span> <span class='ocrx_word' id='word_1_3' title='bbox 706 231 764 270; x_wconf 86' lang='lat' dir='ltr'><em>IN</em></span> <span class='ocrx_word' id='word_1_4' title='bbox 781 230 905 272; x_wconf 87' lang='lat' dir='ltr'><strong>HOR.</strong></span> <span class='ocrx_word' id='word_1_5' title='bbox 925 230 1023 270; x_wconf 84' lang='lat' dir='ltr'><strong>LIB.</strong></span> <span class='ocrx_word' id='word_1_6' title='bbox 1045 231 1075 270; x_wconf 88' lang='grc' dir='ltr'><strong>Ι.</strong></span> <span class='ocrx_word' id='word_1_7' title='bbox 1116 231 1284 271; x_wconf 84' lang='lat' dir='ltr'><strong>EPIST.</strong></span> <span class='ocrx_word' id='word_1_8' title='bbox 1303 232 1712 272; x_wconf 84' lang='lat' dir='ltr'><strong>DUODEVICESIM.</strong></span> <span class='ocrx_word' id='word_1_9' title='bbox 1757 235 1812 275; x_wconf 88' lang='lat'><em>88</em></span> 
     </span>
    </p>
   </div>
   <div class='ocr_carea' id='block_1_2' title="bbox 266 341 1812 2982">
    <p class='ocr_par' dir='ltr' id='par_1_2' title="bbox 266 341 1812 1761">
     <span class='ocr_line' id='line_1_2' title="bbox 275 341 1812 400; baseline 0.001 -17"><span class='ocrx_word' id='word_1_10' title='bbox 275 345 452 396; x_wconf 78' lang='lat' dir='ltr'><em>pflicht.“</em></span> <span class='ocrx_word' id='word_1_11' title='bbox 503 344 543 382; x_wconf 86' lang='lat' dir='ltr'><em>J.</em></span> <span class='ocrx_word' id='word_1_12' title='bbox 586 343 756 381; x_wconf 81' lang='lat' dir='ltr'><em>Merkel.</em></span> <span class='ocrx_word' id='word_1_13' title='bbox 798 342 958 383; x_wconf 82' lang='lat' dir='ltr'><em>Lucret.</em></span> <span class='ocrx_word' id='word_1_14' title='bbox 987 341 1036 394; x_wconf 79' lang='lat'><em>4,</em></span> <span class='ocrx_word' id='word_1_15' title='bbox 1069 345 1188 385; x_wconf 85' lang='lat'><strong>1120.</strong></span> <span class='ocrx_word' id='word_1_16' title='bbox 1230 345 1460 398; x_wconf 71' lang='lat' dir='ltr'><em>&#39;Languent</em></span> <span class='ocrx_word' id='word_1_17' title='bbox 1491 347 1649 399; x_wconf 81' lang='lat' dir='ltr'><em>officia,</em></span> <span class='ocrx_word' id='word_1_18' title='bbox 1690 353 1812 400; x_wconf 78' lang='lat' dir='ltr'><em>atque</em></span> 
     </span>
     <span class='ocr_line' id='line_1_3' title="bbox 273 412 1806 466; baseline 0.001 -16"><span class='ocrx_word' id='word_1_19' title='bbox 273 419 455 464; x_wconf 78' lang='lat' dir='ltr'><em>aegrotat</em></span> <span class='ocrx_word' id='word_1_20' title='bbox 483 412 604 460; x_wconf 86' lang='lat' dir='ltr'><em>fama</em></span> <span class='ocrx_word' id='word_1_21' title='bbox 633 412 846 449; x_wconf 72' lang='lat' dir='ltr'><em>vacillans.</em></span> <span class='ocrx_word' id='word_1_22' title='bbox 876 434 929 440; x_wconf 91' lang='lat'>—</span> <span class='ocrx_word' id='word_1_23' title='bbox 966 412 1012 449; x_wconf 88' lang='lat' dir='ltr'><em>V.</em></span> <span class='ocrx_word' id='word_1_24' title='bbox 1042 412 1111 452; x_wconf 81' lang='lat'><em>35.</em></span> <span class='ocrx_word' id='word_1_25' title='bbox 1141 426 1323 450; x_wconf 77' lang='lat' dir='ltr'><em>nummos</em></span> <span class='ocrx_word' id='word_1_26' title='bbox 1347 414 1496 453; x_wconf 75' lang='lat' dir='ltr'><em>alienos</em></span> <span class='ocrx_word' id='word_1_27' title='bbox 1518 422 1685 466; x_wconf 72' lang='lat' dir='ltr'><em>pascet,</em></span> <span class='ocrx_word' id='word_1_28' title='bbox 1714 416 1806 453; x_wconf 85' lang='lat' dir='ltr'><em>i.&#39;e.</em></span> 
     </span>
     <span class='ocr_line' id='line_1_4' title="bbox 274 479 1812 534; baseline 0.002 -17"><span class='ocrx_word' id='word_1_29' title='bbox 274 482 418 530; x_wconf 81' lang='lat' dir='ltr'><em>„faciet</em></span> <span class='ocrx_word' id='word_1_30' title='bbox 438 493 504 518; x_wconf 88' lang='lat' dir='ltr'><em>aes</em></span> <span class='ocrx_word' id='word_1_31' title='bbox 524 481 682 519; x_wconf 88' lang='lat' dir='ltr'><em>alienum</em></span> <span class='ocrx_word' id='word_1_32' title='bbox 705 482 828 519; x_wconf 88' lang='lat' dir='ltr'><em>usuris</em></span> <span class='ocrx_word' id='word_1_33' title='bbox 850 481 1050 519; x_wconf 84' lang='lat' dir='ltr'><em>creseere“</em></span> <span class='ocrx_word' id='word_1_34' title='bbox 1080 479 1301 532; x_wconf 87' lang='lat' dir='ltr'><em>(Porphyr.)</em></span> <span class='ocrx_word' id='word_1_35' title='bbox 1320 481 1381 519; x_wconf 88' lang='lat' dir='ltr'><em>vel</em></span> <span class='ocrx_word' id='word_1_36' title='bbox 1407 484 1630 534; x_wconf 77' lang='lat' dir='ltr'><em>„pecuniam</em></span> <span class='ocrx_word' id='word_1_37' title='bbox 1652 482 1812 521; x_wconf 89' lang='lat' dir='ltr'><em>alienam</em></span> 
     </span>
     <span class='ocr_line' id='line_1_5' title="bbox 273 547 1806 602; baseline 0.001 -16"><span class='ocrx_word' id='word_1_38' title='bbox 273 549 433 600; x_wconf 82' lang='lat' dir='ltr'>accipiet</span> <span class='ocrx_word' id='word_1_39' title='bbox 470 550 606 599; x_wconf 82' lang='lat' dir='ltr'><em>grandi</em></span> <span class='ocrx_word' id='word_1_40' title='bbox 636 550 831 599; x_wconf 86' lang='lat' dir='ltr'><em>fenore‚“</em></span> <span class='ocrx_word' id='word_1_41' title='bbox 870 553 910 587; x_wconf 92' lang='lat' dir='ltr'><em>ut</em></span> <span class='ocrx_word' id='word_1_42' title='bbox 948 547 1150 587; x_wconf 82' lang='lat' dir='ltr'><em>Lambino</em></span> <span class='ocrx_word' id='word_1_43' title='bbox 1184 553 1391 600; x_wconf 85' lang='lat' dir='ltr'><em>praeeunte</em></span> <span class='ocrx_word' id='word_1_44' title='bbox 1430 550 1701 602; x_wconf 73' lang='lat' dir='ltr'><em>interpretatur</em></span> <span class='ocrx_word' id='word_1_45' title='bbox 1736 551 1806 588; x_wconf 61' lang='lat' dir='ltr'><em>R.</em></span> 
     </span>
     <span class='ocr_line' id='line_1_6' title="bbox 271 615 1810 669; baseline 0.004 -16"><span class='ocrx_word' id='word_1_46' title='bbox 271 615 480 653; x_wconf 67' lang='lat' dir='ltr'><em>Jacobsius</em></span> <span class='ocrx_word' id='word_1_47' title='bbox 510 617 576 668; x_wconf 87' lang='lat' dir='ltr'><em>(V.</em></span> <span class='ocrx_word' id='word_1_48' title='bbox 606 631 644 669; x_wconf 89' lang='lat' dir='ltr'><em>p.</em></span> <span class='ocrx_word' id='word_1_49' title='bbox 674 617 764 668; x_wconf 88' lang='grc'>92.)</span> <span class='ocrx_word' id='word_1_50' title='bbox 794 617 876 655; x_wconf 91' lang='lat' dir='ltr'><em>coll.</em></span> <span class='ocrx_word' id='word_1_51' title='bbox 906 617 1099 668; x_wconf 88' lang='lat' dir='ltr'><em>Aristoph.</em></span> <span class='ocrx_word' id='word_1_52' title='bbox 1134 617 1238 655; x_wconf 87' lang='lat' dir='ltr'><strong>Nub.</strong></span> <span class='ocrx_word' id='word_1_53' title='bbox 1274 618 1396 658; x_wconf 84' lang='lat'><strong>1286.</strong></span> <span class='ocrx_word' id='word_1_54' title='bbox 1434 617 1592 656; x_wconf 85' lang='lat' dir='ltr'><em>Aristot.</em></span> <span class='ocrx_word' id='word_1_55' title='bbox 1625 617 1738 659; x_wconf 89' lang='lat' dir='ltr'><em>Polit.</em></span> <span class='ocrx_word' id='word_1_56' title='bbox 1771 619 1810 668; x_wconf 87' lang='lat'><em>1,</em></span> 
     </span>
     <span class='ocr_line' id='line_1_7' title="bbox 270 684 1811 738; baseline 0.001 -14"><span class='ocrx_word' id='word_1_57' title='bbox 270 685 310 733; x_wconf 88' lang='lat'><em>3,</em></span> <span class='ocrx_word' id='word_1_58' title='bbox 331 685 411 733; x_wconf 64' lang='lat'><em>23„</em></span> <span class='ocrx_word' id='word_1_59' title='bbox 441 685 478 722; x_wconf 89' lang='lat' dir='ltr'><em>in</em></span> <span class='ocrx_word' id='word_1_60' title='bbox 507 697 581 736; x_wconf 91' lang='lat' dir='ltr'><em>qua</em></span> <span class='ocrx_word' id='word_1_61' title='bbox 609 686 761 736; x_wconf 88' lang='lat' dir='ltr'><em>quidem</em></span> <span class='ocrx_word' id='word_1_62' title='bbox 790 700 832 724; x_wconf 87' lang='lat' dir='ltr'><em>re</em></span> <span class='ocrx_word' id='word_1_63' title='bbox 861 685 899 723; x_wconf 88' lang='lat' dir='ltr'><em>id</em></span> <span class='ocrx_word' id='word_1_64' title='bbox 920 685 1144 722; x_wconf 86' lang='lat' dir='ltr'><em>danisticum</em></span> <span class='ocrx_word' id='word_1_65' title='bbox 1168 684 1357 722; x_wconf 89' lang='lat' dir='ltr'><em>hominum</em></span> <span class='ocrx_word' id='word_1_66' title='bbox 1384 696 1503 735; x_wconf 83' lang='lat' dir='ltr'><em>genus</em></span> <span class='ocrx_word' id='word_1_67' title='bbox 1530 685 1667 738; x_wconf 85' lang='lat' dir='ltr'><em>(Plaut.</em></span> <span class='ocrx_word' id='word_1_68' title='bbox 1695 686 1811 725; x_wconf 84' lang='lat' dir='ltr'><strong>Most.</strong></span> 
     </span>
     <span class='ocr_line' id='line_1_8' title="bbox 269 747 1811 806; baseline 0.001 -16"><span class='ocrx_word' id='word_1_69' title='bbox 269 751 320 799; x_wconf 86' lang='lat'><em>3,</em></span> <span class='ocrx_word' id='word_1_70' title='bbox 352 752 395 800; x_wconf 86' lang='lat'><em>1,</em></span> <span class='ocrx_word' id='word_1_71' title='bbox 429 752 510 792; x_wconf 85' lang='lat'><em>123</em></span> <span class='ocrx_word' id='word_1_72' title='bbox 534 754 640 804; x_wconf 85' lang='lat' dir='ltr'>sqq.)</span> <span class='ocrx_word' id='word_1_73' title='bbox 682 758 781 792; x_wconf 81' lang='lat' dir='ltr'><em>tecte</em></span> <span class='ocrx_word' id='word_1_74' title='bbox 811 752 1067 804; x_wconf 86' lang='lat' dir='ltr'><em>significatur,</em></span> <span class='ocrx_word' id='word_1_75' title='bbox 1104 753 1167 803; x_wconf 90' lang='lat' dir='ltr'><em>qui</em></span> <span class='ocrx_word' id='word_1_76' title='bbox 1196 752 1238 793; x_wconf 83' lang='grc' dir='ltr'><em>οἵ</em></span> <span class='ocrx_word' id='word_1_77' title='bbox 1273 747 1515 806; x_wconf 69' lang='grc' dir='ltr'><strong><em>τοκογλύφοι</em></strong></span> <span class='ocrx_word' id='word_1_78' title='bbox 1540 755 1720 804; x_wconf 86' lang='lat' dir='ltr'><em>audiunt,</em></span> <span class='ocrx_word' id='word_1_79' title='bbox 1761 755 1811 792; x_wconf 86' lang='lat' dir='ltr'><em>de</em></span> 
     </span>
     <span class='ocr_line' id='line_1_9' title="bbox 270 818 1808 873; baseline 0.005 -18"><span class='ocrx_word' id='word_1_80' title='bbox 270 818 406 869; x_wconf 89' lang='lat' dir='ltr'><em>quibus</em></span> <span class='ocrx_word' id='word_1_81' title='bbox 436 820 512 861; x_wconf 83' lang='lat' dir='ltr'><em>vid.</em></span> <span class='ocrx_word' id='word_1_82' title='bbox 546 820 673 870; x_wconf 84' lang='lat' dir='ltr'><em>Bergl.</em></span> <span class='ocrx_word' id='word_1_83' title='bbox 703 821 751 858; x_wconf 87' lang='lat' dir='ltr'><em>ad</em></span> <span class='ocrx_word' id='word_1_84' title='bbox 782 820 949 872; x_wconf 88' lang='lat' dir='ltr'><em>Alciphr.</em></span> <span class='ocrx_word' id='word_1_85' title='bbox 972 821 1011 868; x_wconf 83' lang='lat'><em>1,</em></span> <span class='ocrx_word' id='word_1_86' title='bbox 1033 818 1101 869; x_wconf 87' lang='lat'><em>26,</em></span> <span class='ocrx_word' id='word_1_87' title='bbox 1128 823 1162 860; x_wconf 88' lang='lat'><em>1.</em></span> <span class='ocrx_word' id='word_1_88' title='bbox 1193 821 1278 859; x_wconf 89' lang='lat' dir='ltr'><em>coll.</em></span> <span class='ocrx_word' id='word_1_89' title='bbox 1299 820 1485 873; x_wconf 87' lang='lat' dir='ltr'><em>Porphyr.</em></span> <span class='ocrx_word' id='word_1_90' title='bbox 1516 822 1566 860; x_wconf 82' lang='lat' dir='ltr'><em>ad</em></span> <span class='ocrx_word' id='word_1_91' title='bbox 1589 822 1672 861; x_wconf 84' lang='lat' dir='ltr'><em>Sat.</em></span> <span class='ocrx_word' id='word_1_92' title='bbox 1697 824 1750 873; x_wconf 83' lang='lat'><em>1,</em></span> <span class='ocrx_word' id='word_1_93' title='bbox 1767 824 1808 873; x_wconf 83' lang='lat'><em>2,</em></span> 
     </span>
     <span class='ocr_line' id='line_1_10' title="bbox 272 886 1806 943; baseline 0.001 -16"><span class='ocrx_word' id='word_1_94' title='bbox 272 886 337 927; x_wconf 85' lang='lat'><em>14.</em></span> <span class='ocrx_word' id='word_1_95' title='bbox 367 891 408 926; x_wconf 90' lang='lat' dir='ltr'><em>et</em></span> <span class='ocrx_word' id='word_1_96' title='bbox 435 892 556 926; x_wconf 81' lang='lat' dir='ltr'><strong>nostr.</strong></span> <span class='ocrx_word' id='word_1_97' title='bbox 584 901 671 926; x_wconf 89' lang='lat' dir='ltr'><em>ann.</em></span> <span class='ocrx_word' id='word_1_98' title='bbox 701 889 749 926; x_wconf 91' lang='lat' dir='ltr'><em>ad</em></span> <span class='ocrx_word' id='word_1_99' title='bbox 776 891 813 938; x_wconf 88' lang='lat'><em>1,</em></span> <span class='ocrx_word' id='word_1_100' title='bbox 844 890 911 930; x_wconf 90' lang='lat'><em>80.</em></span> <span class='ocrx_word' id='word_1_101' title='bbox 941 889 1050 927; x_wconf 88' lang='lat' dir='ltr'><em>Rein.</em></span> <span class='ocrx_word' id='word_1_102' title='bbox 1080 888 1218 937; x_wconf 80' lang='lat' dir='ltr'><strong>„R6m.</strong></span> <span class='ocrx_word' id='word_1_103' title='bbox 1237 889 1504 929; x_wconf 84' lang='lat' dir='ltr'><em>Privatrecht“</em></span> <span class='ocrx_word' id='word_1_104' title='bbox 1533 905 1572 943; x_wconf 88' lang='lat' dir='ltr'><em>p.</em></span> <span class='ocrx_word' id='word_1_105' title='bbox 1592 890 1688 931; x_wconf 81' lang='lat'><strong>301.</strong></span> <span class='ocrx_word' id='word_1_106' title='bbox 1710 891 1806 932; x_wconf 81' lang='grc'><strong>310.</strong></span> 
     </span>
     <span class='ocr_line' id='line_1_11' title="bbox 268 955 1807 1011; baseline 0.005 -20"><span class='ocrx_word' id='word_1_107' title='bbox 268 955 466 993; x_wconf 78' lang='lat' dir='ltr'>Subtiliter</span> <span class='ocrx_word' id='word_1_108' title='bbox 486 956 773 994; x_wconf 77' lang='lat' dir='ltr'><em>Doederlinius</em></span> <span class='ocrx_word' id='word_1_109' title='bbox 795 956 1028 1008; x_wconf 80' lang='lat' dir='ltr'><em>(„Gelel1rte</em></span> <span class='ocrx_word' id='word_1_110' title='bbox 1048 955 1257 1007; x_wconf 88' lang='lat' dir='ltr'><em>Anzeigen.</em></span> <span class='ocrx_word' id='word_1_111' title='bbox 1281 958 1463 996; x_wconf 83' lang='lat' dir='ltr'><em>Miinch-“</em></span> <span class='ocrx_word' id='word_1_112' title='bbox 1485 959 1609 1000; x_wconf 84' lang='lat'><strong>1836.</strong></span> <span class='ocrx_word' id='word_1_113' title='bbox 1634 972 1673 1011; x_wconf 90' lang='lat' dir='ltr'><em>p.</em></span> <span class='ocrx_word' id='word_1_114' title='bbox 1689 958 1807 1011; x_wconf 85' lang='lat'>863):</span> 
     </span>
     <span class='ocr_line' id='line_1_12' title="bbox 268 1024 1812 1077; baseline 0.004 -17"><span class='ocrx_word' id='word_1_115' title='bbox 268 1024 521 1077; x_wconf 77' lang='lat' dir='ltr'><em>„continuare</em></span> <span class='ocrx_word' id='word_1_116' title='bbox 557 1037 623 1063; x_wconf 87' lang='lat' dir='ltr'><em>aes</em></span> <span class='ocrx_word' id='word_1_117' title='bbox 652 1025 812 1064; x_wconf 84' lang='lat' dir='ltr'><em>alienum</em></span> <span class='ocrx_word' id='word_1_118' title='bbox 851 1024 937 1062; x_wconf 90' lang='lat' dir='ltr'><em>luxu</em></span> <span class='ocrx_word' id='word_1_119' title='bbox 975 1027 1015 1062; x_wconf 89' lang='lat' dir='ltr'><em>et</em></span> <span class='ocrx_word' id='word_1_120' title='bbox 1051 1038 1151 1062; x_wconf 88' lang='lat' dir='ltr'><em>novo</em></span> <span class='ocrx_word' id='word_1_121' title='bbox 1188 1038 1275 1064; x_wconf 88' lang='lat' dir='ltr'><em>aere</em></span> <span class='ocrx_word' id='word_1_122' title='bbox 1309 1027 1620 1069; x_wconf 84' lang='lat' dir='ltr'><em>contrahendo.“</em></span> <span class='ocrx_word' id='word_1_123' title='bbox 1673 1025 1812 1066; x_wconf 82' lang='lat' dir='ltr'><em>Parum</em></span> 
     </span>
     <span class='ocr_line' id='line_1_13' title="bbox 267 1093 1812 1147; baseline 0.004 -18"><span class='ocrx_word' id='word_1_124' title='bbox 267 1095 442 1130; x_wconf 87' lang='lat' dir='ltr'><em>accurate</em></span> <span class='ocrx_word' id='word_1_125' title='bbox 467 1093 736 1145; x_wconf 78' lang='lat' dir='ltr'><em>Doeringius:</em></span> <span class='ocrx_word' id='word_1_126' title='bbox 768 1105 968 1144; x_wconf 76' lang='lat' dir='ltr'><em>„nummos</em></span> <span class='ocrx_word' id='word_1_127' title='bbox 988 1096 1116 1131; x_wconf 89' lang='lat' dir='ltr'><em>mutuo</em></span> <span class='ocrx_word' id='word_1_128' title='bbox 1143 1097 1288 1132; x_wconf 77' lang='lat' dir='ltr'><em>sumtus</em></span> <span class='ocrx_word' id='word_1_129' title='bbox 1315 1095 1487 1134; x_wconf 85' lang='lat' dir='ltr'><strong>absumet</strong></span> <span class='ocrx_word' id='word_1_130' title='bbox 1511 1100 1550 1134; x_wconf 87' lang='lat' dir='ltr'><em>et</em></span> <span class='ocrx_word' id='word_1_131' title='bbox 1568 1095 1812 1147; x_wconf 75' lang='lat' dir='ltr'><em>abligufiet.“</em></span> 
     </span>
     <span class='ocr_line' id='line_1_14' title="bbox 267 1159 1812 1214; baseline 0.004 -17"><span class='ocrx_word' id='word_1_132' title='bbox 267 1161 329 1198; x_wconf 91' lang='lat' dir='ltr'><em>Ad</em></span> <span class='ocrx_word' id='word_1_133' title='bbox 357 1161 563 1200; x_wconf 88' lang='lat' dir='ltr'><em>dictionem</em></span> <span class='ocrx_word' id='word_1_134' title='bbox 591 1162 693 1200; x_wconf 88' lang='lat' dir='ltr'><em>conf.</em></span> <span class='ocrx_word' id='word_1_135' title='bbox 723 1161 858 1200; x_wconf 86' lang='lat' dir='ltr'><strong>Claud.</strong></span> <span class='ocrx_word' id='word_1_136' title='bbox 882 1161 931 1198; x_wconf 89' lang='lat' dir='ltr'><em>de</em></span> <span class='ocrx_word' id='word_1_137' title='bbox 956 1159 1080 1198; x_wconf 87' lang='lat' dir='ltr'><strong>Laud.</strong></span> <span class='ocrx_word' id='word_1_138' title='bbox 1112 1161 1256 1201; x_wconf 91' lang='lat' dir='ltr'><em>Stilich.</em></span> <span class='ocrx_word' id='word_1_139' title='bbox 1278 1164 1317 1211; x_wconf 88' lang='lat'><em>2,</em></span> <span class='ocrx_word' id='word_1_140' title='bbox 1347 1163 1438 1204; x_wconf 88' lang='lat'><strong>115.</strong></span> <span class='ocrx_word' id='word_1_141' title='bbox 1462 1165 1604 1214; x_wconf 79' lang='lat' dir='ltr'><em>pretiis</em></span> <span class='ocrx_word' id='word_1_142' title='bbox 1625 1177 1812 1202; x_wconf 85' lang='lat' dir='ltr'><em>commer-</em></span> 
     </span>
     <span class='ocr_line' id='line_1_15' title="bbox 268 1229 1810 1283; baseline 0.004 -18"><span class='ocrx_word' id='word_1_143' title='bbox 268 1229 332 1265; x_wconf 78' lang='lat' dir='ltr'><em>cia</em></span> <span class='ocrx_word' id='word_1_144' title='bbox 356 1231 493 1279; x_wconf 81' lang='lat' dir='ltr'><em>pascit</em></span> <span class='ocrx_word' id='word_1_145' title='bbox 520 1229 740 1275; x_wconf 79' lang='lat' dir='ltr'><em>honorum,</em></span> <span class='ocrx_word' id='word_1_146' title='bbox 779 1230 842 1269; x_wconf 86' lang='lat' dir='ltr'><em>ubi</em></span> <span class='ocrx_word' id='word_1_147' title='bbox 874 1230 1026 1268; x_wconf 81' lang='lat' dir='ltr'><em>Gesner</em></span> <span class='ocrx_word' id='word_1_148' title='bbox 1053 1230 1123 1279; x_wconf 84' lang='grc'>39,</span> <span class='ocrx_word' id='word_1_149' title='bbox 1154 1231 1220 1271; x_wconf 85' lang='grc'><strong>22.</strong></span> <span class='ocrx_word' id='word_1_150' title='bbox 1259 1237 1480 1282; x_wconf 74' lang='lat' dir='ltr'><em>pascatque</em></span> <span class='ocrx_word' id='word_1_151' title='bbox 1503 1232 1710 1283; x_wconf 87' lang='lat' dir='ltr'><em>furorem,</em></span> <span class='ocrx_word' id='word_1_152' title='bbox 1739 1231 1810 1272; x_wconf 85' lang='lat' dir='ltr'><em>Sil.</em></span> 
     </span>
     <span class='ocr_line' id='line_1_16' title="bbox 267 1297 1810 1350; baseline 0.003 -16"><span class='ocrx_word' id='word_1_153' title='bbox 267 1297 348 1335; x_wconf 86' lang='lat' dir='ltr'><em>Ital.</em></span> <span class='ocrx_word' id='word_1_154' title='bbox 379 1300 427 1338; x_wconf 91' lang='grc'><strong>12</strong></span> <span class='ocrx_word' id='word_1_155' title='bbox 443 1326 456 1348; x_wconf 91' lang='grc'>,</span> <span class='ocrx_word' id='word_1_156' title='bbox 481 1300 578 1340; x_wconf 89' lang='grc'><strong>721.</strong></span> <span class='ocrx_word' id='word_1_157' title='bbox 620 1299 783 1350; x_wconf 78' lang='lat' dir='ltr'><em>quantis</em></span> <span class='ocrx_word' id='word_1_158' title='bbox 807 1305 958 1350; x_wconf 80' lang='lat' dir='ltr'><em>pascat</em></span> <span class='ocrx_word' id='word_1_159' title='bbox 972 1298 1093 1349; x_wconf 81' lang='lat' dir='ltr'><em>serus</em></span> <span class='ocrx_word' id='word_1_160' title='bbox 1121 1297 1283 1349; x_wconf 77' lang='lat' dir='ltr'><em>ignibus</em></span> <span class='ocrx_word' id='word_1_161' title='bbox 1311 1299 1395 1336; x_wconf 76' lang='lat' dir='ltr'><em>iras</em></span> <span class='ocrx_word' id='word_1_162' title='bbox 1422 1303 1460 1338; x_wconf 90' lang='lat' dir='ltr'><em>et</em></span> <span class='ocrx_word' id='word_1_163' title='bbox 1490 1299 1588 1338; x_wconf 90' lang='lat' dir='ltr'><em>hunc</em></span> <span class='ocrx_word' id='word_1_164' title='bbox 1615 1300 1688 1339; x_wconf 82' lang='lat' dir='ltr'><em>loc.</em></span> <span class='ocrx_word' id='word_1_165' title='bbox 1716 1313 1810 1338; x_wconf 87' lang='lat' dir='ltr'><em>con-</em></span> 
     </span>
     <span class='ocr_line' id='line_1_17' title="bbox 267 1365 1811 1418; baseline 0.002 -14"><span class='ocrx_word' id='word_1_166' title='bbox 267 1367 360 1411; x_wconf 80' lang='lat' dir='ltr'><em>fert3</em></span> <span class='ocrx_word' id='word_1_167' title='bbox 384 1367 482 1404; x_wconf 85' lang='lat' dir='ltr'><em>adde</em></span> <span class='ocrx_word' id='word_1_168' title='bbox 505 1366 541 1403; x_wconf 86' lang='lat' dir='ltr'>T</span> <span class='ocrx_word' id='word_1_169' title='bbox 543 1379 600 1404; x_wconf 88' lang='lat' dir='ltr'><em>ac.</em></span> <span class='ocrx_word' id='word_1_170' title='bbox 622 1367 748 1418; x_wconf 75' lang='lat' dir='ltr'><em>Agl-ic.</em></span> <span class='ocrx_word' id='word_1_171' title='bbox 770 1368 840 1417; x_wconf 87' lang='lat'><em>31,</em></span> <span class='ocrx_word' id='word_1_172' title='bbox 861 1368 900 1408; x_wconf 87' lang='lat'><em>3.</em></span> <span class='ocrx_word' id='word_1_173' title='bbox 925 1365 994 1416; x_wconf 89' lang='lat' dir='ltr'><em>(ib.</em></span> <span class='ocrx_word' id='word_1_174' title='bbox 1014 1365 1182 1416; x_wconf 76' lang='lat' dir='ltr'><em>Walch.)</em></span> <span class='ocrx_word' id='word_1_175' title='bbox 1206 1366 1426 1405; x_wconf 84' lang='lat' dir='ltr'><em>Britannia</em></span> <span class='ocrx_word' id='word_1_176' title='bbox 1446 1369 1672 1406; x_wconf 71' lang='lat' dir='ltr'><em>servitutem</em></span> <span class='ocrx_word' id='word_1_177' title='bbox 1692 1381 1811 1407; x_wconf 75' lang='lat' dir='ltr'><em>suam</em></span> 
     </span>
     <span class='ocr_line' id='line_1_18' title="bbox 267 1433 1808 1487; baseline 0.003 -17"><span class='ocrx_word' id='word_1_178' title='bbox 267 1434 443 1486; x_wconf 79' lang='lat' dir='ltr'><em>quotidie</em></span> <span class='ocrx_word' id='word_1_179' title='bbox 473 1434 589 1479; x_wconf 83' lang='lat' dir='ltr'><em>emit,</em></span> <span class='ocrx_word' id='word_1_180' title='bbox 626 1435 800 1486; x_wconf 76' lang='lat' dir='ltr'><em>quotidie</em></span> <span class='ocrx_word' id='word_1_181' title='bbox 825 1436 971 1486; x_wconf 80' lang='lat' dir='ltr'><em>pascit.</em></span> <span class='ocrx_word' id='word_1_182' title='bbox 1003 1435 1111 1484; x_wconf 87' lang='lat' dir='ltr'><em>Virg.</em></span> <span class='ocrx_word' id='word_1_183' title='bbox 1142 1433 1238 1473; x_wconf 86' lang='lat' dir='ltr'><em>Aen.</em></span> <span class='ocrx_word' id='word_1_184' title='bbox 1271 1436 1337 1485; x_wconf 91' lang='grc'><em>10,</em></span> <span class='ocrx_word' id='word_1_185' title='bbox 1367 1437 1464 1477; x_wconf 87' lang='grc'><strong>627.</strong></span> <span class='ocrx_word' id='word_1_186' title='bbox 1502 1435 1611 1474; x_wconf 82' lang='lat' dir='ltr'><em>Pers.</em></span> <span class='ocrx_word' id='word_1_187' title='bbox 1640 1436 1681 1487; x_wconf 87' lang='grc'>5,</span> <span class='ocrx_word' id='word_1_188' title='bbox 1714 1436 1808 1477; x_wconf 85' lang='grc'><strong>150.</strong></span> 
     </span>
     <span class='ocr_line' id='line_1_19' title="bbox 267 1501 1807 1556; baseline 0.001 -16"><span class='ocrx_word' id='word_1_189' title='bbox 267 1501 335 1553; x_wconf 89' lang='lat' dir='ltr'><em>(ib.</em></span> <span class='ocrx_word' id='word_1_190' title='bbox 364 1501 495 1554; x_wconf 86' lang='lat' dir='ltr'><em>Jahn.)</em></span> <span class='ocrx_word' id='word_1_191' title='bbox 541 1502 650 1552; x_wconf 83' lang='lat' dir='ltr'><em>Quid</em></span> <span class='ocrx_word' id='word_1_192' title='bbox 671 1503 802 1554; x_wconf 78' lang='lat' dir='ltr'><em>petis?</em></span> <span class='ocrx_word' id='word_1_193' title='bbox 843 1511 888 1540; x_wconf 80' lang='lat' dir='ltr'><em>ut</em></span> <span class='ocrx_word' id='word_1_194' title='bbox 926 1504 1109 1549; x_wconf 86' lang='lat' dir='ltr'><em>nummi,</em></span> <span class='ocrx_word' id='word_1_195' title='bbox 1151 1517 1250 1555; x_wconf 71' lang='lat' dir='ltr'><em>quo-s</em></span> <span class='ocrx_word' id='word_1_196' title='bbox 1283 1503 1350 1541; x_wconf 69' lang='lat' dir='ltr'><em>hic</em></span> <span class='ocrx_word' id='word_1_197' title='bbox 1379 1505 1602 1556; x_wconf 81' lang='lat' dir='ltr'><em>quincunce</em></span> <span class='ocrx_word' id='word_1_198' title='bbox 1635 1503 1807 1542; x_wconf 67' lang='lat' dir='ltr'><em>modesto</em></span> 
     </span>
     <span class='ocr_line' id='line_1_20' title="bbox 268 1570 1811 1624; baseline 0.002 -17"><span class='ocrx_word' id='word_1_199' title='bbox 268 1570 483 1607; x_wconf 80' lang='lat' dir='ltr'><em>Nutrieras</em></span> <span class='ocrx_word' id='word_1_200' title='bbox 494 1599 509 1616; x_wconf 88' lang='lat'>,</span> <span class='ocrx_word' id='word_1_201' title='bbox 546 1579 722 1623; x_wconf 82' lang='lat' dir='ltr'><em>pergant</em></span> <span class='ocrx_word' id='word_1_202' title='bbox 749 1572 890 1609; x_wconf 72' lang='lat' dir='ltr'><em>avidos</em></span> <span class='ocrx_word' id='word_1_203' title='bbox 930 1572 1074 1610; x_wconf 81' lang='lat' dir='ltr'><em>sudare</em></span> <span class='ocrx_word' id='word_1_204' title='bbox 1110 1571 1307 1609; x_wconf 83' lang='lat' dir='ltr'><em>deunces?</em></span> <span class='ocrx_word' id='word_1_205' title='bbox 1355 1571 1427 1616; x_wconf 86' lang='lat' dir='ltr'><em>Qui</em></span> <span class='ocrx_word' id='word_1_206' title='bbox 1463 1579 1636 1624; x_wconf 73' lang='lat' dir='ltr'><em>poscunt</em></span> <span class='ocrx_word' id='word_1_207' title='bbox 1668 1585 1811 1624; x_wconf 84' lang='lat' dir='ltr'><em>appro-</em></span> 
     </span>
     <span class='ocr_line' id='line_1_21' title="bbox 267 1640 1810 1692; baseline 0.001 -13"><span class='ocrx_word' id='word_1_208' title='bbox 267 1641 381 1691; x_wconf 85' lang='lat' dir='ltr'><em>bant,</em></span> <span class='ocrx_word' id='word_1_209' title='bbox 418 1642 442 1679; x_wconf 90' lang='lat' dir='ltr'><em>ii</em></span> <span class='ocrx_word' id='word_1_210' title='bbox 470 1646 511 1680; x_wconf 90' lang='lat' dir='ltr'><em>ut</em></span> <span class='ocrx_word' id='word_1_211' title='bbox 548 1640 746 1680; x_wconf 76' lang='lat' dir='ltr'><em>Zurckius</em></span> <span class='ocrx_word' id='word_1_212' title='bbox 782 1640 983 1692; x_wconf 80' lang='lat' dir='ltr'><em>prodigum</em></span> <span class='ocrx_word' id='word_1_213' title='bbox 1011 1640 1227 1691; x_wconf 84' lang='lat' dir='ltr'><em>intelligunt</em></span> <span class='ocrx_word' id='word_1_214' title='bbox 1257 1644 1478 1691; x_wconf 89' lang='lat' dir='ltr'><em>poscentem</em></span> <span class='ocrx_word' id='word_1_215' title='bbox 1517 1641 1670 1692; x_wconf 88' lang='lat' dir='ltr'><em>quidem</em></span> <span class='ocrx_word' id='word_1_216' title='bbox 1700 1654 1810 1680; x_wconf 88' lang='lat' dir='ltr'><em>num-</em></span> 
     </span>
     <span class='ocr_line' id='line_1_22' title="bbox 266 1710 1618 1761; baseline 0.003 -15"><span class='ocrx_word' id='word_1_217' title='bbox 266 1722 370 1758; x_wconf 87' lang='lat' dir='ltr'><em>mos,</em></span> <span class='ocrx_word' id='word_1_218' title='bbox 401 1710 470 1748; x_wconf 89' lang='lat' dir='ltr'><em>sed</em></span> <span class='ocrx_word' id='word_1_219' title='bbox 502 1710 550 1748; x_wconf 89' lang='lat' dir='ltr'><em>de</em></span> <span class='ocrx_word' id='word_1_220' title='bbox 576 1713 680 1747; x_wconf 86' lang='lat' dir='ltr'><em>sorte</em></span> <span class='ocrx_word' id='word_1_221' title='bbox 708 1713 746 1748; x_wconf 85' lang='lat' dir='ltr'><em>et</em></span> <span class='ocrx_word' id='word_1_222' title='bbox 775 1711 923 1760; x_wconf 82' lang='lat' dir='ltr'><em>usuris,</em></span> <span class='ocrx_word' id='word_1_223' title='bbox 953 1710 1155 1748; x_wconf 90' lang='lat' dir='ltr'><em>dummodo</em></span> <span class='ocrx_word' id='word_1_224' title='bbox 1176 1722 1219 1747; x_wconf 90' lang='lat' dir='ltr'><em>se</em></span> <span class='ocrx_word' id='word_1_225' title='bbox 1246 1713 1404 1761; x_wconf 85' lang='lat' dir='ltr'><em>pascat,</em></span> <span class='ocrx_word' id='word_1_226' title='bbox 1433 1721 1618 1750; x_wconf 88' lang='lat' dir='ltr'><em>securum.</em></span> 
     </span>
    </p>

    <p class='ocr_par' dir='ltr' id='par_1_3' title="bbox 266 1776 1810 2982">
     <span class='ocr_line' id='line_1_23' title="bbox 380 1776 1810 1829; baseline 0.002 -17"><span class='ocrx_word' id='word_1_227' title='bbox 380 1778 426 1815; x_wconf 88' lang='lat' dir='ltr'><em>V.</em></span> <span class='ocrx_word' id='word_1_228' title='bbox 455 1779 523 1819; x_wconf 85' lang='lat'><em>36.</em></span> <span class='ocrx_word' id='word_1_229' title='bbox 559 1777 688 1815; x_wconf 76' lang='lat' dir='ltr'><em>lerex</em></span> <span class='ocrx_word' id='word_1_230' title='bbox 715 1778 815 1824; x_wconf 85' lang='lat' dir='ltr'><em>erit,</em></span> <span class='ocrx_word' id='word_1_231' title='bbox 844 1778 868 1819; x_wconf 83' lang='lat' dir='ltr'><em>i.</em></span> <span class='ocrx_word' id='word_1_232' title='bbox 897 1791 933 1817; x_wconf 87' lang='lat' dir='ltr'><em>e.</em></span> <span class='ocrx_word' id='word_1_233' title='bbox 962 1777 1251 1829; x_wconf 82' lang='lat' dir='ltr'><em>„auctorabitur</em></span> <span class='ocrx_word' id='word_1_234' title='bbox 1274 1791 1316 1816; x_wconf 88' lang='lat' dir='ltr'><em>se</em></span> <span class='ocrx_word' id='word_1_235' title='bbox 1344 1778 1383 1815; x_wconf 92' lang='lat' dir='ltr'><em>in</em></span> <span class='ocrx_word' id='word_1_236' title='bbox 1410 1777 1563 1826; x_wconf 87' lang='lat' dir='ltr'><em>ludum,</em></span> <span class='ocrx_word' id='word_1_237' title='bbox 1593 1781 1635 1816; x_wconf 90' lang='lat' dir='ltr'><em>ut</em></span> <span class='ocrx_word' id='word_1_238' title='bbox 1662 1776 1810 1827; x_wconf 80' lang='lat' dir='ltr'><em>gladia-</em></span> 
     </span>
     <span class='ocr_line' id='line_1_24' title="bbox 268 1845 1810 1898; baseline 0 -15"><span class='ocrx_word' id='word_1_239' title='bbox 268 1850 328 1883; x_wconf 89' lang='lat' dir='ltr'><em>tor</em></span> <span class='ocrx_word' id='word_1_240' title='bbox 355 1846 448 1885; x_wconf 77' lang='lat' dir='ltr'><em>sit.“</em></span> <span class='ocrx_word' id='word_1_241' title='bbox 496 1845 562 1883; x_wconf 81' lang='lat' dir='ltr'><em>Sic</em></span> <span class='ocrx_word' id='word_1_242' title='bbox 589 1846 784 1884; x_wconf 88' lang='lat' dir='ltr'><em>verissime</em></span> <span class='ocrx_word' id='word_1_243' title='bbox 813 1846 1066 1898; x_wconf 88' lang='lat' dir='ltr'><em>Porphyri0n;</em></span> <span class='ocrx_word' id='word_1_244' title='bbox 1097 1847 1235 1885; x_wconf 85' lang='lat' dir='ltr'><em>etenim</em></span> <span class='ocrx_word' id='word_1_245' title='bbox 1262 1846 1311 1883; x_wconf 92' lang='lat' dir='ltr'><em>de</em></span> <span class='ocrx_word' id='word_1_246' title='bbox 1339 1845 1425 1897; x_wconf 86' lang='lat' dir='ltr'><em>ipso</em></span> <span class='ocrx_word' id='word_1_247' title='bbox 1452 1845 1642 1883; x_wconf 86' lang='lat' dir='ltr'><em>Threcum</em></span> <span class='ocrx_word' id='word_1_248' title='bbox 1669 1857 1810 1896; x_wconf 81' lang='lat' dir='ltr'><em>genere</em></span> 
     </span>
     <span class='ocr_line' id='line_1_25' title="bbox 268 1911 1808 1963; baseline 0.001 -13"><span class='ocrx_word' id='word_1_249' title='bbox 268 1911 424 1963; x_wconf 87' lang='lat' dir='ltr'><em>(Heind.</em></span> <span class='ocrx_word' id='word_1_250' title='bbox 453 1914 502 1950; x_wconf 88' lang='lat' dir='ltr'><em>ad</em></span> <span class='ocrx_word' id='word_1_251' title='bbox 529 1913 609 1951; x_wconf 88' lang='lat' dir='ltr'><em>Sat.</em></span> <span class='ocrx_word' id='word_1_252' title='bbox 643 1915 681 1962; x_wconf 90' lang='grc'>2,</span> <span class='ocrx_word' id='word_1_253' title='bbox 709 1914 749 1963; x_wconf 89' lang='grc'>6,</span> <span class='ocrx_word' id='word_1_254' title='bbox 778 1911 846 1953; x_wconf 84' lang='grc'><strong>44.</strong></span> <span class='ocrx_word' id='word_1_255' title='bbox 885 1919 923 1952; x_wconf 91' lang='lat' dir='ltr'><em>et</em></span> <span class='ocrx_word' id='word_1_256' title='bbox 960 1914 1154 1952; x_wconf 90' lang='lat' dir='ltr'><em>Eichstad.</em></span> <span class='ocrx_word' id='word_1_257' title='bbox 1192 1913 1242 1951; x_wconf 86' lang='lat' dir='ltr'><em>ad</em></span> <span class='ocrx_word' id='word_1_258' title='bbox 1277 1913 1428 1953; x_wconf 85' lang='lat' dir='ltr'><em>Ruhnk.</em></span> <span class='ocrx_word' id='word_1_259' title='bbox 1461 1911 1588 1952; x_wconf 83' lang='lat' dir='ltr'><em>Lectt.</em></span> <span class='ocrx_word' id='word_1_260' title='bbox 1610 1913 1732 1954; x_wconf 67' lang='lat' dir='ltr'><em>vacad.</em></span> <span class='ocrx_word' id='word_1_261' title='bbox 1767 1913 1808 1951; x_wconf 84' lang='lat' dir='ltr'><em>in</em></span> 
     </span>
     <span class='ocr_line' id='line_1_26' title="bbox 268 1981 1807 2032; baseline 0 -15"><span class='ocrx_word' id='word_1_262' title='bbox 268 1981 396 2031; x_wconf 76' lang='lat' dir='ltr'><em>Antiq.</em></span> <span class='ocrx_word' id='word_1_263' title='bbox 433 1981 597 2021; x_wconf 85' lang='lat' dir='ltr'><em>Roman.</em></span> <span class='ocrx_word' id='word_1_264' title='bbox 636 1981 718 2018; x_wconf 89' lang='lat' dir='ltr'><em>XX.</em></span> <span class='ocrx_word' id='word_1_265' title='bbox 755 1994 793 2031; x_wconf 91' lang='lat' dir='ltr'><em>p.</em></span> <span class='ocrx_word' id='word_1_266' title='bbox 823 1981 880 2030; x_wconf 92' lang='lat'><em>8.)</em></span> <span class='ocrx_word' id='word_1_267' title='bbox 917 1995 993 2019; x_wconf 90' lang='lat' dir='ltr'><em>non</em></span> <span class='ocrx_word' id='word_1_268' title='bbox 1019 1983 1157 2032; x_wconf 87' lang='lat' dir='ltr'><em>agitur.</em></span> <span class='ocrx_word' id='word_1_269' title='bbox 1206 1981 1448 2019; x_wconf 88' lang='lat' dir='ltr'><em>Incommode</em></span> <span class='ocrx_word' id='word_1_270' title='bbox 1478 1984 1602 2018; x_wconf 88' lang='lat' dir='ltr'><em>autem</em></span> <span class='ocrx_word' id='word_1_271' title='bbox 1640 1981 1807 2018; x_wconf 81' lang='lat' dir='ltr'><em>Torren-</em></span> 
     </span>
     <span class='ocr_line' id='line_1_27' title="bbox 269 2047 1805 2100; baseline 0 -15"><span class='ocrx_word' id='word_1_272' title='bbox 269 2050 348 2085; x_wconf 78' lang='lat' dir='ltr'><em>tius</em></span> <span class='ocrx_word' id='word_1_273' title='bbox 377 2061 452 2086; x_wconf 90' lang='lat' dir='ltr'><em>non</em></span> <span class='ocrx_word' id='word_1_274' title='bbox 479 2048 747 2098; x_wconf 78' lang='lat' dir='ltr'><em>gladiatorem,</em></span> <span class='ocrx_word' id='word_1_275' title='bbox 777 2048 846 2085; x_wconf 87' lang='lat' dir='ltr'><em>sed</em></span> <span class='ocrx_word' id='word_1_276' title='bbox 875 2048 1058 2099; x_wconf 85' lang='lat' dir='ltr'><em>aliquem,</em></span> <span class='ocrx_word' id='word_1_277' title='bbox 1088 2049 1151 2100; x_wconf 82' lang='lat' dir='ltr'><em>qu&#39;i</em></span> <span class='ocrx_word' id='word_1_278' title='bbox 1178 2049 1228 2086; x_wconf 90' lang='lat' dir='ltr'><em>ad</em></span> <span class='ocrx_word' id='word_1_279' title='bbox 1253 2049 1407 2086; x_wconf 89' lang='lat' dir='ltr'><em>caedem</em></span> <span class='ocrx_word' id='word_1_280' title='bbox 1427 2047 1638 2086; x_wconf 87' lang='lat' dir='ltr'><em>faciendam</em></span> <span class='ocrx_word' id='word_1_281' title='bbox 1656 2048 1805 2087; x_wconf 85' lang='lat' dir='ltr'><em>immani</em></span> 
     </span>
     <span class='ocr_line' id='line_1_28' title="bbox 268 2113 1806 2167; baseline -0.001 -13"><span class='ocrx_word' id='word_1_282' title='bbox 268 2117 458 2154; x_wconf 88' lang='lat' dir='ltr'><em>Thracum</em></span> <span class='ocrx_word' id='word_1_283' title='bbox 485 2130 588 2154; x_wconf 90' lang='lat' dir='ltr'><em>more</em></span> <span class='ocrx_word' id='word_1_284' title='bbox 619 2117 777 2156; x_wconf 88' lang='lat' dir='ltr'><em>conduci</em></span> <span class='ocrx_word' id='word_1_285' title='bbox 801 2117 975 2154; x_wconf 88' lang='lat' dir='ltr'><em>mercede</em></span> <span class='ocrx_word' id='word_1_286' title='bbox 1003 2130 1089 2155; x_wconf 90' lang='lat' dir='ltr'><em>sese</em></span> <span class='ocrx_word' id='word_1_287' title='bbox 1118 2129 1254 2167; x_wconf 85' lang='lat' dir='ltr'><em>passus</em></span> <span class='ocrx_word' id='word_1_288' title='bbox 1284 2117 1352 2167; x_wconf 79' lang='lat' dir='ltr'><em>sit,</em></span> <span class='ocrx_word' id='word_1_289' title='bbox 1382 2115 1538 2166; x_wconf 78' lang='lat' dir='ltr'><em>intelligi</em></span> <span class='ocrx_word' id='word_1_290' title='bbox 1559 2115 1700 2153; x_wconf 85' lang='lat' dir='ltr'><em>mavult</em></span> <span class='ocrx_word' id='word_1_291' title='bbox 1717 2113 1806 2152; x_wconf 89' lang='lat' dir='ltr'><em>coll.</em></span> 
     </span>
     <span class='ocr_line' id='line_1_29' title="bbox 267 2181 1804 2236; baseline -0.003 -14"><span class='ocrx_word' id='word_1_292' title='bbox 267 2184 392 2236; x_wconf 81' lang='lat' dir='ltr'><em>Epod.</em></span> <span class='ocrx_word' id='word_1_293' title='bbox 423 2184 464 2235; x_wconf 84' lang='lat'><em>5,</em></span> <span class='ocrx_word' id='word_1_294' title='bbox 494 2185 560 2226; x_wconf 87' lang='lat'><em>13.</em></span> <span class='ocrx_word' id='word_1_295' title='bbox 590 2181 654 2225; x_wconf 79' lang='grc'><em>14.</em></span> <span class='ocrx_word' id='word_1_296' title='bbox 681 2184 767 2225; x_wconf 75' lang='lat' dir='ltr'><strong>JuV.</strong></span> <span class='ocrx_word' id='word_1_297' title='bbox 797 2186 839 2234; x_wconf 87' lang='lat'><em>7,</em></span> <span class='ocrx_word' id='word_1_298' title='bbox 870 2185 910 2223; x_wconf 88' lang='grc'><strong>9.</strong></span> <span class='ocrx_word' id='word_1_299' title='bbox 941 2183 1024 2222; x_wconf 85' lang='lat' dir='ltr'><em>Cic.</em></span> <span class='ocrx_word' id='word_1_300' title='bbox 1054 2184 1102 2222; x_wconf 91' lang='lat' dir='ltr'><em>de</em></span> <span class='ocrx_word' id='word_1_301' title='bbox 1126 2185 1238 2222; x_wconf 88' lang='lat' dir='ltr'><em>Offic.</em></span> <span class='ocrx_word' id='word_1_302' title='bbox 1268 2186 1308 2234; x_wconf 87' lang='grc'>2,</span> <span class='ocrx_word' id='word_1_303' title='bbox 1337 2186 1379 2234; x_wconf 89' lang='grc'>7,</span> <span class='ocrx_word' id='word_1_304' title='bbox 1411 2184 1477 2225; x_wconf 85' lang='grc'><strong>25.</strong></span> <span class='ocrx_word' id='word_1_305' title='bbox 1506 2182 1674 2233; x_wconf 83' lang='lat' dir='ltr'><em>Hesych.</em></span> <span class='ocrx_word' id='word_1_306' title='bbox 1705 2195 1739 2222; x_wconf 82' lang='lat' dir='ltr'><em>S.</em></span> <span class='ocrx_word' id='word_1_307' title='bbox 1767 2194 1804 2218; x_wconf 78' lang='lat' dir='ltr'><em>v,</em></span> 
     </span>
     <span class='ocr_line' id='line_1_30' title="bbox 275 2249 1805 2306; baseline -0.004 -13"><span class='ocrx_word' id='word_1_308' title='bbox 275 2249 459 2306; x_wconf 74' lang='grc' dir='ltr'><em>Τράλλεις</em></span> <span class='ocrx_word' id='word_1_309' title='bbox 485 2256 523 2291; x_wconf 87' lang='lat' dir='ltr'><em>et</em></span> <span class='ocrx_word' id='word_1_310' title='bbox 550 2253 686 2293; x_wconf 89' lang='lat' dir='ltr'><em>Senec.</em></span> <span class='ocrx_word' id='word_1_311' title='bbox 715 2253 833 2304; x_wconf 88' lang='lat' dir='ltr'><em>Epist.</em></span> <span class='ocrx_word' id='word_1_312' title='bbox 858 2253 924 2294; x_wconf 88' lang='lat'><em>87.</em></span> <span class='ocrx_word' id='word_1_313' title='bbox 956 2250 1135 2301; x_wconf 85' lang='lat' dir='ltr'><em>dubitat,</em></span> <span class='ocrx_word' id='word_1_314' title='bbox 1165 2258 1300 2290; x_wconf 85' lang='lat' dir='ltr'><em>utrum</em></span> <span class='ocrx_word' id='word_1_315' title='bbox 1327 2265 1367 2288; x_wconf 80' lang='lat' dir='ltr'><em>se</em></span> <span class='ocrx_word' id='word_1_316' title='bbox 1399 2251 1457 2288; x_wconf 85' lang='lat' dir='ltr'><em>ad</em></span> <span class='ocrx_word' id='word_1_317' title='bbox 1479 2250 1669 2302; x_wconf 78' lang='lat' dir='ltr'><em>gladium</em></span> <span class='ocrx_word' id='word_1_318' title='bbox 1703 2249 1805 2288; x_wconf 82' lang='lat' dir='ltr'><em>locet</em></span> 
     </span>
     <span class='ocr_line' id='line_1_31' title="bbox 267 2317 1805 2372; baseline -0.001 -13"><span class='ocrx_word' id='word_1_319' title='bbox 267 2335 322 2359; x_wconf 88' lang='lat' dir='ltr'><em>an</em></span> <span class='ocrx_word' id='word_1_320' title='bbox 349 2321 408 2358; x_wconf 82' lang='lat' dir='ltr'><em>ad</em></span> <span class='ocrx_word' id='word_1_321' title='bbox 432 2321 618 2363; x_wconf 84' lang='lat' dir='ltr'><em>cultrum.</em></span> <span class='ocrx_word' id='word_1_322' title='bbox 678 2321 810 2360; x_wconf 85' lang='lat' dir='ltr'><em>Miram</em></span> <span class='ocrx_word' id='word_1_323' title='bbox 839 2319 1046 2372; x_wconf 80' lang='lat' dir='ltr'><em>Rutgersii</em></span> <span class='ocrx_word' id='word_1_324' title='bbox 1074 2319 1390 2371; x_wconf 89' lang='lat' dir='ltr'><em>compositionem</em></span> <span class='ocrx_word' id='word_1_325' title='bbox 1424 2318 1555 2356; x_wconf 88' lang='lat' dir='ltr'><em>horum</em></span> <span class='ocrx_word' id='word_1_326' title='bbox 1584 2317 1805 2372; x_wconf 80' lang='lat' dir='ltr'><em>verborum:</em></span> 
     </span>
     <span class='ocr_line' id='line_1_32' title="bbox 267 2385 1804 2440; baseline -0.001 -14"><span class='ocrx_word' id='word_1_327' title='bbox 267 2403 417 2426; x_wconf 85' lang='lat' dir='ltr'><em>numm.</em></span> <span class='ocrx_word' id='word_1_328' title='bbox 450 2389 505 2427; x_wconf 90' lang='lat' dir='ltr'><em>al.</em></span> <span class='ocrx_word' id='word_1_329' title='bbox 527 2404 644 2440; x_wconf 81' lang='lat' dir='ltr'><em>pasc.</em></span> <span class='ocrx_word' id='word_1_330' title='bbox 672 2389 873 2427; x_wconf 78' lang='lat' dir='ltr'><em>adimam</em></span> <span class='ocrx_word' id='word_1_331' title='bbox 899 2390 923 2429; x_wconf 87' lang='lat' dir='ltr'><em>i.</em></span> <span class='ocrx_word' id='word_1_332' title='bbox 954 2402 987 2428; x_wconf 91' lang='lat' dir='ltr'><em>e.</em></span> <span class='ocrx_word' id='word_1_333' title='bbox 1017 2388 1176 2438; x_wconf 86' lang='lat' dir='ltr'><em>Janum,</em></span> <span class='ocrx_word' id='word_1_334' title='bbox 1209 2387 1387 2427; x_wconf 85' lang='lat' dir='ltr'><em>refutavit</em></span> <span class='ocrx_word' id='word_1_335' title='bbox 1417 2385 1679 2426; x_wconf 49' lang='lat' dir='ltr'><em>Schmidiuae</em></span> <span class='ocrx_word' id='word_1_336' title='bbox 1706 2386 1804 2425; x_wconf 76' lang='lat' dir='ltr'><em>For-</em></span> 
     </span>
     <span class='ocr_line' id='line_1_33' title="bbox 266 2441 1807 2508; baseline 0 -14"><span class='ocrx_word' id='word_1_337' title='bbox 266 2457 364 2495; x_wconf 90' lang='lat' dir='ltr'><em>mula</em></span> <span class='ocrx_word' id='word_1_338' title='bbox 392 2441 519 2496; x_wconf 86' lang='lat' dir='ltr'><em>autem</em></span> <span class='ocrx_word' id='word_1_339' title='bbox 546 2458 605 2496; x_wconf 84' lang='lat' dir='ltr'><em>ad</em></span> <span class='ocrx_word' id='word_1_340' title='bbox 625 2460 751 2497; x_wconf 82' lang='lat' dir='ltr'><em>imum</em></span> <span class='ocrx_word' id='word_1_341' title='bbox 787 2462 887 2496; x_wconf 88' lang='lat' dir='ltr'><em>tecte</em></span> <span class='ocrx_word' id='word_1_342' title='bbox 917 2457 1106 2508; x_wconf 86' lang='lat' dir='ltr'><em>significat</em></span> <span class='ocrx_word' id='word_1_343' title='bbox 1139 2456 1327 2495; x_wconf 89' lang='lat' dir='ltr'><em>hominem</em></span> <span class='ocrx_word' id='word_1_344' title='bbox 1355 2455 1404 2492; x_wconf 91' lang='lat' dir='ltr'><em>ad</em></span> <span class='ocrx_word' id='word_1_345' title='bbox 1440 2467 1622 2493; x_wconf 88' lang='lat' dir='ltr'><em>summam</em></span> <span class='ocrx_word' id='word_1_346' title='bbox 1650 2458 1807 2506; x_wconf 72' lang='lat' dir='ltr'><em>egestu·</em></span> 
     </span>
     <span class='ocr_line' id='line_1_34' title="bbox 267 2522 1805 2577; baseline 0 -15"><span class='ocrx_word' id='word_1_347' title='bbox 267 2530 344 2562; x_wconf 85' lang='lat' dir='ltr'><em>tem</em></span> <span class='ocrx_word' id='word_1_348' title='bbox 374 2526 579 2567; x_wconf 89' lang='lat' dir='ltr'><em>redactum.</em></span> <span class='ocrx_word' id='word_1_349' title='bbox 615 2549 664 2556; x_wconf 91' lang='lat'><em>-</em></span> <span class='ocrx_word' id='word_1_350' title='bbox 698 2534 773 2564; x_wconf 84' lang='lat' dir='ltr'><em>aut</em></span> <span class='ocrx_word' id='word_1_351' title='bbox 798 2526 950 2564; x_wconf 75' lang='lat' dir='ltr'><em>olitoris</em></span> <span class='ocrx_word' id='word_1_352' title='bbox 977 2540 1044 2577; x_wconf 85' lang='lat' dir='ltr'><em>ag.</em></span> <span class='ocrx_word' id='word_1_353' title='bbox 1081 2538 1195 2562; x_wconf 86' lang='lat' dir='ltr'><em>merc.</em></span> <span class='ocrx_word' id='word_1_354' title='bbox 1232 2522 1466 2569; x_wconf 87' lang='lat' dir='ltr'><em>caballum,</em></span> <span class='ocrx_word' id='word_1_355' title='bbox 1508 2523 1805 2570; x_wconf 68' lang='lat' dir='ltr'><em>„mercenarius</em></span> 
     </span>
     <span class='ocr_line' id='line_1_35' title="bbox 266 2589 1804 2646; baseline 0 -17"><span class='ocrx_word' id='word_1_356' title='bbox 266 2592 453 2632; x_wconf 89' lang='lat' dir='ltr'><em>hortulani</em></span> <span class='ocrx_word' id='word_1_357' title='bbox 491 2595 685 2644; x_wconf 88' lang='lat' dir='ltr'><em>cujusdam</em></span> <span class='ocrx_word' id='word_1_358' title='bbox 723 2607 842 2646; x_wconf 86' lang='lat' dir='ltr'><em>agaso</em></span> <span class='ocrx_word' id='word_1_359' title='bbox 877 2594 958 2633; x_wconf 84' lang='lat' dir='ltr'><em>erit.</em></span> <span class='ocrx_word' id='word_1_360' title='bbox 972 2594 1000 2618; x_wconf 77' lang='lat'><em>‘⁶</em></span> <span class='ocrx_word' id='word_1_361' title='bbox 1053 2593 1148 2631; x_wconf 92' lang='lat' dir='ltr'><em>Cum</em></span> <span class='ocrx_word' id='word_1_362' title='bbox 1184 2592 1316 2631; x_wconf 87' lang='lat' dir='ltr'><em>eadem</em></span> <span class='ocrx_word' id='word_1_363' title='bbox 1352 2605 1394 2630; x_wconf 88' lang='lat' dir='ltr'><em>re</em></span> <span class='ocrx_word' id='word_1_364' title='bbox 1431 2596 1626 2644; x_wconf 80' lang='lat' dir='ltr'><em>comparat</em></span> <span class='ocrx_word' id='word_1_365' title='bbox 1663 2589 1804 2629; x_wconf 81' lang='lat' dir='ltr'><em>Rader</em></span> 
     </span>
     <span class='ocr_line' id='line_1_36' title="bbox 267 2657 1804 2714; baseline -0.001 -18"><span class='ocrx_word' id='word_1_366' title='bbox 267 2659 379 2697; x_wconf 88' lang='lat' dir='ltr'><em>Mart.</em></span> <span class='ocrx_word' id='word_1_367' title='bbox 407 2663 445 2707; x_wconf 91' lang='lat'><em>8,</em></span> <span class='ocrx_word' id='word_1_368' title='bbox 477 2662 530 2703; x_wconf 85' lang='lat'><em>58</em></span> <span class='ocrx_word' id='word_1_369' title='bbox 561 2661 674 2714; x_wconf 84' lang='lat'><strong>(61),</strong></span> <span class='ocrx_word' id='word_1_370' title='bbox 713 2665 750 2704; x_wconf 84' lang='lat'><em>9,</em></span> <span class='ocrx_word' id='word_1_371' title='bbox 801 2664 893 2700; x_wconf 85' lang='lat' dir='ltr'><em>Hoc</em></span> <span class='ocrx_word' id='word_1_372' title='bbox 921 2669 1030 2712; x_wconf 78' lang='lat' dir='ltr'><em>epte,</em></span> <span class='ocrx_word' id='word_1_373' title='bbox 1061 2660 1192 2698; x_wconf 77' lang='lat' dir='ltr'><em>mulae</em></span> <span class='ocrx_word' id='word_1_374' title='bbox 1217 2659 1364 2698; x_wconf 76' lang='lat' dir='ltr'><em>habeat</em></span> <span class='ocrx_word' id='word_1_375' title='bbox 1390 2667 1426 2697; x_wconf 81' lang='lat' dir='ltr'><em>et</em></span> <span class='ocrx_word' id='word_1_376' title='bbox 1451 2658 1752 2705; x_wconf 78' lang='lat' dir='ltr'><em>suburbanum,</em></span> <span class='ocrx_word' id='word_1_377' title='bbox 1779 2657 1804 2695; x_wconf 83' lang='lat' dir='ltr'><em>i.</em></span> 
     </span>
     <span class='ocr_line' id='line_1_37' title="bbox 268 2724 1802 2781; baseline 0.001 -16"><span class='ocrx_word' id='word_1_378' title='bbox 268 2738 302 2762; x_wconf 77' lang='lat' dir='ltr'><em>e·</em></span> <span class='ocrx_word' id='word_1_379' title='bbox 329 2740 421 2776; x_wconf 91' lang='lat' dir='ltr'><em>quas</em></span> <span class='ocrx_word' id='word_1_380' title='bbox 451 2734 551 2780; x_wconf 88' lang='lat' dir='ltr'><em>agat.</em></span> <span class='ocrx_word' id='word_1_381' title='bbox 583 2731 731 2770; x_wconf 89' lang='lat' dir='ltr'><em>Rustici</em></span> <span class='ocrx_word' id='word_1_382' title='bbox 764 2732 795 2769; x_wconf 91' lang='lat' dir='ltr'><em>si</em></span> <span class='ocrx_word' id='word_1_383' title='bbox 831 2743 906 2769; x_wconf 92' lang='lat' dir='ltr'><em>non</em></span> <span class='ocrx_word' id='word_1_384' title='bbox 936 2730 1008 2781; x_wconf 83' lang='lat' dir='ltr'><em>ipsi</em></span> <span class='ocrx_word' id='word_1_385' title='bbox 1043 2729 1206 2767; x_wconf 87' lang='lat' dir='ltr'><em>humeris</em></span> <span class='ocrx_word' id='word_1_386' title='bbox 1241 2728 1447 2780; x_wconf 88' lang='lat' dir='ltr'><em>portabant</em></span> <span class='ocrx_word' id='word_1_387' title='bbox 1481 2727 1632 2767; x_wconf 87' lang='lat' dir='ltr'><em>venales</em></span> <span class='ocrx_word' id='word_1_388' title='bbox 1661 2724 1802 2764; x_wconf 82' lang='lat' dir='ltr'><em>olerum</em></span> 
     </span>
     <span class='ocr_line' id='line_1_38' title="bbox 267 2791 1800 2847; baseline 0.001 -19"><span class='ocrx_word' id='word_1_389' title='bbox 267 2792 388 2832; x_wconf 86' lang='lat' dir='ltr'><em>fasces</em></span> <span class='ocrx_word' id='word_1_390' title='bbox 408 2797 445 2833; x_wconf 89' lang='lat' dir='ltr'><em>in</em></span> <span class='ocrx_word' id='word_1_391' title='bbox 477 2797 626 2847; x_wconf 83' lang='lat' dir='ltr'><em>urbem,</em></span> <span class='ocrx_word' id='word_1_392' title='bbox 656 2798 704 2835; x_wconf 91' lang='lat' dir='ltr'><em>ad</em></span> <span class='ocrx_word' id='word_1_393' title='bbox 723 2798 760 2836; x_wconf 93' lang='lat' dir='ltr'><em>id</em></span> <span class='ocrx_word' id='word_1_394' title='bbox 781 2797 843 2847; x_wconf 85' lang='lat' dir='ltr'><em>vel</em></span> <span class='ocrx_word' id='word_1_395' title='bbox 869 2798 977 2835; x_wconf 88' lang='lat' dir='ltr'><em>asino</em></span> <span class='ocrx_word' id='word_1_396' title='bbox 1000 2797 1059 2835; x_wconf 88' lang='lat' dir='ltr'><em>vel</em></span> <span class='ocrx_word' id='word_1_397' title='bbox 1080 2796 1223 2835; x_wconf 90' lang='lat' dir='ltr'><em>caballo</em></span> <span class='ocrx_word' id='word_1_398' title='bbox 1249 2796 1463 2835; x_wconf 87' lang='lat' dir='ltr'><em>utebantur.</em></span> <span class='ocrx_word' id='word_1_399' title='bbox 1510 2795 1596 2833; x_wconf 83' lang='lat' dir='ltr'><em>Vid.</em></span> <span class='ocrx_word' id='word_1_400' title='bbox 1623 2791 1800 2831; x_wconf 78' lang='lat' dir='ltr'><em>wernsd.</em></span> 
     </span>
     <span class='ocr_line' id='line_1_39' title="bbox 267 2858 1798 2915; baseline 0.001 -19"><span class='ocrx_word' id='word_1_401' title='bbox 267 2859 316 2896; x_wconf 90' lang='lat' dir='ltr'><em>ad</em></span> <span class='ocrx_word' id='word_1_402' title='bbox 348 2860 390 2901; x_wconf 83' lang='lat' dir='ltr'><em>A.</em></span> <span class='ocrx_word' id='word_1_403' title='bbox 417 2863 575 2914; x_wconf 86' lang='lat' dir='ltr'><em>Septim.</em></span> <span class='ocrx_word' id='word_1_404' title='bbox 611 2865 748 2903; x_wconf 88' lang='lat' dir='ltr'><em>Seren.</em></span> <span class='ocrx_word' id='word_1_405' title='bbox 787 2865 923 2904; x_wconf 86' lang='lat' dir='ltr'><em>Moret.</em></span> <span class='ocrx_word' id='word_1_406' title='bbox 952 2867 1019 2906; x_wconf 90' lang='lat'><em>81.</em></span> <span class='ocrx_word' id='word_1_407' title='bbox 1057 2869 1095 2903; x_wconf 91' lang='lat' dir='ltr'><em>et</em></span> <span class='ocrx_word' id='word_1_408' title='bbox 1133 2865 1181 2902; x_wconf 92' lang='lat' dir='ltr'><em>ad</em></span> <span class='ocrx_word' id='word_1_409' title='bbox 1214 2865 1333 2915; x_wconf 91' lang='lat' dir='ltr'><em>ejusd.</em></span> <span class='ocrx_word' id='word_1_410' title='bbox 1371 2865 1504 2914; x_wconf 84' lang='lat' dir='ltr'><em>fragm.</em></span> <span class='ocrx_word' id='word_1_411' title='bbox 1542 2861 1592 2898; x_wconf 84' lang='grc' dir='ltr'><strong>ΙΙ.</strong></span> <span class='ocrx_word' id='word_1_412' title='bbox 1632 2873 1672 2911; x_wconf 83' lang='lat' dir='ltr'><em>p.</em></span> <span class='ocrx_word' id='word_1_413' title='bbox 1703 2858 1798 2899; x_wconf 87' lang='grc'><strong>287.</strong></span> 
     </span>
     <span class='ocr_line' id='line_1_40' title="bbox 267 2925 1799 2982; baseline 0.008 -17"><span class='ocrx_word' id='word_1_414' title='bbox 267 2926 424 2977; x_wconf 68' lang='lat' dir='ltr'><em>Forbig.</em></span> <span class='ocrx_word' id='word_1_415' title='bbox 464 2931 512 2967; x_wconf 75' lang='lat' dir='ltr'><em>ad</em></span> <span class='ocrx_word' id='word_1_416' title='bbox 548 2931 654 2981; x_wconf 86' lang='lat' dir='ltr'><em>Virg.</em></span> <span class='ocrx_word' id='word_1_417' title='bbox 693 2932 766 2970; x_wconf 81' lang='lat' dir='ltr'><em>Ge.</em></span> <span class='ocrx_word' id='word_1_418' title='bbox 809 2933 856 2980; x_wconf 85' lang='lat'><em>1,</em></span> <span class='ocrx_word' id='word_1_419' title='bbox 893 2933 986 2974; x_wconf 87' lang='lat'><strong>273.</strong></span> <span class='ocrx_word' id='word_1_420' title='bbox 1027 2937 1065 2971; x_wconf 82' lang='lat' dir='ltr'><em>et</em></span> <span class='ocrx_word' id='word_1_421' title='bbox 1102 2932 1276 2971; x_wconf 76' lang='lat' dir='ltr'><em>Hndebr.</em></span> <span class='ocrx_word' id='word_1_422' title='bbox 1313 2933 1362 2970; x_wconf 75' lang='lat' dir='ltr'><em>ad</em></span> <span class='ocrx_word' id='word_1_423' title='bbox 1397 2929 1509 2982; x_wconf 77' lang='lat' dir='ltr'><em>Apul.</em></span> <span class='ocrx_word' id='word_1_424' title='bbox 1539 2927 1630 2967; x_wconf 77' lang='lat' dir='ltr'><em>Met.</em></span> <span class='ocrx_word' id='word_1_425' title='bbox 1660 2927 1709 2977; x_wconf 78' lang='lat'><em>9,</em></span> <span class='ocrx_word' id='word_1_426' title='bbox 1731 2925 1799 2967; x_wconf 85' lang='lat'><em>32·</em></span> 
     </span>
    </p>
   </div>
  </div>
 </body>
</html>
