1910 3138
101 218 181 264 149
237 219 512 263 comm:
531 221 588 262 IN
606 221 731 262 HOR.
749 221 850 262 LlB.
866 223 894 262 Ι.
923 221 1086 262 EPIST.
1102 221 1252 263 SEXT.
1275 222 1450 264 mmm.
1518 223 1601 267 309

88 345 230 396 facio?
254 344 371 385 ulem
397 357 525 384 meum
554 360 660 387 curo.
689 368 743 376 —-
767 370 823 376 --
850 348 992 396 Majus
1017 350 1170 386 malum
1200 355 1256 385 est
1279 347 1365 399 hoc,
1395 351 1502 402 quod
1521 366 1601 391 non

90 425 254 463 ponunt
279 411 354 450 tibi
383 413 592 452 ostendere.
626 413 736 453 Pers.
771 416 820 465 4,
851 414 918 456 44.
973 416 1054 454 Ilia
1083 415 1217 454 subter
1259 415 1426 455 Caecum
1454 419 1601 457 vidam

95 478 225 518 habac.
270 480 462 519 Maximin.
489 480 550 519 El.
577 481 630 530 3,
659 481 723 522 55.
760 482 951 534 (Wernsd.
982 484 1046 524 Vl.
1076 498 1115 535 p.
1145 483 1246 534 339)
1291 483 1389 522 Non
1414 487 1602 524 intellecti

94 546 210 586 nulla
248 555 306 586 est
339 549 490 587 curatio
523 547 658 589 morbi.
697 549 833 588 Boeth.
862 551 910 588 de
939 551 1057 591 Cous.
1086 551 1176 603 phil.
1216 554 1261 601 1,
1284 550 1331 605 4.
1369 551 1435 603 (p.
1463 555 1502 594 7.
1537 555 1598 592 ed.

93 613 254 667 Obba.)
299 616 347 654 Si
382 629 542 667 operam
569 616 802 655 medicantis
833 626 1036 669 expectas,
1071 626 1221 670 oportet
1251 618 1399 657 vulnus·
1427 620 1596 672 detegas,

91 670 240 722 Bin'nic.
279 683 327 723 de
361 683 491 724 Error.
529 684 628 736 prof.
667 685 774 735 relig.
814 687 879 727 17.
945 687 1072 737 Capta
1109 700 1217 724 mens
1258 687 1465 739 languoris
1503 691 1599 728 vitio

93 749 312 789 morborum
342 765 491 803 semper
513 760 730 804 augmenta
756 753 951 791 desiderat
973 762 1008 791 et
1038 754 1210 792 medelas
1234 755 1434 803 artificum
1461 771 1600 808 asper-

93 825 209 857 natae
235 822 445 858 contemnit
457 849 472 867 ,
505 822 655 871 respuit
679 821 893 858 remedium
922 822 1138 860 medicinae
1165 830 1202 859 et
1226 824 1269 859 in
1297 825 1458 862 exitium
1484 839 1600 864 suum

85 899 218 937 prona
244 889 494 926 animositate
511 889 694 940 festinat.
728 887 838 940 Apul.
868 889 960 929 Met.
976 911 977 914 =
994 891 1059 940 10,
1087 893 1125 932 2.
1170 891 1316 928 vulnus
1342 894 1470 929 animi
1493 906 1600 931 men-

92 955 190 992 titur
213 957 259 992 in
285 955 558 995 valetudinem.
595 957 785 996 Plutarch.
819 956 844 998 Ι.
877 957 901 995 l.
938 970 974 1007 p.
1005 957 1098 998 107.
1141 959 1313 1013 δισωπίᾳ
1335 963 1442 1015 κακῇ
1469 961 1600 1000 tribuit

94 1020 230 1075 ἰατρόν
257 1025 469 1071 νοσοῦντες
496 1019 546 1064 οὗ
571 1026 879 1076 παρακαλοῦμεν
907 1022 974 1064 τὸν
1003 1024 1202 1078 ἔμπειρον,
1228 1024 1508 1080 αἰσχυνόμενοι
1529 1027 1599 1069 τὸν

93 1087 268 1143 συνήθη.
313 1090 431 1129 Orell.
464 1090 608 1142 Opusc.
635 1092 704 1130 Gr.
743 1091 767 1129 Ι.
804 1105 843 1143 p.
872 1092 939 1132 34.
979 1093 1030 1134 N.
1068 1096 1161 1135 113.
1207 1091 1336 1148 ὥςπερ
1376 1094 1600 1148 σωματικὸν

91 1154 229 1207 πάθος
257 1154 308 1199 ου’
329 1155 628 1210 κρυπτόμενον,
657 1155 755 1199 ου’δὲ
781 1155 1072 1210 ἐπαινούμενον
1099 1159 1316 1214 ὑγιάζεται,
1347 1160 1475 1212 οὕτως
1504 1160 1598 1205 ου’δὲ

90 1224 120 1278 ἦ
138 1232 141 1235 ’
160 1223 272 1278 ψυχὴ
316 1229 449 1274 κακῶς
495 1225 776 1280 φρουρουμένη
818 1227 885 1267 καὶ
932 1229 1276 1282 συναγορευομὲνη
1322 1229 1598 1285 θεραπεύεται.

92 1294 286 1345 chrysost.
313 1294 427 1335 Hom.
450 1294 513 1332 IV.
539 1307 578 1345 p.
603 1296 694 1335 118.
714 1296 849 1333 Matth.
880 1294 901 1337 ὁ
920 1294 994 1349 γᾶρ
1023 1295 1077 1348 μή
1107 1301 1234 1349 μισαῖν
1262 1297 1308 1339 to*
1336 1299 1469 1351 ἕλκος,
1498 1299 1598 1354 μηδὲ

91 1357 369 1415 α’παλλαγῆναι
396 1358 660 1414 βουλόμενος,
692 1365 779 1410 παῖς
807 1360 858 1403 ἂν
888 1360 1129 1417 ἐπιζητήσειε
1160 1364 1230 1406 τόν
1261 1365 1417 1420 Zarath,-
1452 1369 1495 1407 ln
1519 1382 1597 1408 rem

91 1430 140 1471 cf.
163 1439 250 1469 ann.
278 1432 328 1469 ad
355 1431 396 1480 2,
425 1431 492 1471 38.
522 1430 589 1470 39.
625 1435 664 1468 et
693 1431 815 1481 Epict.
839 1430 942 1469 Diss.
975 1434 1014 1482 2,
1040 1435 1107 1483 21,
1137 1435 1203 1476 23.
1235 1436 1370 1474 Senec.
1404 1438 1452 1475 de
1477 1437 1527 1475 lr.
1554 1438 1597 1488 3,

91 1498 158 1540 10.
198 1498 382 1536 Proderit
417 1497 596 1535 morbum
629 1511 746 1535 suum
775 1512 887 1536 nosse
914 1507 949 1536 et
983 1501 1086 1538 vires
1113 1503 1220 1548 ejus,
1258 1510 1474 1555 antequam
1500 1520 1596 1556 spa-

90 1567 252 1612 tientur,
279 1566 506 1616 opprimere.
537 1565 638 1602 Cels.
664 1567 705 1614 3,
737 1567 775 1616 2,
806 1566 869 1606 15.
897 1580 935 1616 p.
969 1568 1044 1609 115
1073 1569 1144 1607 Kr.
1175 1575 1214 1609 et
1241 1572 1289 1609 de
1317 1573 1499 1612 translato
1526 1588 1597 1612 usu

90 1634 191 1672 verbi
224 1633 359 1678 ulcus,
395 1631 527 1681 ἕλκος,
564 1633 695 1671 Seuec.
723 1632 844 1684 Epist.
872 1635 910 1674 8.
947 1633 991 1671 P.
1024 1635 1110 1684 Syr.
1138 1635 1233 1678 904.
1272 1638 1378 1680 Pind.
1413 1640 1525 1692 Pyth.
1554 1641 1596 1692 4,

91 1702 187 1743 271.
215 1699 382 1737 Boeckh.
411 1699 598 1737 Plutarch.
628 1701 676 1738 de
705 1700 777 1737 An.
802 1700 942 1751 Trauq.
972 1701 1051 1739 V11.
1079 1716 1118 1753 p.
1142 1704 1236 1744 863.
1268 1705 1436 1746 Imitatur
1457 1708 1593 1748 Malch.

90 1766 228 1805 Ecbas.
253 1768 389 1817 captiv.
416 1767 513 1808 391.
555 1768 718 1805 Discere
739 1770 994 1819 percupimus
1022 1770 1191 1808 celatum
1216 1775 1325 1823 quod
1349 1775 1447 1814 latet
1467 1777 1594 1816 ulcus,

200 1833 246 1874 V.
277 1834 330 1875 25
345 1835 483 1875 ν-31,
522 1835 570 1873 Si
594 1836 683 1886 quis
700 1857 756 1863 —
777 1835 961 1872 nomine?
1001 1835 1120 1876 Poeta
1146 1841 1308 1893 veritus,
1333 1857 1382 1883 ne
1406 1845 1596 1896 Quintius,

91 1907 132 1941 ut
162 1903 341 1941 homines·
368 1903 512 1952 solent,
553 1903 624 1941 sibi
660 1904 788 1941 melior
822 1916 934 1953 quam
972 1908 1053 1942 erat
1089 1907 1278 1946 videretur
1317 1923 1362 1949 ac
1402 1912 1493 1950 vitia
1529 1925 1597 1951 sua

90 1970 186 2008 falso
217 1970 364 2020 pudore
402 1969 596 2020 obtegeret
627 1971 741 2021 idque
775 1975 933 2022 propter
958 1972 1060 2022 vulgi
1089 1977 1316 2014 assentantis
1344 1992 1496 2028 vocem,
1524 1981 1596 2017 hoc

91 2037 263 2089 exemplo
298 2038 395 2075 hauc
429 2038 591 2076 illustrat
630 2039 872 2076 sententiam:
923 2039 1003 2088 „ln
1038 2043 1287 2081 assentatoris
1322 2059 1414 2084 voce
1452 2059 1540 2084 vera
1572 2058 1595 2083 a

91 2105 219 2155 falsis,
248 2106 271 2142 i.
301 2119 335 2145 e.
364 2096 413 2144 ad
442 2110 482 2145 te
509 2119 585 2144 non
611 2107 903 2156 pertinentibus,
942 2108 1050 2146 facile
1080 2109 1245 2148 dinoscis
1274 2115 1388 2162 atque
1414 2114 1507 2151 haec
1534 2126 1595 2151 re-

91 2173 244 2224 pudias,
285 2178 417 2212 contra
450 2186 547 2223 quae
583 2175 633 2212 ad
668 2174 814 2211 laudem
843 2175 910 2211 viri
938 2175 1119 2225 sapientis
1152 2178 1360 2227 pertinent,
1401 2192 1446 2217 ea
1482 2180 1521 2216 in
1556 2183 1595 2217 te

23 2285 27 2292 Ι
90 2241 222 2278 merito
252 2241 325 2278 dici
357 2242 623 2280 existimaveris
662 2254 785 2291 neque
817 2243 986 2292 recipere
1016 2243 1256 2284 dubitaveris.
1267 2247 1294 2269 ‘⁶
1341 2246 1452 2293 [Alii:
1482 2258 1596 2295 „non

89 2307 310 2346 internoscis
337 2308 396 2347 vel
422 2310 566 2357 nescis,
595 2321 683 2346 vere
707 2321 754 2345 an
784 2310 952 2348 simulate
982 2310 1210 2360 dicantur.“]
1254 2312 1339 2350 Hoc
1367 2314 1400 2350 si
1428 2317 1500 2362 est,
1526 2327 1596 2364 ap·-

90 2378 221 2423 paret,
258 2376 485 2424 jungendum
515 2390 600 2415 esse
629 2375 733 2413 bella
758 2374 829 2412 tibi
858 2375 910 2426 (a
937 2377 1002 2426 te)
1023 2385 1236 2428 pugnata,
1260 2390 1356 2415 non:
1387 2378 1462 2416 tihi
1486 2379 1595 2416 dicat

92 2439 214 2485 bella,
236 2453 356 2490 neque
383 2456 466 2481 cum
494 2444 713 2495 Doeringio
732 2447 770 2480 et
799 2443 932 2480 Vossio
958 2444 1230 2493 explicandum:
1258 2446 1440 2494 „canat,‘²
1466 2448 1533 2484 sed
1551 2452 1594 2486 ut

93 2507 174 2544 Sat.
205 2507 243 2556 1,
263 2507 313 2555 ,3,
344 2510 430 2554 19.;
466 2522 580 2560 porro
607 2514 784 2561 apparet,
813 2511 852 2547 id
880 2510 980 2559 quod
1008 2515 1111 2548 recte
1140 2511 1193 2547 ait
1233 2510 1428 2560 Orellius,
1463 2514 1593 2552 inscite

91 2577 206 2623 negat
232 2573 429 2620 Diintzer,
458 2576 652 2620 Quintium
672 2577 858 2628 stipendia
880 2576 1023 2626 aliquot
1050 2577 1200 2626 fecisse,
1228 2590 1307 2615 rem
1335 2583 1412 2617 tum
1431 2581 1593 2620 omnium

89 2642 264 2691 juvenum
302 2653 551 2690 communem,
587 2657 696 2694 quam
734 2645 764 2681 si
802 2644 953 2688 Quintio
986 2645 1253 2696 denegaveris,
1288 2648 1525 2698 exaggeratio
1554 2653 1594 2687 et

92 2708 255 2746 absurda
283 2712 364 2757 est,
398 2721 520 2758 neque
547 2715 757 2749 assentator
784 2711 882 2748 veris
911 2711 1059 2748 miscuit
1086 2710 1201 2760 falsa,
1231 2724 1304 2762 qua
1332 2715 1505 2765 opinione
1530 2720 1593 2754 to-

94 2775 166 2814 tius
201 2776 276 2814 loci
316 2776 528 2826 infringitur
566 2777 622 2813 vis
663 2778 826 2827 elegans.
883 2777 1017 2814 Aures
1058 2783 1180 2817 autem
1218 2793 1367 2818 vacuae
1401 2794 1478 2820 non
1517 2786 1591 2821 tam

95 2846 202 2892 snut,
239 2844 294 2881 uti
322 2857 402 2881 cum
431 2842 602 2880 Dacerio
639 2843 809 2882 Orellius
822 2859 834 2880 .·
875 2843 1109 2893 „adulationi
1141 2849 1343 2897 patentes“
1384 2848 1512 2900 (Pers.
1548 2849 1590 2901 4,

96 2906 181 2960 50),
209 2922 320 2961 quam
346 2915 510 2950 attentae
534 2914 648 2960 atque
674 2911 847 2950 audiendi
871 2913 1047 2963 cupidae,
1076 2917 1118 2951 ut
1139 2914 1259 2957 Plaut.
1280 2915 1386 2955 Trin.
1405 2917 1500 2969 prol.
1521 2919 1585 2958 11.
