1910 3138
75 191 155 234 101
186 188 464 231 comssN'r.
486 189 540 228 ΙΝ
556 189 682 231 HOR.
699 189 798 231 LlB.
820 189 847 227 1.
885 187 1050 230 EPlST.
1069 185 1478 226 DUODEVICESIM.
1517 181 1602 224 449

75 302 193 342 Baeh-
219 303 268 342 td
295 301 407 341 Ovid-
438 302 530 343 Met.
561 303 603 351 8,
634 303 699 343 13.
727 301 863 340 Loers.
892 302 939 340 ad
969 301 1081 341 Ovid.
1106 300 1143 337 T
1144 300 1227 337 rist-
1244 300 1283 350 2,
1304 298 1399 340 169.
1427 297 1599 337 ffildebr.

73 371 123 410 ad
158 369 267 423 Apul.
306 369 398 410 Met.
426 371 473 420 2,
512 370 551 410 2.
583 382 621 420 p.
640 359 717 411 '80.
770 369 905 408 Talem
945 369 1144 419 imaginem
1176 367 1214 404 in
1252 366 1411 404 nummis
1449 379 1599 416 quoque

73 438 287 476 victorialis
298 438 337 487 *)
357 437 596 488 conspicuam
614 437 689 478 vid.
712 438 813 488 apud
840 437 889 477 0.
908 437 1074 478 Miiller.
1096 440 1136 474 et
1156 433 1360 485 Oesterley.
1380 435 1417 472 in
1435 432 1598 483 „Deuk-

70 506 189 546 malet
214 507 283 544 der
307 505 374 544 alt.
400 505 559 544 Kunst“
589 505 617 543 Ι.
647 505 726 544 tab.
760 504 896 544 LXIX.
927 505 977 544 N.
1010 505 1107 546 377.
1137 504 1220 542 coll.
1248 503 1344 542 illius
1376 502 1599 551 „Archaeo-

13 565 17 570 ‘
71 575 172 625 logie
193 575 262 612 der
282 573 439 612 Kunst“
462 573 522 612 ed.
545 575 584 614 2.
612 586 650 624 p.
670 572 765 614 625.
810 573 866 611 lta
893 572 964 611 cn.
992 573 1149 611 Mattius
1172 583 1233 622 ap.
1254 570 1352 609 Gen.
1375 570 1399 611 ι.
1419 569 1445 608 1.
1484 569 1600 607 Dum

72 642 138 680 dec
167 643 344 679 vincenti
374 654 542 692 praepes
576 641 754 678 Victoria
784 640 983 690 palmam.
1041 640 1111 680 Sil.
1140 639 1222 677 Ital.
1262 637 1334 683 15,
1363 637 1432 677 99.
1475 637 1600 674 niveis

79 710 255 748 Victoria
275 709 456 746 concolor
474 709 565 746 alis.
598 708 730 746 Claud.
751 709 799 746 de
818 707 882 746 Vl.
911 708 1028 746 cons.
1047 708 1194 746 Honor.
1216 706 1311 747 597.
1337 704 1494 756 Adfuit
1511 706 1601 756 ipsa

73 779 155 815 suis
189 777 275 815 ales
307 778 483 815 Victoria
506 776 670 827 templis.
721 775 862 816 Auson.
892 777 1023 828 Epigr.
1050 778 1092 821 1,
1124 778 1164 818 2.
1190 776 1232 816 3.
1287 774 1347 810 Tu
1369 786 1523 824 quoque
1547 771 1600 810 ab

72 846 181 882 aerio
206 858 374 896 praepes
409 844 585 882 Victoria
620 844 741 894 lapsu
780 845 896 883 Come
926 851 1148 882 serenatam
1185 841 1342 892 duplici
1376 839 1602 878 diademate

61 913 256 965 frontem.
305 913 484 951 Ceterum
520 911 668 950 Orellio
691 912 895 950 versiculus
924 926 1058 951 sonum
1085 912 1298 950 Ennianum
1327 908 1467 947 habere
1494 909 1600 947 vide·

70 986 144 1019 tur.
203 980 262 1018 De
289 979 446 1018 consilio
473 985 621 1029 autem,
663 993 738 1030 quo
766 985 880 1031 poeta
905 980 1002 1018 illius
1031 980 1109 1017 ludi
1136 979 1391 1028 victoriaeque
1425 977 1601 1015 Actiacae

71 1049 298 1087 mentionem
315 1047 505 1097 injecerit,
526 1048 629 1085 varie
652 1049 847 1099 disputant
871 1047 1112 1085 Wielandus
1126 1076 1141 1093 ,
1167 1044 1465 1096 Haberjs'eldu3‚
1491 1044 1601 1082 Doe-

70 1116 227 1167 ringiua
254 1120 294 1154 et
326 1114 563 1160 Hocheder,
599 1115 736 1166 quibus
764 1129 871 1154 suum
896 1116 1178 1166 ita—interponit
1195 1114 1378 1165 judicium
1403 1113 1600 1158 Dilatum

71 1185 114 1220 ut
140 1181 322 1220 honorem
345 1183 496 1232 quidem
519 1182 717 1221 verborum
743 1184 781 1221 in
805 1182 1016 1234 Augustum
1039 1182 1277 1233 Lolliumque
1304 1180 1477 1219 collatum
1501 1180 1599 1218 haud

71 1249 235 1288 absurde
261 1250 436 1300 deneget.

181 1316 232 1358 V.
260 1316 326 1358 65.
351 1318 419 1358 66.
461 1312 687 1356 commem
717 1340 772 1347 —-
801 1317 956 1356 ludum.
999 1319 1213 1371 Respicitur
1241 1318 1310 1356 hac
1342 1316 1528 1355 sententia
1551 1316 1601 1353 ad

71 1397 107 1422 v.
134 1385 205 1435 39,
231 1389 462 1436 quapropter
488 1398 717 1436 magnopere
747 1388 951 1424 cavendum
979 1392 1061 1436 est,
1091 1400 1139 1424 ne
1169 1386 1248 1435 hic,
1279 1385 1382 1435 quod
1408 1383 1513 1421 multi
1542 1384 1600 1421 fa-

73 1452 195 1502 ciunt,
220 1452 431 1503 Augustum
454 1455 512 1492 vel
537 1454 727 1492 Tiberium
753 1456 968 1494 sentiamus.
1008 1455 1161 1492 Fautor
1180 1457 1304 1491 autem
1325 1459 1489 1502 utroque
1508 1451 1601 1488 lau-

0 1510 12 1519 *
73 1519 187 1558 dabit
205 1520 355 1571 pollice
380 1524 476 1570 etc.‚
503 1522 525 1558 i.
556 1533 590 1559 e.
619 1521 679 1559 vel
705 1535 843 1573 magno
872 1537 955 1561 cum
985 1522 1127 1560 favore.
1172 1521 1341 1559 Imitatur
1363 1519 1501 1557 Malch.
1524 1518 1601 1556 Ec-

74 1587 155 1628 bas.
179 1588 328 1638 Capfiv.
356 1585 476 1628 1164.
526 1587 675 1637 Vulpes
703 1588 811 1626 hune
841 1590 1001 1641 gem-ino
1029 1589 1235 1627 collaudat
1265 1588 1412 1639 pollice
1440 1586 1596 1624 ludum.

74 1654 198 1692 Dictio
226 1653 291 1691 illa
316 1654 365 1692 ab
401 1667 537 1693 arenae
573 1654 703 1694 favore
741 1656 834 1707 (non
861 1670 884 1695 a
920 1657 1095 1696 theatrali
1123 1669 1215 1707 erga
1243 1656 1436 1704 scenicos,
1478 1658 1520 1692 ut
1549 1655 1601 1692 ait

0 1740 4 1747 v
74 1721 282 1760 Ferrarius
318 1722 406 1773 „de
432 1722 612 1761 Veterum
641 1724 795 1763 acclam.
824 1730 863 1765 et
888 1726 1061 1776 plausu“
1091 1728 1140 1775 2,
1171 1725 1208 1765 5.
1245 1723 1329 1776 13.)
1367 1724 1417 1761 ad
1444 1722 1601 1760 aliarum

0 1820 3 1826 .
74 1802 189 1841 saepe
216 1803 340 1828 rerum
366 1790 512 1828 laudem
544 1792 728 1832 translata
756 1797 828 1832 est.
881 1794 1011 1832 Pollex
1038 1798 1162 1831 autem
1192 1792 1418 1844 spectatoris
1438 1803 1601 1841 pressus

0 1900 2 1902 ,
75 1858 264 1908 savorem,
305 1871 459 1907 versus,
495 1872 703 1898 conversus
738 1861 864 1899 odium
895 1867 935 1900 et
969 1861 1030 1898 vel
1067 1873 1199 1898 necem
1226 1859 1476 1910 significabat.
1502 1858 1600 1896 Plin.

0 1926 10 1972 ’,
75 1925 125 1967 Η.
153 1925 204 1964 N.
234 1926 301 1973 28,
328 1928 364 1966 2,
401 1925 470 1975 (ib.
500 1927 618 1965 Gesn.
649 1928 687 1966 in
714 1929 928 1972 Chrestom.
957 1929 1052 1967 Plin.
1082 1943 1123 1980 p.
1152 1928 1246 1969 693.
1276 1931 1315 1965 et
1345 1928 1383 1964 in
1411 1926 1599 1964 Thesaur.

0 1987 11 2010 '²
75 1991 123 2034 L.
144 1992 193 2031 L.
224 2005 256 2034 s.
286 2007 320 2034 v.
349 1994 508 2043 Pollex)
537 1997 574 2033 T
578 2002 717 2035 orrent.
738 1999 787 2035 ad
813 1998 849 2039 h.
872 1998 896 2036 l.
925 2002 964 2036 et
992 1997 1041 2035 ad
1068 1997 1175 2035 Suet.
1206 1995 1317 2035 Caes.
1340 1996 1406 2035 26.
1435 1994 1598 2043 Rupert.

77 2061 127 2098 ad
153 2060 236 2098 Jnv.
263 2061 312 2110 3,
335 2062 404 2102 36.
445 2062 588 2101 Obbar.
622 2064 669 2101 ad
704 2064 884 2103 Prudent.
919 2063 1128 2116 Symmach.
1158 2065 1204 2111 2,
1237 2062 1359 2103 1099.
1395 2060 1521 2110 Bergl.
1551 2060 1601 2096 ad

76 2127 245 2179 Alciphr.
275 2131 315 2180 2,
343 2132 385 2176 4,
412 2130 480 2172 40.
510 2130 595 2169 coll.
622 2132 767 2170 Erasm-
795 2132 945 2183 Adagg.
971 2134 1011 2182 1,
1041 2133 1082 2180 8,
1113 2130 1179 2171 46.
1209 2128 1379 2166 Turneb.
1406 2128 1502 2165 Adv.
1532 2128 1600 2175 11,

77 2196 116 2236 6.
145 2196 225 2234 Sed
253 2197 301 2234 de
328 2198 412 2249 ipsa
431 2198 621 2249 pollicem
644 2200 823 2238 vertendi
849 2199 1066 2249 ratione**)
1092 2198 1298 2247 ambigunt.
1348 2194 1600 2246 Improbanda

10 2379 15 2382 ·
188 2367 226 2413 *)
245 2370 300 2404 De
319 2370 426 2414 aede,
448 2382 511 2405 ara
534 2377 571 2405 et
586 2375 705 2406 statua
719 2369 899 2405 Victoriae
918 2370 1000 2403 vide
1020 2369 1212 2414 Boettigtm'
1228 2366 1372 2413 „kleine
1390 2366 1600 2400 Schriften“

0 2446 1 2449 κ
77 2425 141 2461 III.
163 2437 201 2470 p.
219 2425 299 2460 316.
321 2427 400 2460 coll.
420 2428 469 2462 II.
489 2439 524 2472 p.
547 2427 616 2462 173
631 2439 686 2473 sq.
708 2425 779 2462 374
798 2438 852 2471 sq.
876 2430 913 2459 et
931 2425 1074 2460 Beckeri
1097 2424 1316 2467 „Handbuch
1334 2424 1397 2457 der
1416 2424 1518 2458 Rom.
1541 2422 1599 2457 Al-

77 2481 299 2516 tertbiimer“
327 2483 358 2516 l.
378 2494 414 2526 p.
435 2483 516 2518 398.
542 2489 579 2518 et
604 2495 692 2529 quos
719 2483 863 2517 laudant
880 2482 1067 2527 Rupertius
1086 2480 1129 2514 ad
1147 2481 1229 2514 Juv.
1252 2482 1286 2524 1,
1313 2478 1390 2515 115.
1416 2480 1466 2514 N.
1486 2479 1543 2514 53.
1562 2486 1600 2514 et

79 2538 147 2573 Th.
171 2537 338 2571 Obbarius
354 2538 400 2571 ad
417 2539 588 2574 Prudent.
608 2540 689 2578 κάν,
709 2539 906 2585 Symmach.
930 2538 958 2571 1.
978 2538 1131 2582 praefat.
1153 2548 1187 2572 V.
1213 2539 1244 2570 1.
1268 2549 1304 2581 p.
1323 2536 1402 2573 136.

164 2588 225 2636 **)
250 2594 384 2626 Acron:
405 2600 575 2638 „utroque
588 2597 713 2640 pollice
731 2593 1012 2637 συνεκδοχικῶς,
1035 2604 1136 2627 manu
1150 2597 1300 2638 utraque
1319 2592 1459 2626 sublata
1484 2596 1522 2627 et
1536 2604 1598 2638 pa·

75 2648 163 2683 riter
177 2648 317 2693 saepius
334 2654 438 2683 mota.
461 2650 540 2683 Hoc
554 2652 646 2685 enim
660 2662 770 2696 genus
784 2650 900 2684 valide
914 2649 1129 2683 laudantium
1144 2649 1235 2685 θεῶ(
1259 2649 1457 2694 Porphyr.:
1476 2653 1598 2692 „ntru-

78 2716 146 2751 que
164 2716 277 2740 manu.
320 2704 461 2749 Tropus
482 2706 700 2751 συνεκδοχή,
730 2718 751 2740 a
773 2711 875 2751 parte
893 2709 1017 2739 totum.
1060 2706 1114 2739 An
1136 2705 1195 2750 qui
1213 2705 1455 2740 vehementius
1478 2705 1598 2741 laudat

77 2772 196 2796 manus
213 2763 364 2807 jungens
374 2786 384 2804 ‚
402 2761 519 2805 iungit
532 2761 692 2806 pollicem
713 2773 788 2796 cnm
802 2761 987 2807 proximo?
997 2762 1021 2779 “
1050 2761 1190 2795 Plenius
1205 2761 1249 2795 de
1264 2773 1306 2797 ea
1319 2774 1360 2797 re
1376 2762 1598 2808 disputarunt

77 2817 214 2862 Lipsius
234 2818 399 2862 (saturn.
427 2819 460 2862 1,
488 2818 524 2851 7.
545 2819 578 2860 2,
601 2818 689 2860 22.).
712 2818 881 2852 Graevius
900 2817 1038 2862 (Praef.
1061 2822 1099 2852 et
1123 2818 1243 2863 Epist.
1264 2830 1298 2864 p.
1312 2818 1430 2863 338.).
1466 2821 1597 2854 Auctor

77 2871 186 2907 libelli
204 2874 461 2919 „Abhandlung
474 2885 540 2908 von
552 2874 618 2908 den
630 2874 812 2920 Fingern“
825 2878 894 2908 etc.
910 2873 995 2919 Lpz.
1012 2885 1045 2908 u.
1062 2874 1249 2910 Eisenach.
1267 2874 1370 2911 1757.
1384 2887 1420 2922 p.
1435 2877 1502 2912 110
1515 2888 1594 2923 sqq.
