<?xml version="1.0" encoding="UTF-8"?>
<!DOCTYPE html PUBLIC "-//W3C//DTD XHTML 1.0 Transitional//EN"
    "http://www.w3.org/TR/xhtml1/DTD/xhtml1-transitional.dtd">
<html xmlns="http://www.w3.org/1999/xhtml" xml:lang="en" lang="en">
 <head>
  <title>
</title>
<meta http-equiv="Content-Type" content="text/html;charset=utf-8" />
  <meta name='ocr-system' content='tesseract 3.04.00' />
  <meta name='ocr-capabilities' content='ocr_page ocr_carea ocr_par ocr_line ocrx_word'/>
</head>
<body>
  <div class='ocr_page' id='page_1' title='image "./epistolascomment02horauoft_0378.png"; bbox 0 0 1910 3138; ppageno 0'>
   <div class='ocr_carea' id='block_1_1' title="bbox 305 234 1822 285">
    <p class='ocr_par' dir='ltr' id='par_1_1' title="bbox 305 234 1822 285">
     <span class='ocr_line' id='line_1_1' title="bbox 305 234 1822 285; baseline 0.001 -7"><span class='ocrx_word' id='word_1_1' title='bbox 305 234 388 278; x_wconf 75' lang='lat'><strong>³70</strong></span> <span class='ocrx_word' id='word_1_2' title='bbox 468 235 746 276; x_wconf 85' lang='lat' dir='ltr'><strong>COMMENT.</strong></span> <span class='ocrx_word' id='word_1_3' title='bbox 766 235 823 275; x_wconf 86' lang='lat' dir='ltr'><strong>IN</strong></span> <span class='ocrx_word' id='word_1_4' title='bbox 841 235 965 275; x_wconf 87' lang='lat' dir='ltr'><strong>HOR.</strong></span> <span class='ocrx_word' id='word_1_5' title='bbox 986 235 1082 274; x_wconf 82' lang='lat' dir='ltr'><strong>LIB.</strong></span> <span class='ocrx_word' id='word_1_6' title='bbox 1101 236 1133 275; x_wconf 85' lang='grc' dir='ltr'><strong>Ι.</strong></span> <span class='ocrx_word' id='word_1_7' title='bbox 1167 236 1331 276; x_wconf 82' lang='lat' dir='ltr'><strong>EPIST.</strong></span> <span class='ocrx_word' id='word_1_8' title='bbox 1349 237 1499 281; x_wconf 73' lang='lat' dir='ltr'><strong>SEPT.</strong></span> <span class='ocrx_word' id='word_1_9' title='bbox 1519 236 1694 277; x_wconf 76' lang='lat' dir='ltr'><strong>DEOIM.</strong></span> <span class='ocrx_word' id='word_1_10' title='bbox 1769 238 1822 285; x_wconf 67' lang='lat'><strong>12</strong></span> 
     </span>
    </p>
   </div>
   <div class='ocr_carea' id='block_1_2' title="bbox 291 335 1826 2649">
    <p class='ocr_par' dir='ltr' id='par_1_2' title="bbox 292 335 1826 2310">
     <span class='ocr_line' id='line_1_2' title="bbox 302 335 1826 404; baseline 0.001 -16"><span class='ocrx_word' id='word_1_11' title='bbox 302 350 461 402; x_wconf 76' lang='lat' dir='ltr'><strong>prandio</strong></span> <span class='ocrx_word' id='word_1_12' title='bbox 491 361 602 400; x_wconf 86' lang='lat' dir='ltr'><strong>quam</strong></span> <span class='ocrx_word' id='word_1_13' title='bbox 630 361 772 387; x_wconf 84' lang='lat' dir='ltr'><strong>coenae</strong></span> <span class='ocrx_word' id='word_1_14' title='bbox 801 349 927 400; x_wconf 79' lang='lat' dir='ltr'><strong>aptior</strong></span> <span class='ocrx_word' id='word_1_15' title='bbox 954 349 1204 400; x_wconf 81' lang='lat' dir='ltr'><strong>significetur,</strong></span> <span class='ocrx_word' id='word_1_16' title='bbox 1240 353 1282 388; x_wconf 86' lang='lat' dir='ltr'><strong>ut</strong></span> <span class='ocrx_word' id='word_1_17' title='bbox 1315 335 1489 391; x_wconf 67' lang='lat' dir='ltr'><strong>oremus</strong></span> <span class='ocrx_word' id='word_1_18' title='bbox 1515 354 1646 404; x_wconf 78' lang='lat' dir='ltr'><strong>putat,</strong></span> <span class='ocrx_word' id='word_1_19' title='bbox 1675 349 1826 390; x_wconf 70' lang='lat' dir='ltr'><strong>dubiu-</strong></span> 
     </span>
     <span class='ocr_line' id='line_1_3' title="bbox 303 416 1825 468; baseline 0.002 -13"><span class='ocrx_word' id='word_1_20' title='bbox 303 418 420 457; x_wconf 89' lang='lat' dir='ltr'><strong>verim</strong></span> <span class='ocrx_word' id='word_1_21' title='bbox 445 430 527 455; x_wconf 90' lang='lat' dir='ltr'><strong>cum</strong></span> <span class='ocrx_word' id='word_1_22' title='bbox 555 416 761 455; x_wconf 75' lang='lat' dir='ltr'><strong>Diintzero</strong></span> <span class='ocrx_word' id='word_1_23' title='bbox 775 443 790 462; x_wconf 88' lang='lat'><em>‚</em></span> <span class='ocrx_word' id='word_1_24' title='bbox 821 418 885 468; x_wconf 86' lang='lat' dir='ltr'><strong>qui</strong></span> <span class='ocrx_word' id='word_1_25' title='bbox 913 418 1062 456; x_wconf 85' lang='lat' dir='ltr'><strong>confert</strong></span> <span class='ocrx_word' id='word_1_26' title='bbox 1088 418 1316 468; x_wconf 74' lang='lat' dir='ltr'><strong>impransue</strong></span> <span class='ocrx_word' id='word_1_27' title='bbox 1349 417 1414 466; x_wconf 78' lang='lat'><strong>15,</strong></span> <span class='ocrx_word' id='word_1_28' title='bbox 1443 418 1578 461; x_wconf 59' lang='lat' dir='ltr'><strong>29.oe</strong></span> <span class='ocrx_word' id='word_1_29' title='bbox 1601 419 1682 457; x_wconf 80' lang='lat' dir='ltr'><strong>Sat.</strong></span> <span class='ocrx_word' id='word_1_30' title='bbox 1714 421 1753 467; x_wconf 89' lang='lat'><strong>1,</strong></span> <span class='ocrx_word' id='word_1_31' title='bbox 1781 419 1825 467; x_wconf 84' lang='lat'><strong>6,</strong></span> 
     </span>
     <span class='ocr_line' id='line_1_4' title="bbox 305 483 1824 537; baseline 0 -11"><span class='ocrx_word' id='word_1_32' title='bbox 305 487 387 526; x_wconf 88' lang='lat'><strong>127</strong></span> <span class='ocrx_word' id='word_1_33' title='bbox 410 505 466 513; x_wconf 89' lang='lat'><em>-</em></span> <span class='ocrx_word' id='word_1_34' title='bbox 494 486 561 526; x_wconf 87' lang='lat'><strong>28.</strong></span> <span class='ocrx_word' id='word_1_35' title='bbox 591 486 632 536; x_wconf 89' lang='lat'><strong>2,</strong></span> <span class='ocrx_word' id='word_1_36' title='bbox 659 485 702 535; x_wconf 85' lang='lat'><strong>3,</strong></span> <span class='ocrx_word' id='word_1_37' title='bbox 731 483 828 526; x_wconf 83' lang='lat'><strong>245.</strong></span> <span class='ocrx_word' id='word_1_38' title='bbox 862 485 928 536; x_wconf 85' lang='lat' dir='ltr'><strong>(ib.</strong></span> <span class='ocrx_word' id='word_1_39' title='bbox 957 484 1161 536; x_wconf 82' lang='lat' dir='ltr'><strong>Wiistem.)</strong></span> <span class='ocrx_word' id='word_1_40' title='bbox 1189 484 1235 523; x_wconf 88' lang='lat' dir='ltr'><strong>A.</strong></span> <span class='ocrx_word' id='word_1_41' title='bbox 1261 485 1426 526; x_wconf 86' lang='lat' dir='ltr'><strong>P.·34o.</strong></span> <span class='ocrx_word' id='word_1_42' title='bbox 1446 485 1539 533; x_wconf 51' lang='lat' dir='ltr'><strong>¹JuV.</strong></span> <span class='ocrx_word' id='word_1_43' title='bbox 1558 487 1599 537; x_wconf 87' lang='lat'><strong>6,</strong></span> <span class='ocrx_word' id='word_1_44' title='bbox 1629 487 1723 528; x_wconf 82' lang='lat'><strong>102.</strong></span> <span class='ocrx_word' id='word_1_45' title='bbox 1752 485 1824 537; x_wconf 83' lang='lat' dir='ltr'><strong>(ib.</strong></span> 
     </span>
     <span class='ocr_line' id='line_1_5' title="bbox 301 551 1823 606; baseline 0.001 -16"><span class='ocrx_word' id='word_1_46' title='bbox 301 553 440 591; x_wconf 87' lang='lat' dir='ltr'>Weber</span> <span class='ocrx_word' id='word_1_47' title='bbox 465 567 504 604; x_wconf 89' lang='lat' dir='ltr'><strong>p.</strong></span> <span class='ocrx_word' id='word_1_48' title='bbox 535 552 650 604; x_wconf 87' lang='lat'><strong>216).</strong></span> <span class='ocrx_word' id='word_1_49' title='bbox 678 552 788 592; x_wconf 90' lang='lat' dir='ltr'><strong>Pers.</strong></span> <span class='ocrx_word' id='word_1_50' title='bbox 810 554 849 603; x_wconf 87' lang='lat'><strong>1,</strong></span> <span class='ocrx_word' id='word_1_51' title='bbox 878 554 944 593; x_wconf 88' lang='grc'><strong>67.</strong></span> <span class='ocrx_word' id='word_1_52' title='bbox 973 554 1015 604; x_wconf 87' lang='grc'><strong>3,</strong></span> <span class='ocrx_word' id='word_1_53' title='bbox 1045 555 1113 595; x_wconf 82' lang='grc'><strong>85.</strong></span> <span class='ocrx_word' id='word_1_54' title='bbox 1141 554 1182 604; x_wconf 83' lang='lat'><strong>5,</strong></span> <span class='ocrx_word' id='word_1_55' title='bbox 1199 551 1279 595; x_wconf 81' lang='lat'><strong>&#39;18.</strong></span> <span class='ocrx_word' id='word_1_56' title='bbox 1324 553 1597 606; x_wconf 54' lang='lat' dir='ltr'><strong>Adde-vespa</strong></span> <span class='ocrx_word' id='word_1_57' title='bbox 1613 554 1737 596; x_wconf 82' lang='lat' dir='ltr'><strong>Judic.</strong></span> <span class='ocrx_word' id='word_1_58' title='bbox 1755 554 1823 595; x_wconf 80' lang='lat'><strong>51.</strong></span> 
     </span>
     <span class='ocr_line' id='line_1_6' title="bbox 310 620 1823 673; baseline 0.001 -15"><span class='ocrx_word' id='word_1_59' title='bbox 310 622 369 658; x_wconf 89' lang='lat' dir='ltr'><strong>Tu</strong></span> <span class='ocrx_word' id='word_1_60' title='bbox 386 622 497 672; x_wconf 75' lang='lat' dir='ltr'><em>facis</em></span> <span class='ocrx_word' id='word_1_61' title='bbox 525 621 570 657; x_wconf 87' lang='lat' dir='ltr'><strong>in</strong></span> <span class='ocrx_word' id='word_1_62' title='bbox 598 621 766 673; x_wconf 65' lang='lat' dir='ltr'><strong>tenebris</strong></span> <span class='ocrx_word' id='word_1_63' title='bbox 794 623 980 659; x_wconf 67' lang='lat' dir='ltr'><strong>miserum</strong></span> <span class='ocrx_word' id='word_1_64' title='bbox 997 622 1198 673; x_wconf 81' lang='lat' dir='ltr'><strong>prandere</strong></span> <span class='ocrx_word' id='word_1_65' title='bbox 1228 623 1256 659; x_wconf 74' lang='lat'><strong>&#39;1</strong></span> <span class='ocrx_word' id='word_1_66' title='bbox 1259 620 1445 673; x_wconf 65' lang='lat' dir='ltr'><strong>szestem.</strong></span> <span class='ocrx_word' id='word_1_67' title='bbox 1472 622 1709 672; x_wconf 68' lang='lat' dir='ltr'><strong>niernum.</strong></span> <span class='ocrx_word' id='word_1_68' title='bbox 1735 622 1823 660; x_wconf 79' lang='lat' dir='ltr'><strong>adv.</strong></span> 
     </span>
     <span class='ocr_line' id='line_1_7' title="bbox 300 688 1824 741; baseline 0.001 -16"><span class='ocrx_word' id='word_1_69' title='bbox 300 689 484 727; x_wconf 82' lang='lat' dir='ltr'><strong>Jovinian.</strong></span> <span class='ocrx_word' id='word_1_70' title='bbox 503 688 552 726; x_wconf 85' lang='lat' dir='ltr'><strong>II.</strong></span> <span class='ocrx_word' id='word_1_71' title='bbox 580 701 616 739; x_wconf 86' lang='lat' dir='ltr'><strong>p.</strong></span> <span class='ocrx_word' id='word_1_72' title='bbox 637 689 706 731; x_wconf 90' lang='lat'><strong>58.</strong></span> <span class='ocrx_word' id='word_1_73' title='bbox 735 690 780 728; x_wconf 89' lang='lat' dir='ltr'><strong>F.</strong></span> <span class='ocrx_word' id='word_1_74' title='bbox 816 690 898 740; x_wconf 81' lang='lat' dir='ltr'><strong>Qui</strong></span> <span class='ocrx_word' id='word_1_75' title='bbox 910 691 1081 738; x_wconf 61' lang='lat' dir='ltr'><strong>joejunzae</strong></span> <span class='ocrx_word' id='word_1_76' title='bbox 1102 689 1301 727; x_wconf 82' lang='lat' dir='ltr'><strong>miracula</strong></span> <span class='ocrx_word' id='word_1_77' title='bbox 1319 689 1499 741; x_wconf 76' lang='lat' dir='ltr'><strong><em>fecerat,</em></strong></span> <span class='ocrx_word' id='word_1_78' title='bbox 1517 702 1695 741; x_wconf 69' lang='lat' dir='ltr'><strong>pransae</strong></span> <span class='ocrx_word' id='word_1_79' title='bbox 1715 689 1824 728; x_wconf 76' lang='lat' dir='ltr'><strong>illico</strong></span> 
     </span>
     <span class='ocr_line' id='line_1_8' title="bbox 297 755 1823 810; baseline 0 -16"><span class='ocrx_word' id='word_1_80' title='bbox 297 758 524 795; x_wconf 72' lang='lat' dir='ltr'><em>saturitatis</em></span> <span class='ocrx_word' id='word_1_81' title='bbox 543 771 695 808; x_wconf 78' lang='lat' dir='ltr'><strong>poenas</strong></span> <span class='ocrx_word' id='word_1_82' title='bbox 724 758 811 798; x_wconf 88' lang='lat' dir='ltr'><strong>luit.</strong></span> <span class='ocrx_word' id='word_1_83' title='bbox 867 759 909 796; x_wconf 94' lang='lat' dir='ltr'><strong>In</strong></span> <span class='ocrx_word' id='word_1_84' title='bbox 933 771 1010 796; x_wconf 87' lang='lat' dir='ltr'><strong>rem</strong></span> <span class='ocrx_word' id='word_1_85' title='bbox 1038 762 1164 796; x_wconf 84' lang='lat' dir='ltr'><strong>autem</strong></span> <span class='ocrx_word' id='word_1_86' title='bbox 1182 759 1283 796; x_wconf 87' lang='lat' dir='ltr'><strong>idem</strong></span> <span class='ocrx_word' id='word_1_87' title='bbox 1305 758 1356 796; x_wconf 89' lang='lat' dir='ltr'><strong>ad</strong></span> <span class='ocrx_word' id='word_1_88' title='bbox 1382 757 1521 798; x_wconf 77' lang='lat' dir='ltr'><strong>Salvia.</strong></span> <span class='ocrx_word' id='word_1_89' title='bbox 1551 760 1592 800; x_wconf 91' lang='lat'><strong>9.</strong></span> <span class='ocrx_word' id='word_1_90' title='bbox 1617 757 1670 810; x_wconf 75' lang='lat' dir='ltr'><strong>(L</strong></span> <span class='ocrx_word' id='word_1_91' title='bbox 1691 771 1731 810; x_wconf 78' lang='lat' dir='ltr'><strong>p.</strong></span> <span class='ocrx_word' id='word_1_92' title='bbox 1753 755 1823 799; x_wconf 78' lang='lat'><strong>48.</strong></span> 
     </span>
     <span class='ocr_line' id='line_1_9' title="bbox 298 824 1822 878; baseline 0 -15"><span class='ocrx_word' id='word_1_93' title='bbox 298 825 372 875; x_wconf 91' lang='lat' dir='ltr'><strong>H.)</strong></span> <span class='ocrx_word' id='word_1_94' title='bbox 418 825 495 864; x_wconf 78' lang='lat' dir='ltr'><strong>Ubi</strong></span> <span class='ocrx_word' id='word_1_95' title='bbox 522 826 601 864; x_wconf 73' lang='lat' dir='ltr'><strong>vile</strong></span> <span class='ocrx_word' id='word_1_96' title='bbox 628 826 855 864; x_wconf 81' lang='lat' dir='ltr'><em>olusculum</em></span> <span class='ocrx_word' id='word_1_97' title='bbox 882 834 919 863; x_wconf 84' lang='lat' dir='ltr'><strong>et</strong></span> <span class='ocrx_word' id='word_1_98' title='bbox 942 825 1117 864; x_wconf 68' lang='lat' dir='ltr'><strong>cibarius</strong></span> <span class='ocrx_word' id='word_1_99' title='bbox 1136 827 1261 877; x_wconf 72' lang='lat' dir='ltr'><strong>panis</strong></span> <span class='ocrx_word' id='word_1_100' title='bbox 1274 854 1288 872; x_wconf 89' lang='lat'><em>‚</em></span> <span class='ocrx_word' id='word_1_101' title='bbox 1318 833 1355 863; x_wconf 80' lang='lat' dir='ltr'><strong>et</strong></span> <span class='ocrx_word' id='word_1_102' title='bbox 1379 824 1491 865; x_wconf 74' lang='lat' dir='ltr'><strong>cibus</strong></span> <span class='ocrx_word' id='word_1_103' title='bbox 1512 832 1709 878; x_wconf 73' lang='lat' dir='ltr'><strong>potaeque</strong></span> <span class='ocrx_word' id='word_1_104' title='bbox 1734 838 1822 863; x_wconf 85' lang='lat' dir='ltr'><strong>mo-</strong></span> 
     </span>
     <span class='ocr_line' id='line_1_10' title="bbox 298 893 1826 946; baseline 0 -15"><span class='ocrx_word' id='word_1_105' title='bbox 298 893 460 932; x_wconf 74' lang='lat' dir='ltr'><strong>demtus</strong></span> <span class='ocrx_word' id='word_1_106' title='bbox 470 923 486 940; x_wconf 85' lang='lat'><strong>,</strong></span> <span class='ocrx_word' id='word_1_107' title='bbox 522 893 594 932; x_wconf 76' lang='lat' dir='ltr'><strong>ubi·</strong></span> <span class='ocrx_word' id='word_1_108' title='bbox 631 894 794 932; x_wconf 81' lang='lat' dir='ltr'><strong>divitiae</strong></span> <span class='ocrx_word' id='word_1_109' title='bbox 823 908 1122 946; x_wconf 69' lang='lat' dir='ltr'><strong>supervacuae,</strong></span> <span class='ocrx_word' id='word_1_110' title='bbox 1150 893 1209 931; x_wconf 88' lang='lat' dir='ltr'><strong>ibi</strong></span> <span class='ocrx_word' id='word_1_111' title='bbox 1237 893 1355 932; x_wconf 80' lang='lat' dir='ltr'><em>nulla</em></span> <span class='ocrx_word' id='word_1_112' title='bbox 1388 893 1570 932; x_wconf 73' lang='lat' dir='ltr'><em>adulatio</em></span> <span class='ocrx_word' id='word_1_113' title='bbox 1579 921 1597 940; x_wconf 87' lang='lat'><em>‚</em></span> <span class='ocrx_word' id='word_1_114' title='bbox 1631 907 1734 946; x_wconf 73' lang='lat' dir='ltr'><strong>quae</strong></span> <span class='ocrx_word' id='word_1_115' title='bbox 1758 893 1826 932; x_wconf 66' lang='lat' dir='ltr'><strong>vel</strong></span> 
     </span>
     <span class='ocr_line' id='line_1_11' title="bbox 292 961 1822 1014; baseline 0.001 -15"><span class='ocrx_word' id='word_1_116' title='bbox 292 964 510 1013; x_wconf 78' lang='lat' dir='ltr'><em>praecipue</em></span> <span class='ocrx_word' id='word_1_117' title='bbox 523 962 715 1013; x_wconf 76' lang='lat' dir='ltr'><em>fluctum</em></span> <span class='ocrx_word' id='word_1_118' title='bbox 741 964 913 1014; x_wconf 73' lang='lat' dir='ltr'><em>respicit.</em></span> <span class='ocrx_word' id='word_1_119' title='bbox 941 986 996 991; x_wconf 92' lang='lat'>—</span> <span class='ocrx_word' id='word_1_120' title='bbox 1022 962 1180 1014; x_wconf 81' lang='lat' dir='ltr'><strong>regibus</strong></span> <span class='ocrx_word' id='word_1_121' title='bbox 1203 964 1266 1000; x_wconf 85' lang='lat' dir='ltr'><strong>uti</strong></span> <span class='ocrx_word' id='word_1_122' title='bbox 1289 962 1412 1000; x_wconf 82' lang='lat' dir='ltr'><strong>nollet</strong></span> <span class='ocrx_word' id='word_1_123' title='bbox 1435 961 1684 1013; x_wconf 62' lang='lat' dir='ltr'><strong>Aristippum</strong></span> <span class='ocrx_word' id='word_1_124' title='bbox 1739 961 1822 1000; x_wconf 84' lang='lat' dir='ltr'><strong>Ln-</strong></span> 
     </span>
     <span class='ocr_line' id='line_1_12' title="bbox 299 1027 1823 1086; baseline 0.001 -17"><span class='ocrx_word' id='word_1_125' title='bbox 299 1032 394 1069; x_wconf 82' lang='lat' dir='ltr'><strong>cian.</strong></span> <span class='ocrx_word' id='word_1_126' title='bbox 435 1033 485 1070; x_wconf 89' lang='lat' dir='ltr'><strong>de</strong></span> <span class='ocrx_word' id='word_1_127' title='bbox 512 1031 641 1070; x_wconf 83' lang='lat' dir='ltr'><strong>Paras.</strong></span> <span class='ocrx_word' id='word_1_128' title='bbox 671 1033 740 1073; x_wconf 85' lang='lat'><strong>33.</strong></span> <span class='ocrx_word' id='word_1_129' title='bbox 792 1028 1045 1084; x_wconf 81' lang='grc' dir='ltr'><strong><em>Ἀρίστιππος</em></strong></span> <span class='ocrx_word' id='word_1_130' title='bbox 1074 1027 1096 1072; x_wconf 83' lang='grc' dir='ltr'>ὁ</span> <span class='ocrx_word' id='word_1_131' title='bbox 1130 1035 1359 1086; x_wconf 77' lang='grc' dir='ltr'><strong><em>Κυρηναῖος</em></strong></span> <span class='ocrx_word' id='word_1_132' title='bbox 1387 1030 1581 1084; x_wconf 73' lang='grc' dir='ltr'><strong><em>διέτριβεν</em></strong></span> <span class='ocrx_word' id='word_1_133' title='bbox 1615 1029 1660 1071; x_wconf 75' lang='grc' dir='ltr'><strong>ἐν</strong></span> <span class='ocrx_word' id='word_1_134' title='bbox 1686 1032 1823 1081; x_wconf 68' lang='grc' dir='ltr'><strong><em>Σωρα-</em></strong></span> 
     </span>
     <span class='ocr_line' id='line_1_13' title="bbox 295 1095 1822 1155; baseline -0.001 -16"><span class='ocrx_word' id='word_1_135' title='bbox 295 1097 466 1147; x_wconf 80' lang='grc' dir='ltr'><strong><em>κούσαις</em></strong></span> <span class='ocrx_word' id='word_1_136' title='bbox 489 1101 718 1151; x_wconf 73' lang='grc' dir='ltr'><strong><em>παρασιτῶν</em></strong></span> <span class='ocrx_word' id='word_1_137' title='bbox 746 1101 974 1155; x_wconf 81' lang='grc' dir='ltr'><em>Διονυσίῳ·</em></span> <span class='ocrx_word' id='word_1_138' title='bbox 999 1096 1162 1141; x_wconf 76' lang='grc' dir='ltr'><em>πάντων</em></span> <span class='ocrx_word' id='word_1_139' title='bbox 1189 1102 1292 1154; x_wconf 77' lang='grc' dir='ltr'><strong><em>γοῦν</em></strong></span> <span class='ocrx_word' id='word_1_140' title='bbox 1321 1095 1455 1149; x_wconf 75' lang='grc' dir='ltr'><strong><em>οἷμέλει</em></strong></span> <span class='ocrx_word' id='word_1_141' title='bbox 1482 1102 1562 1140; x_wconf 71' lang='grc' dir='ltr'><strong>τῶν</strong></span> <span class='ocrx_word' id='word_1_142' title='bbox 1591 1099 1822 1148; x_wconf 70' lang='grc' dir='ltr'><strong><em>παρασίτων</em></strong></span> 
     </span>
     <span class='ocr_line' id='line_1_14' title="bbox 296 1163 1821 1224; baseline 0 -18"><span class='ocrx_word' id='word_1_143' title='bbox 296 1163 419 1215; x_wconf 75' lang='grc' dir='ltr'><strong><em>αὐτὸς</em></strong></span> <span class='ocrx_word' id='word_1_144' title='bbox 448 1164 649 1218; x_wconf 73' lang='grc' dir='ltr'><strong><em>εὐδοκίμει</em></strong></span> <span class='ocrx_word' id='word_1_145' title='bbox 684 1169 779 1220; x_wconf 74' lang='grc' dir='ltr'><strong><em>παρ’</em></strong></span> <span class='ocrx_word' id='word_1_146' title='bbox 809 1163 931 1224; x_wconf 69' lang='grc' dir='ltr'><strong>αὐτῷ.</strong></span> <span class='ocrx_word' id='word_1_147' title='bbox 990 1168 1031 1205; x_wconf 89' lang='lat' dir='ltr'><strong>In</strong></span> <span class='ocrx_word' id='word_1_148' title='bbox 1068 1168 1296 1206; x_wconf 76' lang='lat' dir='ltr'><strong>sententiam</strong></span> <span class='ocrx_word' id='word_1_149' title='bbox 1332 1167 1513 1219; x_wconf 27' lang='lat' dir='ltr'><strong>Diphilus.</strong></span> <span class='ocrx_word' id='word_1_150' title='bbox 1540 1180 1602 1219; x_wconf 85' lang='lat' dir='ltr'><strong>ap.</strong></span> <span class='ocrx_word' id='word_1_151' title='bbox 1637 1165 1821 1206; x_wconf 72' lang='lat' dir='ltr'><strong>Athenae.</strong></span> 
     </span>
     <span class='ocr_line' id='line_1_15' title="bbox 297 1233 1821 1288; baseline -0.003 -12"><span class='ocrx_word' id='word_1_152' title='bbox 297 1236 344 1285; x_wconf 88' lang='lat'><strong>5,</strong></span> <span class='ocrx_word' id='word_1_153' title='bbox 375 1237 441 1278; x_wconf 88' lang='lat'><strong>15.</strong></span> <span class='ocrx_word' id='word_1_154' title='bbox 481 1235 537 1287; x_wconf 89' lang='lat' dir='ltr'><strong>(p.</strong></span> <span class='ocrx_word' id='word_1_155' title='bbox 570 1237 650 1279; x_wconf 83' lang='lat'><strong>232</strong></span> <span class='ocrx_word' id='word_1_156' title='bbox 682 1236 876 1288; x_wconf 84' lang='lat' dir='ltr'><strong>Schwgh.)</strong></span> <span class='ocrx_word' id='word_1_157' title='bbox 913 1240 952 1274; x_wconf 85' lang='lat' dir='ltr'><strong>et</strong></span> <span class='ocrx_word' id='word_1_158' title='bbox 983 1235 1138 1277; x_wconf 82' lang='lat' dir='ltr'><strong>Lucian.</strong></span> <span class='ocrx_word' id='word_1_159' title='bbox 1172 1235 1303 1286; x_wconf 86' lang='lat' dir='ltr'><strong>Cynic.</strong></span> <span class='ocrx_word' id='word_1_160' title='bbox 1335 1234 1402 1274; x_wconf 87' lang='lat'><strong>19.</strong></span> <span class='ocrx_word' id='word_1_161' title='bbox 1435 1235 1500 1275; x_wconf 83' lang='lat' dir='ltr'><strong>IX.</strong></span> <span class='ocrx_word' id='word_1_162' title='bbox 1537 1249 1579 1287; x_wconf 85' lang='lat' dir='ltr'><strong>p.</strong></span> <span class='ocrx_word' id='word_1_163' title='bbox 1609 1233 1705 1276; x_wconf 83' lang='lat'><strong>214.</strong></span> <span class='ocrx_word' id='word_1_164' title='bbox 1733 1234 1821 1286; x_wconf 84' lang='lat' dir='ltr'><strong>Bip.</strong></span> 
     </span>
     <span class='ocr_line' id='line_1_16' title="bbox 295 1301 1821 1356; baseline 0 -16"><span class='ocrx_word' id='word_1_165' title='bbox 295 1303 339 1341; x_wconf 89' lang='lat' dir='ltr'><strong>V.</strong></span> <span class='ocrx_word' id='word_1_166' title='bbox 370 1302 436 1344; x_wconf 86' lang='lat'><strong>14.</strong></span> <span class='ocrx_word' id='word_1_167' title='bbox 496 1304 544 1341; x_wconf 86' lang='lat' dir='ltr'><strong>Si</strong></span> <span class='ocrx_word' id='word_1_168' title='bbox 567 1305 683 1342; x_wconf 72' lang='lat' dir='ltr'><strong>sciret</strong></span> <span class='ocrx_word' id='word_1_169' title='bbox 715 1303 876 1355; x_wconf 74' lang='lat' dir='ltr'><strong>regibus</strong></span> <span class='ocrx_word' id='word_1_170' title='bbox 904 1306 974 1342; x_wconf 88' lang='lat' dir='ltr'><strong>uti.</strong></span> <span class='ocrx_word' id='word_1_171' title='bbox 1033 1303 1132 1356; x_wconf 87' lang='lat' dir='ltr'><strong>Apte</strong></span> <span class='ocrx_word' id='word_1_172' title='bbox 1163 1304 1311 1342; x_wconf 88' lang='lat' dir='ltr'>confert</span> <span class='ocrx_word' id='word_1_173' title='bbox 1345 1301 1519 1341; x_wconf 66' lang='lat' dir='ltr'><strong>oremus</strong></span> <span class='ocrx_word' id='word_1_174' title='bbox 1544 1302 1636 1342; x_wconf 83' lang='lat' dir='ltr'><strong>illud</strong></span> <span class='ocrx_word' id='word_1_175' title='bbox 1667 1302 1821 1354; x_wconf 80' lang='lat' dir='ltr'><strong>Epicuri</strong></span> 
     </span>
     <span class='ocr_line' id='line_1_17' title="bbox 295 1368 1820 1427; baseline 0 -18"><span class='ocrx_word' id='word_1_176' title='bbox 295 1371 394 1421; x_wconf 85' lang='lat' dir='ltr'><strong>apud</strong></span> <span class='ocrx_word' id='word_1_177' title='bbox 437 1370 551 1422; x_wconf 81' lang='lat' dir='ltr'><strong>Diog.</strong></span> <span class='ocrx_word' id='word_1_178' title='bbox 582 1371 711 1411; x_wconf 83' lang='lat' dir='ltr'><strong>Laert.</strong></span> <span class='ocrx_word' id='word_1_179' title='bbox 742 1373 816 1422; x_wconf 88' lang='grc'><strong>10,</strong></span> <span class='ocrx_word' id='word_1_180' title='bbox 850 1374 965 1414; x_wconf 85' lang='lat'><strong>121.:</strong></span> <span class='ocrx_word' id='word_1_181' title='bbox 1002 1370 1070 1412; x_wconf 81' lang='grc' dir='ltr'><strong>καὶ</strong></span> <span class='ocrx_word' id='word_1_182' title='bbox 1099 1368 1303 1423; x_wconf 84' lang='grc' dir='ltr'><strong><em>μόναρχον</em></strong></span> <span class='ocrx_word' id='word_1_183' title='bbox 1341 1370 1384 1412; x_wconf 80' lang='grc' dir='ltr'><strong>ἐν</strong></span> <span class='ocrx_word' id='word_1_184' title='bbox 1416 1372 1543 1427; x_wconf 77' lang='grc' dir='ltr'><strong><em>καιρῷ</em></strong></span> <span class='ocrx_word' id='word_1_185' title='bbox 1569 1371 1820 1423; x_wconf 71' lang='grc' dir='ltr'><strong><em>θεραπεῦσαι</em></strong></span> 
     </span>
     <span class='ocr_line' id='line_1_18' title="bbox 294 1436 1818 1491; baseline -0.003 -11"><span class='ocrx_word' id='word_1_186' title='bbox 294 1437 365 1480; x_wconf 76' lang='grc' dir='ltr'><strong>τόν</strong></span> <span class='ocrx_word' id='word_1_187' title='bbox 393 1436 542 1490; x_wconf 83' lang='grc' dir='ltr'><strong>σοφόν,</strong></span> <span class='ocrx_word' id='word_1_188' title='bbox 569 1440 629 1478; x_wconf 89' lang='lat' dir='ltr'><strong>cui</strong></span> <span class='ocrx_word' id='word_1_189' title='bbox 655 1441 754 1478; x_wconf 84' lang='lat' dir='ltr'><strong>adde</strong></span> <span class='ocrx_word' id='word_1_190' title='bbox 783 1441 885 1491; x_wconf 89' lang='lat' dir='ltr'><strong>quod</strong></span> <span class='ocrx_word' id='word_1_191' title='bbox 913 1441 960 1479; x_wconf 94' lang='lat' dir='ltr'><strong>de</strong></span> <span class='ocrx_word' id='word_1_192' title='bbox 989 1440 1174 1491; x_wconf 81' lang='lat' dir='ltr'><strong>Aristippi</strong></span> <span class='ocrx_word' id='word_1_193' title='bbox 1204 1444 1284 1478; x_wconf 81' lang='lat' dir='ltr'><strong>arte</strong></span> <span class='ocrx_word' id='word_1_194' title='bbox 1311 1440 1515 1491; x_wconf 83' lang='lat' dir='ltr'><strong>parasitica</strong></span> <span class='ocrx_word' id='word_1_195' title='bbox 1541 1439 1633 1478; x_wconf 79' lang='lat' dir='ltr'><strong>dicit</strong></span> <span class='ocrx_word' id='word_1_196' title='bbox 1658 1437 1818 1477; x_wconf 80' lang='lat' dir='ltr'><strong>Lucian.</strong></span> 
     </span>
     <span class='ocr_line' id='line_1_19' title="bbox 294 1501 1820 1561; baseline -0.001 -15"><span class='ocrx_word' id='word_1_197' title='bbox 294 1509 342 1546; x_wconf 86' lang='lat' dir='ltr'><strong>de</strong></span> <span class='ocrx_word' id='word_1_198' title='bbox 373 1509 534 1549; x_wconf 84' lang='lat' dir='ltr'><strong>Parasit.</strong></span> <span class='ocrx_word' id='word_1_199' title='bbox 561 1509 629 1549; x_wconf 85' lang='lat'><strong>33.</strong></span> <span class='ocrx_word' id='word_1_200' title='bbox 669 1502 724 1561; x_wconf 80' lang='grc' dir='ltr'><strong>ἧν</strong></span> <span class='ocrx_word' id='word_1_201' title='bbox 751 1510 873 1550; x_wconf 72' lang='grc' dir='ltr'><strong><em>πλέον</em></strong></span> <span class='ocrx_word' id='word_1_202' title='bbox 912 1523 950 1548; x_wconf 83' lang='grc' dir='ltr'><strong>τι</strong></span> <span class='ocrx_word' id='word_1_203' title='bbox 976 1510 1056 1548; x_wconf 76' lang='grc' dir='ltr'><strong>τῶν</strong></span> <span class='ocrx_word' id='word_1_204' title='bbox 1091 1506 1223 1548; x_wconf 70' lang='grc' dir='ltr'><strong>ἄλλων</strong></span> <span class='ocrx_word' id='word_1_205' title='bbox 1250 1505 1352 1558; x_wconf 77' lang='grc' dir='ltr'><strong><em>πρός</em></strong></span> <span class='ocrx_word' id='word_1_206' title='bbox 1378 1504 1454 1559; x_wconf 71' lang='grc' dir='ltr'><strong>τήν</strong></span> <span class='ocrx_word' id='word_1_207' title='bbox 1478 1506 1617 1560; x_wconf 74' lang='grc' dir='ltr'><strong><em>τέχνην</em></strong></span> <span class='ocrx_word' id='word_1_208' title='bbox 1651 1501 1820 1558; x_wconf 69' lang='grc' dir='ltr'><strong>εὐφυής.</strong></span> 
     </span>
     <span class='ocr_line' id='line_1_20' title="bbox 295 1570 1820 1626; baseline 0.002 -13"><span class='ocrx_word' id='word_1_209' title='bbox 295 1576 475 1615; x_wconf 86' lang='lat' dir='ltr'><strong>Ceterum</strong></span> <span class='ocrx_word' id='word_1_210' title='bbox 507 1577 562 1615; x_wconf 85' lang='lat' dir='ltr'><strong>sic</strong></span> <span class='ocrx_word' id='word_1_211' title='bbox 599 1577 701 1614; x_wconf 74' lang='lat' dir='ltr'><strong>seire</strong></span> <span class='ocrx_word' id='word_1_212' title='bbox 730 1577 814 1615; x_wconf 89' lang='lat' dir='ltr'><strong>od.</strong></span> <span class='ocrx_word' id='word_1_213' title='bbox 845 1577 896 1626; x_wconf 87' lang='lat'><strong>3,</strong></span> <span class='ocrx_word' id='word_1_214' title='bbox 933 1578 981 1626; x_wconf 89' lang='lat'><strong>7,</strong></span> <span class='ocrx_word' id='word_1_215' title='bbox 1017 1577 1083 1618; x_wconf 88' lang='lat'><strong>25.</strong></span> <span class='ocrx_word' id='word_1_216' title='bbox 1124 1575 1172 1616; x_wconf 87' lang='grc' dir='ltr'><strong>Α.</strong></span> <span class='ocrx_word' id='word_1_217' title='bbox 1191 1577 1235 1618; x_wconf 92' lang='grc' dir='ltr'><strong>Ρ.</strong></span> <span class='ocrx_word' id='word_1_218' title='bbox 1266 1577 1329 1617; x_wconf 88' lang='grc'><strong>19.</strong></span> <span class='ocrx_word' id='word_1_219' title='bbox 1367 1575 1451 1614; x_wconf 85' lang='lat' dir='ltr'><strong>Liv.</strong></span> <span class='ocrx_word' id='word_1_220' title='bbox 1485 1577 1562 1625; x_wconf 85' lang='lat'><strong>22,</strong></span> <span class='ocrx_word' id='word_1_221' title='bbox 1589 1575 1666 1626; x_wconf 87' lang='lat'><strong>51,</strong></span> <span class='ocrx_word' id='word_1_222' title='bbox 1689 1570 1730 1616; x_wconf 81' lang='lat'><strong>4.</strong></span> <span class='ocrx_word' id='word_1_223' title='bbox 1766 1572 1820 1611; x_wconf 72' lang='lat' dir='ltr'><strong>ib·</strong></span> 
     </span>
     <span class='ocr_line' id='line_1_21' title="bbox 294 1643 1821 1696; baseline -0.001 -15"><span class='ocrx_word' id='word_1_224' title='bbox 294 1644 406 1681; x_wconf 87' lang='lat' dir='ltr'><strong>Fabr.</strong></span> <span class='ocrx_word' id='word_1_225' title='bbox 431 1667 480 1673; x_wconf 93' lang='lat'><strong>—</strong></span> <span class='ocrx_word' id='word_1_226' title='bbox 510 1646 583 1696; x_wconf 83' lang='lat' dir='ltr'><strong>qui</strong></span> <span class='ocrx_word' id='word_1_227' title='bbox 604 1658 665 1682; x_wconf 90' lang='lat' dir='ltr'><strong>me</strong></span> <span class='ocrx_word' id='word_1_228' title='bbox 692 1653 825 1696; x_wconf 84' lang='lat' dir='ltr'><strong>notat,</strong></span> <span class='ocrx_word' id='word_1_229' title='bbox 862 1649 903 1685; x_wconf 84' lang='lat' dir='ltr'><strong>ut</strong></span> <span class='ocrx_word' id='word_1_230' title='bbox 935 1646 1016 1687; x_wconf 83' lang='lat' dir='ltr'><strong>Sat,</strong></span> <span class='ocrx_word' id='word_1_231' title='bbox 1048 1647 1086 1696; x_wconf 86' lang='lat'><strong>1,</strong></span> <span class='ocrx_word' id='word_1_232' title='bbox 1117 1645 1159 1696; x_wconf 83' lang='lat'><strong>3,</strong></span> <span class='ocrx_word' id='word_1_233' title='bbox 1188 1643 1254 1686; x_wconf 85' lang='lat'><strong>24.</strong></span> <span class='ocrx_word' id='word_1_234' title='bbox 1298 1643 1509 1695; x_wconf 71' lang='lat' dir='ltr'><strong>[mprobus</strong></span> <span class='ocrx_word' id='word_1_235' title='bbox 1530 1643 1598 1682; x_wconf 75' lang='lat' dir='ltr'><strong>hic</strong></span> <span class='ocrx_word' id='word_1_236' title='bbox 1624 1654 1738 1680; x_wconf 80' lang='lat' dir='ltr'><strong>amor</strong></span> <span class='ocrx_word' id='word_1_237' title='bbox 1762 1649 1821 1680; x_wconf 65' lang='lat' dir='ltr'><strong>ent</strong></span> 
     </span>
     <span class='ocr_line' id='line_1_22' title="bbox 293 1709 1819 1766; baseline 0 -18"><span class='ocrx_word' id='word_1_238' title='bbox 293 1712 518 1764; x_wconf 76' lang='lat' dir='ltr'><strong>dignusque</strong></span> <span class='ocrx_word' id='word_1_239' title='bbox 545 1715 676 1751; x_wconf 83' lang='lat' dir='ltr'><strong>notari</strong></span> <span class='ocrx_word' id='word_1_240' title='bbox 703 1718 741 1752; x_wconf 86' lang='lat' dir='ltr'><strong>et</strong></span> <span class='ocrx_word' id='word_1_241' title='bbox 765 1711 807 1766; x_wconf 84' lang='lat'><strong>4,</strong></span> <span class='ocrx_word' id='word_1_242' title='bbox 837 1714 876 1754; x_wconf 90' lang='lat'><strong>5.</strong></span> <span class='ocrx_word' id='word_1_243' title='bbox 907 1715 1036 1752; x_wconf 83' lang='lat' dir='ltr'><em>multa</em></span> <span class='ocrx_word' id='word_1_244' title='bbox 1062 1728 1153 1752; x_wconf 84' lang='lat' dir='ltr'><strong>cum</strong></span> <span class='ocrx_word' id='word_1_245' title='bbox 1172 1712 1351 1751; x_wconf 83' lang='lat' dir='ltr'><strong>libertate</strong></span> <span class='ocrx_word' id='word_1_246' title='bbox 1373 1711 1578 1755; x_wconf 81' lang='lat' dir='ltr'><strong>notabant.</strong></span> <span class='ocrx_word' id='word_1_247' title='bbox 1598 1733 1656 1740; x_wconf 93' lang='lat'><strong>-—</strong></span> <span class='ocrx_word' id='word_1_248' title='bbox 1683 1709 1729 1749; x_wconf 87' lang='lat' dir='ltr'><strong>V.</strong></span> <span class='ocrx_word' id='word_1_249' title='bbox 1751 1709 1819 1752; x_wconf 79' lang='grc'><strong>16.</strong></span> 
     </span>
     <span class='ocr_line' id='line_1_23' title="bbox 295 1781 1820 1833; baseline -0.001 -13"><span class='ocrx_word' id='word_1_250' title='bbox 295 1782 359 1820; x_wconf 86' lang='grc'><strong>17.</strong></span> <span class='ocrx_word' id='word_1_251' title='bbox 375 1782 520 1827; x_wconf 78' lang='lat' dir='ltr'><strong>junior</strong></span> <span class='ocrx_word' id='word_1_252' title='bbox 546 1782 646 1819; x_wconf 84' lang='lat' dir='ltr'><strong>audi</strong></span> <span class='ocrx_word' id='word_1_253' title='bbox 674 1796 787 1833; x_wconf 89' lang='lat' dir='ltr'><strong>quum</strong></span> <span class='ocrx_word' id='word_1_254' title='bbox 814 1795 919 1821; x_wconf 89' lang='lat' dir='ltr'><strong>more</strong></span> <span class='ocrx_word' id='word_1_255' title='bbox 952 1783 1231 1832; x_wconf 83' lang='lat' dir='ltr'><strong>Romanorum,</strong></span> <span class='ocrx_word' id='word_1_256' title='bbox 1267 1782 1367 1833; x_wconf 85' lang='lat' dir='ltr'><strong>apud</strong></span> <span class='ocrx_word' id='word_1_257' title='bbox 1399 1795 1494 1833; x_wconf 86' lang='lat' dir='ltr'><strong>quos</strong></span> <span class='ocrx_word' id='word_1_258' title='bbox 1524 1781 1693 1832; x_wconf 79' lang='lat' dir='ltr'><strong>juniores</strong></span> <span class='ocrx_word' id='word_1_259' title='bbox 1729 1783 1820 1819; x_wconf 73' lang='lat' dir='ltr'><strong>natu</strong></span> 
     </span>
     <span class='ocr_line' id='line_1_24' title="bbox 293 1847 1818 1902; baseline 0.006 -19"><span class='ocrx_word' id='word_1_260' title='bbox 293 1847 496 1897; x_wconf 81' lang='lat' dir='ltr'><strong>majoribus</strong></span> <span class='ocrx_word' id='word_1_261' title='bbox 526 1850 634 1887; x_wconf 86' lang='lat' dir='ltr'><strong>facile</strong></span> <span class='ocrx_word' id='word_1_262' title='bbox 663 1851 702 1887; x_wconf 92' lang='lat' dir='ltr'><strong>in</strong></span> <span class='ocrx_word' id='word_1_263' title='bbox 730 1851 829 1887; x_wconf 91' lang='lat' dir='ltr'><strong>omni</strong></span> <span class='ocrx_word' id='word_1_264' title='bbox 856 1864 898 1889; x_wconf 87' lang='lat' dir='ltr'><strong>re</strong></span> <span class='ocrx_word' id='word_1_265' title='bbox 929 1851 1135 1901; x_wconf 82' lang='lat' dir='ltr'><strong>cedebant,</strong></span> <span class='ocrx_word' id='word_1_266' title='bbox 1165 1855 1245 1889; x_wconf 79' lang='lat' dir='ltr'><strong>tum</strong></span> <span class='ocrx_word' id='word_1_267' title='bbox 1267 1851 1414 1889; x_wconf 86' lang='lat' dir='ltr'><strong>ratione</strong></span> <span class='ocrx_word' id='word_1_268' title='bbox 1441 1851 1557 1902; x_wconf 81' lang='lat' dir='ltr'><strong>ipsius</strong></span> <span class='ocrx_word' id='word_1_269' title='bbox 1585 1851 1736 1891; x_wconf 76' lang='lat' dir='ltr'><strong>Horatii</strong></span> <span class='ocrx_word' id='word_1_270' title='bbox 1755 1855 1818 1892; x_wconf 66' lang='lat' dir='ltr'><strong>ut-</strong></span> 
     </span>
     <span class='ocr_line' id='line_1_25' title="bbox 292 1916 1818 1969; baseline 0.005 -18"><span class='ocrx_word' id='word_1_271' title='bbox 292 1919 384 1966; x_wconf 85' lang='lat' dir='ltr'><strong>pote</strong></span> <span class='ocrx_word' id='word_1_272' title='bbox 414 1916 566 1965; x_wconf 79' lang='lat' dir='ltr'><strong>majoris</strong></span> <span class='ocrx_word' id='word_1_273' title='bbox 595 1922 633 1955; x_wconf 83' lang='lat' dir='ltr'><strong>et</strong></span> <span class='ocrx_word' id='word_1_274' title='bbox 662 1918 891 1969; x_wconf 82' lang='lat' dir='ltr'><strong>experientia</strong></span> <span class='ocrx_word' id='word_1_275' title='bbox 916 1920 1036 1969; x_wconf 83' lang='lat' dir='ltr'><strong>magis</strong></span> <span class='ocrx_word' id='word_1_276' title='bbox 1067 1920 1192 1957; x_wconf 88' lang='lat' dir='ltr'><strong>edocti</strong></span> <span class='ocrx_word' id='word_1_277' title='bbox 1220 1920 1369 1957; x_wconf 87' lang='lat' dir='ltr'><strong>dicitur.</strong></span> <span class='ocrx_word' id='word_1_278' title='bbox 1425 1919 1468 1957; x_wconf 88' lang='lat' dir='ltr'><strong>In</strong></span> <span class='ocrx_word' id='word_1_279' title='bbox 1494 1919 1595 1959; x_wconf 77' lang='lat' dir='ltr'><strong>illam</strong></span> <span class='ocrx_word' id='word_1_280' title='bbox 1615 1927 1696 1960; x_wconf 70' lang='lat' dir='ltr'><strong>rem</strong></span> <span class='ocrx_word' id='word_1_281' title='bbox 1717 1921 1818 1960; x_wconf 81' lang='lat' dir='ltr'><strong>conf.</strong></span> 
     </span>
     <span class='ocr_line' id='line_1_26' title="bbox 293 1981 1821 2040; baseline 0.003 -19"><span class='ocrx_word' id='word_1_282' title='bbox 293 1983 375 2021; x_wconf 85' lang='lat' dir='ltr'><strong>Cic.</strong></span> <span class='ocrx_word' id='word_1_283' title='bbox 405 1981 511 2021; x_wconf 86' lang='lat' dir='ltr'><strong>Lael.</strong></span> <span class='ocrx_word' id='word_1_284' title='bbox 541 1983 584 2032; x_wconf 92' lang='lat'><strong>9,</strong></span> <span class='ocrx_word' id='word_1_285' title='bbox 615 1986 680 2034; x_wconf 88' lang='grc'><strong>11,</strong></span> <span class='ocrx_word' id='word_1_286' title='bbox 710 1985 777 2026; x_wconf 85' lang='grc'><strong>32.</strong></span> <span class='ocrx_word' id='word_1_287' title='bbox 838 1986 899 2022; x_wconf 83' lang='grc' dir='ltr'><strong>Τιι</strong></span> <span class='ocrx_word' id='word_1_288' title='bbox 923 1999 1011 2022; x_wconf 75' lang='grc' dir='ltr'><strong><em>νει-ο</em></strong></span> <span class='ocrx_word' id='word_1_289' title='bbox 1030 1999 1181 2037; x_wconf 81' lang='lat' dir='ltr'><strong>perge,</strong></span> <span class='ocrx_word' id='word_1_290' title='bbox 1209 1987 1355 2034; x_wconf 75' lang='lat' dir='ltr'><strong>Laeli5</strong></span> <span class='ocrx_word' id='word_1_291' title='bbox 1380 2001 1455 2038; x_wconf 83' lang='lat' dir='ltr'><strong>pro</strong></span> <span class='ocrx_word' id='word_1_292' title='bbox 1482 1987 1556 2026; x_wconf 82' lang='lat' dir='ltr'><strong>hoc</strong></span> <span class='ocrx_word' id='word_1_293' title='bbox 1580 1989 1709 2038; x_wconf 76' lang='lat' dir='ltr'><strong>enim,</strong></span> <span class='ocrx_word' id='word_1_294' title='bbox 1748 1989 1821 2040; x_wconf 81' lang='lat' dir='ltr'><strong>qui</strong></span> 
     </span>
     <span class='ocr_line' id='line_1_27' title="bbox 293 2052 1814 2107; baseline 0.004 -19"><span class='ocrx_word' id='word_1_295' title='bbox 293 2052 422 2088; x_wconf 78' lang='lat' dir='ltr'><strong>minor</strong></span> <span class='ocrx_word' id='word_1_296' title='bbox 450 2058 506 2088; x_wconf 79' lang='lat' dir='ltr'><strong>est</strong></span> <span class='ocrx_word' id='word_1_297' title='bbox 543 2058 666 2097; x_wconf 82' lang='lat' dir='ltr'><strong>natu,</strong></span> <span class='ocrx_word' id='word_1_298' title='bbox 708 2066 791 2089; x_wconf 85' lang='lat' dir='ltr'><strong>meo</strong></span> <span class='ocrx_word' id='word_1_299' title='bbox 809 2055 906 2100; x_wconf 88' lang='lat' dir='ltr'><strong>jure</strong></span> <span class='ocrx_word' id='word_1_300' title='bbox 928 2053 1152 2103; x_wconf 75' lang='lat' dir='ltr'><strong>respondeo.</strong></span> <span class='ocrx_word' id='word_1_301' title='bbox 1218 2054 1337 2103; x_wconf 85' lang='lat' dir='ltr'><strong>Seyff.</strong></span> <span class='ocrx_word' id='word_1_302' title='bbox 1364 2055 1415 2096; x_wconf 87' lang='lat' dir='ltr'><strong>ib.</strong></span> <span class='ocrx_word' id='word_1_303' title='bbox 1446 2057 1514 2105; x_wconf 89' lang='lat'><strong>19,</strong></span> <span class='ocrx_word' id='word_1_304' title='bbox 1544 2055 1611 2097; x_wconf 86' lang='lat'><strong>69.</strong></span> <span class='ocrx_word' id='word_1_305' title='bbox 1650 2069 1691 2107; x_wconf 82' lang='lat' dir='ltr'><strong>p.</strong></span> <span class='ocrx_word' id='word_1_306' title='bbox 1717 2054 1814 2097; x_wconf 72' lang='lat'><strong>425.</strong></span> 
     </span>
     <span class='ocr_line' id='line_1_28' title="bbox 292 2119 1814 2174; baseline 0.005 -18"><span class='ocrx_word' id='word_1_307' title='bbox 292 2119 417 2158; x_wconf 84' lang='lat' dir='ltr'><strong>Beier.</strong></span> <span class='ocrx_word' id='word_1_308' title='bbox 443 2121 491 2157; x_wconf 88' lang='lat' dir='ltr'><strong>ad</strong></span> <span class='ocrx_word' id='word_1_309' title='bbox 522 2119 602 2158; x_wconf 89' lang='lat' dir='ltr'><strong>Cic.</strong></span> <span class='ocrx_word' id='word_1_310' title='bbox 634 2120 747 2158; x_wconf 80' lang='lat' dir='ltr'><strong>Offic.</strong></span> <span class='ocrx_word' id='word_1_311' title='bbox 778 2123 818 2170; x_wconf 88' lang='lat'><strong>1,</strong></span> <span class='ocrx_word' id='word_1_312' title='bbox 847 2119 917 2170; x_wconf 84' lang='lat'><strong>34,</strong></span> <span class='ocrx_word' id='word_1_313' title='bbox 950 2123 1042 2163; x_wconf 85' lang='lat'><strong>122.</strong></span> <span class='ocrx_word' id='word_1_314' title='bbox 1102 2122 1346 2174; x_wconf 30' lang='lat' dir='ltr'><strong>interpp.·.ad</strong></span> <span class='ocrx_word' id='word_1_315' title='bbox 1376 2122 1456 2161; x_wconf 90' lang='lat' dir='ltr'><strong>Cic.</strong></span> <span class='ocrx_word' id='word_1_316' title='bbox 1484 2124 1523 2161; x_wconf 87' lang='lat' dir='ltr'><strong>in</strong></span> <span class='ocrx_word' id='word_1_317' title='bbox 1541 2123 1647 2162; x_wconf 87' lang='lat' dir='ltr'><strong>Verr.</strong></span> <span class='ocrx_word' id='word_1_318' title='bbox 1679 2122 1720 2172; x_wconf 82' lang='lat'><strong>4,</strong></span> <span class='ocrx_word' id='word_1_319' title='bbox 1739 2120 1814 2172; x_wconf 78' lang='lat'><strong>64,</strong></span> 
     </span>
     <span class='ocr_line' id='line_1_29' title="bbox 295 2186 1815 2242; baseline 0.003 -18"><span class='ocrx_word' id='word_1_320' title='bbox 295 2186 374 2229; x_wconf 83' lang='grc'><strong>142</strong></span> <span class='ocrx_word' id='word_1_321' title='bbox 405 2200 462 2238; x_wconf 92' lang='lat' dir='ltr'><strong>sq.</strong></span> <span class='ocrx_word' id='word_1_322' title='bbox 519 2186 582 2224; x_wconf 86' lang='lat' dir='ltr'><strong>Ad</strong></span> <span class='ocrx_word' id='word_1_323' title='bbox 611 2187 748 2225; x_wconf 87' lang='lat' dir='ltr'><strong>verba:</strong></span> <span class='ocrx_word' id='word_1_324' title='bbox 790 2189 994 2239; x_wconf 72' lang='lat' dir='ltr'><em>Aristippi</em></span> <span class='ocrx_word' id='word_1_325' title='bbox 1020 2190 1153 2239; x_wconf 79' lang='lat' dir='ltr'><strong>potior</strong></span> <span class='ocrx_word' id='word_1_326' title='bbox 1184 2191 1402 2236; x_wconf 75' lang='lat' dir='ltr'><strong>sententia,</strong></span> <span class='ocrx_word' id='word_1_327' title='bbox 1444 2191 1652 2242; x_wconf 76' lang='lat' dir='ltr'><strong>comparari</strong></span> <span class='ocrx_word' id='word_1_328' title='bbox 1685 2194 1815 2242; x_wconf 77' lang='lat' dir='ltr'><strong>potest</strong></span> 
     </span>
     <span class='ocr_line' id='line_1_30' title="bbox 293 2255 1672 2310; baseline 0.003 -18"><span class='ocrx_word' id='word_1_329' title='bbox 293 2255 427 2293; x_wconf 89' lang='lat' dir='ltr'><strong>Claud.</strong></span> <span class='ocrx_word' id='word_1_330' title='bbox 457 2255 505 2293; x_wconf 85' lang='lat' dir='ltr'><strong>de</strong></span> <span class='ocrx_word' id='word_1_331' title='bbox 532 2255 626 2297; x_wconf 88' lang='lat' dir='ltr'><strong>Bell.</strong></span> <span class='ocrx_word' id='word_1_332' title='bbox 653 2256 757 2296; x_wconf 83' lang='lat' dir='ltr'><strong>Gild.</strong></span> <span class='ocrx_word' id='word_1_333' title='bbox 786 2257 881 2298; x_wconf 83' lang='lat'><strong>353.</strong></span> <span class='ocrx_word' id='word_1_334' title='bbox 912 2270 1014 2308; x_wconf 84' lang='lat' dir='ltr'><strong>quae</strong></span> <span class='ocrx_word' id='word_1_335' title='bbox 1040 2258 1092 2294; x_wconf 73' lang='lat' dir='ltr'><strong>sit</strong></span> <span class='ocrx_word' id='word_1_336' title='bbox 1104 2258 1237 2307; x_wconf 78' lang='lat' dir='ltr'><strong>potior</strong></span> <span class='ocrx_word' id='word_1_337' title='bbox 1261 2259 1479 2304; x_wconf 72' lang='lat' dir='ltr'><strong>sententia,</strong></span> <span class='ocrx_word' id='word_1_338' title='bbox 1506 2259 1672 2310; x_wconf 80' lang='lat' dir='ltr'><strong>quaerit.</strong></span> 
     </span>
    </p>

    <p class='ocr_par' dir='ltr' id='par_1_3' title="bbox 291 2323 1814 2649">
     <span class='ocr_line' id='line_1_31' title="bbox 404 2323 1813 2379; baseline 0.004 -19"><span class='ocrx_word' id='word_1_339' title='bbox 404 2323 450 2362; x_wconf 89' lang='lat' dir='ltr'><strong>V.</strong></span> <span class='ocrx_word' id='word_1_340' title='bbox 485 2325 534 2364; x_wconf 89' lang='lat'><strong>18</strong></span> <span class='ocrx_word' id='word_1_341' title='bbox 563 2345 620 2352; x_wconf 90' lang='lat'><strong>·-—-</strong></span> <span class='ocrx_word' id='word_1_342' title='bbox 647 2325 710 2366; x_wconf 89' lang='lat'><strong>22.</strong></span> <span class='ocrx_word' id='word_1_343' title='bbox 761 2325 992 2379; x_wconf 73' lang='lat' dir='ltr'><strong>Mordacem</strong></span> <span class='ocrx_word' id='word_1_344' title='bbox 1033 2324 1223 2375; x_wconf 84' lang='lat' dir='ltr'><strong>Cynicum</strong></span> <span class='ocrx_word' id='word_1_345' title='bbox 1246 2347 1301 2354; x_wconf 91' lang='lat'>—</span> <span class='ocrx_word' id='word_1_346' title='bbox 1331 2333 1518 2376; x_wconf 83' lang='lat' dir='ltr'><strong>egentem.</strong></span> <span class='ocrx_word' id='word_1_347' title='bbox 1575 2327 1813 2377; x_wconf 66' lang='lat' dir='ltr'><strong>Quanquam.</strong></span> 
     </span>
     <span class='ocr_line' id='line_1_32' title="bbox 292 2391 1811 2447; baseline 0.005 -19"><span class='ocrx_word' id='word_1_348' title='bbox 292 2392 355 2440; x_wconf 88' lang='lat' dir='ltr'><strong>qui</strong></span> <span class='ocrx_word' id='word_1_349' title='bbox 381 2405 461 2429; x_wconf 89' lang='lat' dir='ltr'><strong>rem</strong></span> <span class='ocrx_word' id='word_1_350' title='bbox 490 2393 527 2429; x_wconf 86' lang='lat' dir='ltr'><strong>in</strong></span> <span class='ocrx_word' id='word_1_351' title='bbox 557 2405 624 2430; x_wconf 88' lang='lat' dir='ltr'><strong>ore</strong></span> <span class='ocrx_word' id='word_1_352' title='bbox 658 2391 848 2431; x_wconf 90' lang='lat' dir='ltr'><strong>hominum</strong></span> <span class='ocrx_word' id='word_1_353' title='bbox 875 2398 1058 2431; x_wconf 79' lang='lat' dir='ltr'><strong>versatam</strong></span> <span class='ocrx_word' id='word_1_354' title='bbox 1084 2394 1150 2441; x_wconf 73' lang='lat' dir='ltr'><strong>(ut</strong></span> <span class='ocrx_word' id='word_1_355' title='bbox 1177 2395 1323 2440; x_wconf 87' lang='lat' dir='ltr'><strong>ajunt,</strong></span> <span class='ocrx_word' id='word_1_356' title='bbox 1359 2394 1434 2434; x_wconf 88' lang='lat' dir='ltr'><strong>vid.</strong></span> <span class='ocrx_word' id='word_1_357' title='bbox 1463 2406 1550 2436; x_wconf 84' lang='lat' dir='ltr'><strong>ann.</strong></span> <span class='ocrx_word' id='word_1_358' title='bbox 1579 2395 1630 2433; x_wconf 81' lang='lat' dir='ltr'><strong>ad</strong></span> <span class='ocrx_word' id='word_1_359' title='bbox 1656 2392 1696 2442; x_wconf 83' lang='grc'><strong>7,</strong></span> <span class='ocrx_word' id='word_1_360' title='bbox 1724 2391 1811 2447; x_wconf 78' lang='grc'><strong>49.)</strong></span> 
     </span>
     <span class='ocr_line' id='line_1_33' title="bbox 291 2460 1812 2512; baseline 0.003 -16"><span class='ocrx_word' id='word_1_361' title='bbox 291 2460 491 2498; x_wconf 84' lang='lat' dir='ltr'><strong>memoriae</strong></span> <span class='ocrx_word' id='word_1_362' title='bbox 518 2461 749 2512; x_wconf 87' lang='lat' dir='ltr'><strong>prodiderit,</strong></span> <span class='ocrx_word' id='word_1_363' title='bbox 777 2461 889 2499; x_wconf 89' lang='lat' dir='ltr'><strong>hodie</strong></span> <span class='ocrx_word' id='word_1_364' title='bbox 917 2461 1129 2512; x_wconf 81' lang='lat' dir='ltr'><strong>ignoratur,</strong></span> <span class='ocrx_word' id='word_1_365' title='bbox 1158 2465 1284 2500; x_wconf 84' lang='lat' dir='ltr'><strong>tamen</strong></span> <span class='ocrx_word' id='word_1_366' title='bbox 1312 2475 1423 2500; x_wconf 90' lang='lat' dir='ltr'><strong>nemo</strong></span> <span class='ocrx_word' id='word_1_367' title='bbox 1451 2474 1534 2500; x_wconf 91' lang='lat' dir='ltr'><strong>cum</strong></span> <span class='ocrx_word' id='word_1_368' title='bbox 1553 2462 1812 2501; x_wconf 65' lang='lat' dir='ltr'><strong>Praeda-ovio</strong></span> 
     </span>
     <span class='ocr_line' id='line_1_34' title="bbox 291 2527 1814 2581; baseline 0.005 -19"><span class='ocrx_word' id='word_1_369' title='bbox 291 2527 426 2566; x_wconf 87' lang='lat' dir='ltr'><strong>verba:</strong></span> <span class='ocrx_word' id='word_1_370' title='bbox 467 2535 511 2565; x_wconf 86' lang='lat' dir='ltr'><strong>ut</strong></span> <span class='ocrx_word' id='word_1_371' title='bbox 539 2531 658 2577; x_wconf 81' lang='lat' dir='ltr'><strong>ajunt</strong></span> <span class='ocrx_word' id='word_1_372' title='bbox 691 2544 774 2568; x_wconf 90' lang='lat' dir='ltr'><strong>cum</strong></span> <span class='ocrx_word' id='word_1_373' title='bbox 804 2543 912 2580; x_wconf 86' lang='lat' dir='ltr'><strong>seqq.</strong></span> <span class='ocrx_word' id='word_1_374' title='bbox 942 2542 1099 2566; x_wconf 76' lang='lat' dir='ltr'><strong>scurror</strong></span> <span class='ocrx_word' id='word_1_375' title='bbox 1125 2543 1195 2580; x_wconf 82' lang='lat' dir='ltr'><strong>ego</strong></span> <span class='ocrx_word' id='word_1_376' title='bbox 1229 2530 1313 2580; x_wconf 71' lang='lat' dir='ltr'><strong>ipse</strong></span> <span class='ocrx_word' id='word_1_377' title='bbox 1340 2529 1442 2567; x_wconf 80' lang='lat' dir='ltr'><strong>mihi</strong></span> <span class='ocrx_word' id='word_1_378' title='bbox 1467 2531 1680 2581; x_wconf 78' lang='lat' dir='ltr'><strong>conjunget.</strong></span> <span class='ocrx_word' id='word_1_379' title='bbox 1736 2530 1814 2570; x_wconf 71' lang='lat' dir='ltr'><strong>Fe-</strong></span> 
     </span>
     <span class='ocr_line' id='line_1_35' title="bbox 292 2596 1812 2649; baseline 0.004 -19"><span class='ocrx_word' id='word_1_380' title='bbox 292 2596 386 2632; x_wconf 82' lang='lat' dir='ltr'><strong>stive</strong></span> <span class='ocrx_word' id='word_1_381' title='bbox 422 2602 547 2635; x_wconf 76' lang='lat' dir='ltr'><strong>aufem</strong></span> <span class='ocrx_word' id='word_1_382' title='bbox 576 2598 743 2635; x_wconf 82' lang='lat' dir='ltr'><strong>mordax</strong></span> <span class='ocrx_word' id='word_1_383' title='bbox 778 2598 947 2649; x_wconf 79' lang='lat' dir='ltr'><strong>Cynicus</strong></span> <span class='ocrx_word' id='word_1_384' title='bbox 976 2597 1087 2635; x_wconf 80' lang='lat' dir='ltr'><strong>eludi</strong></span> <span class='ocrx_word' id='word_1_385' title='bbox 1110 2599 1135 2636; x_wconf 90' lang='lat' dir='ltr'><strong>i.</strong></span> <span class='ocrx_word' id='word_1_386' title='bbox 1173 2611 1207 2636; x_wconf 90' lang='lat' dir='ltr'><strong>e.</strong></span> <span class='ocrx_word' id='word_1_387' title='bbox 1237 2598 1316 2648; x_wconf 89' lang='lat' dir='ltr'><strong>ejus</strong></span> <span class='ocrx_word' id='word_1_388' title='bbox 1333 2598 1371 2649; x_wconf 87' lang='lat'><strong>*)</strong></span> <span class='ocrx_word' id='word_1_389' title='bbox 1410 2599 1530 2636; x_wconf 83' lang='lat' dir='ltr'><strong>oratio</strong></span> <span class='ocrx_word' id='word_1_390' title='bbox 1555 2599 1634 2637; x_wconf 86' lang='lat' dir='ltr'><strong>risu</strong></span> <span class='ocrx_word' id='word_1_391' title='bbox 1661 2602 1702 2636; x_wconf 84' lang='lat' dir='ltr'><strong>et</strong></span> <span class='ocrx_word' id='word_1_392' title='bbox 1723 2599 1812 2649; x_wconf 73' lang='lat' dir='ltr'><strong>joco</strong></span> 
     </span>
    </p>
   </div>
   <div class='ocr_carea' id='block_1_3' title="bbox 293 2665 556 2672">
    <p class='ocr_par' dir='ltr' id='par_1_4' title="bbox 293 2665 556 2672">
     <span class='ocr_line' id='line_1_36' title="bbox 293 2665 556 2672; baseline 0 466"><span class='ocrx_word' id='word_1_393' title='bbox 293 2665 556 2672; x_wconf 95' lang='lat' dir='ltr'><strong> </strong></span> 
     </span>
    </p>
   </div>
   <div class='ocr_carea' id='block_1_4' title="bbox 292 2699 1810 2974">
    <p class='ocr_par' dir='ltr' id='par_1_5' title="bbox 292 2699 1810 2974">
     <span class='ocr_line' id='line_1_37' title="bbox 405 2699 1810 2747; baseline 0 -12"><span class='ocrx_word' id='word_1_394' title='bbox 405 2700 441 2743; x_wconf 81' lang='lat'><strong>²⁸¹)</strong></span> <span class='ocrx_word' id='word_1_395' title='bbox 463 2701 531 2735; x_wconf 84' lang='lat' dir='ltr'><strong>Alii</strong></span> <span class='ocrx_word' id='word_1_396' title='bbox 551 2703 730 2737; x_wconf 77' lang='lat' dir='ltr'><strong>eludebat:</strong></span> <span class='ocrx_word' id='word_1_397' title='bbox 757 2702 979 2746; x_wconf 83' lang='lat' dir='ltr'><strong>„irridebat“</strong></span> <span class='ocrx_word' id='word_1_398' title='bbox 1005 2702 1084 2737; x_wconf 93' lang='lat' dir='ltr'><strong>coll.</strong></span> <span class='ocrx_word' id='word_1_399' title='bbox 1111 2700 1188 2737; x_wconf 86' lang='lat' dir='ltr'><strong>Cic.</strong></span> <span class='ocrx_word' id='word_1_400' title='bbox 1214 2702 1324 2737; x_wconf 78' lang='lat' dir='ltr'><strong>Acad.</strong></span> <span class='ocrx_word' id='word_1_401' title='bbox 1345 2705 1384 2746; x_wconf 91' lang='lat'><strong>2,</strong></span> <span class='ocrx_word' id='word_1_402' title='bbox 1405 2703 1470 2747; x_wconf 89' lang='lat'><strong>39,</strong></span> <span class='ocrx_word' id='word_1_403' title='bbox 1492 2700 1572 2739; x_wconf 84' lang='lat'><strong>123.</strong></span> <span class='ocrx_word' id='word_1_404' title='bbox 1602 2712 1663 2736; x_wconf 71' lang='lat' dir='ltr'><strong>von</strong></span> <span class='ocrx_word' id='word_1_405' title='bbox 1681 2701 1724 2736; x_wconf 74' lang='lat' dir='ltr'><strong>ab</strong></span> <span class='ocrx_word' id='word_1_406' title='bbox 1750 2699 1810 2733; x_wconf 62' lang='lat' dir='ltr'><strong>illo</strong></span> 
     </span>
     <span class='ocr_line' id='line_1_38' title="bbox 292 2753 1808 2804; baseline 0.001 -18"><span class='ocrx_word' id='word_1_407' title='bbox 292 2753 494 2801; x_wconf 73' lang='lat' dir='ltr'><strong>irridemini,</strong></span> <span class='ocrx_word' id='word_1_408' title='bbox 517 2764 548 2792; x_wconf 83' lang='lat' dir='ltr'><strong>ct</strong></span> <span class='ocrx_word' id='word_1_409' title='bbox 567 2759 634 2804; x_wconf 77' lang='lat' dir='ltr'><strong>ipsi</strong></span> <span class='ocrx_word' id='word_1_410' title='bbox 652 2759 750 2793; x_wconf 83' lang='lat' dir='ltr'><em>illum</em></span> <span class='ocrx_word' id='word_1_411' title='bbox 769 2759 910 2793; x_wconf 77' lang='lat' dir='ltr'><strong>vicissim</strong></span> <span class='ocrx_word' id='word_1_412' title='bbox 926 2759 1081 2803; x_wconf 78' lang='lat' dir='ltr'><strong>eluditis,</strong></span> <span class='ocrx_word' id='word_1_413' title='bbox 1109 2758 1191 2793; x_wconf 72' lang='lat' dir='ltr'><strong>aliit</strong></span> <span class='ocrx_word' id='word_1_414' title='bbox 1212 2759 1365 2802; x_wconf 81' lang='lat' dir='ltr'><strong>„callide</strong></span> <span class='ocrx_word' id='word_1_415' title='bbox 1380 2759 1565 2794; x_wconf 56' lang='lat' dir='ltr'><strong>evitabaff‘</strong></span> <span class='ocrx_word' id='word_1_416' title='bbox 1586 2756 1664 2792; x_wconf 76' lang='lat' dir='ltr'><strong>coll.</strong></span> <span class='ocrx_word' id='word_1_417' title='bbox 1681 2756 1808 2790; x_wconf 82' lang='lat' dir='ltr'><strong>Senec.</strong></span> 
     </span>
     <span class='ocr_line' id='line_1_39' title="bbox 293 2808 1808 2861; baseline 0.002 -18"><span class='ocrx_word' id='word_1_418' title='bbox 293 2808 336 2843; x_wconf 85' lang='lat' dir='ltr'><strong>de</strong></span> <span class='ocrx_word' id='word_1_419' title='bbox 355 2812 477 2847; x_wconf 85' lang='lat' dir='ltr'><strong>Benef.</strong></span> <span class='ocrx_word' id='word_1_420' title='bbox 496 2817 527 2857; x_wconf 88' lang='lat'><strong>1,</strong></span> <span class='ocrx_word' id='word_1_421' title='bbox 545 2817 577 2850; x_wconf 88' lang='lat'><strong>1.</strong></span> <span class='ocrx_word' id='word_1_422' title='bbox 597 2816 702 2849; x_wconf 76' lang='lat' dir='ltr'><strong>variis</strong></span> <span class='ocrx_word' id='word_1_423' title='bbox 721 2816 852 2850; x_wconf 79' lang='lat' dir='ltr'><strong>artibus</strong></span> <span class='ocrx_word' id='word_1_424' title='bbox 865 2821 1096 2861; x_wconf 71' lang='lat' dir='ltr'><strong>properantes</strong></span> <span class='ocrx_word' id='word_1_425' title='bbox 1109 2816 1328 2852; x_wconf 74' lang='lat' dir='ltr'><strong>necessitates</strong></span> <span class='ocrx_word' id='word_1_426' title='bbox 1342 2817 1454 2851; x_wconf 66' lang='lat' dir='ltr'><strong>elusit.</strong></span> <span class='ocrx_word' id='word_1_427' title='bbox 1473 2816 1575 2851; x_wconf 71' lang='lat' dir='ltr'><strong>Voce.-</strong></span> <span class='ocrx_word' id='word_1_428' title='bbox 1591 2813 1717 2856; x_wconf 73' lang='lat' dir='ltr'><strong>„Deua</strong></span> <span class='ocrx_word' id='word_1_429' title='bbox 1729 2821 1808 2845; x_wconf 66' lang='lat' dir='ltr'><strong>man</strong></span> 
     </span>
     <span class='ocr_line' id='line_1_40' title="bbox 293 2866 1807 2917; baseline 0.001 -13"><span class='ocrx_word' id='word_1_430' title='bbox 293 2871 390 2910; x_wconf 76' lang='lat' dir='ltr'><strong>sagt‚</strong></span> <span class='ocrx_word' id='word_1_431' title='bbox 410 2880 448 2901; x_wconf 89' lang='lat' dir='ltr'><strong>er</strong></span> <span class='ocrx_word' id='word_1_432' title='bbox 462 2871 692 2916; x_wconf 66' lang='lat' dir='ltr'><strong>entschln&#39;ipfte</strong></span> <span class='ocrx_word' id='word_1_433' title='bbox 704 2872 783 2906; x_wconf 83' lang='lat' dir='ltr'><strong>dem</strong></span> <span class='ocrx_word' id='word_1_434' title='bbox 798 2871 976 2917; x_wconf 81' lang='lat' dir='ltr'><strong>beissigen</strong></span> <span class='ocrx_word' id='word_1_435' title='bbox 989 2872 1148 2917; x_wconf 83' lang='lat' dir='ltr'><strong>Cyniker</strong></span> <span class='ocrx_word' id='word_1_436' title='bbox 1161 2873 1276 2909; x_wconf 80' lang='lat' dir='ltr'><strong>a1s0.“</strong></span> <span class='ocrx_word' id='word_1_437' title='bbox 1309 2874 1480 2908; x_wconf 77' lang='lat' dir='ltr'><strong>Scheller:</strong></span> <span class='ocrx_word' id='word_1_438' title='bbox 1496 2870 1633 2915; x_wconf 58' lang='lat' dir='ltr'><strong>„Deum</strong></span> <span class='ocrx_word' id='word_1_439' title='bbox 1649 2866 1716 2902; x_wconf 75' lang='lat' dir='ltr'><strong>w5e</strong></span> <span class='ocrx_word' id='word_1_440' title='bbox 1730 2877 1807 2902; x_wconf 75' lang='lat' dir='ltr'><strong>man</strong></span> 
     </span>
     <span class='ocr_line' id='line_1_41' title="bbox 293 2923 1808 2974; baseline 0.001 -15"><span class='ocrx_word' id='word_1_441' title='bbox 293 2928 393 2966; x_wconf 67' lang='lat' dir='ltr'><strong>negt,</strong></span> <span class='ocrx_word' id='word_1_442' title='bbox 413 2936 452 2958; x_wconf 83' lang='lat' dir='ltr'><strong>so</strong></span> <span class='ocrx_word' id='word_1_443' title='bbox 469 2928 638 2962; x_wconf 75' lang='lat' dir='ltr'><strong>verho‘lmt</strong></span> <span class='ocrx_word' id='word_1_444' title='bbox 652 2939 690 2962; x_wconf 86' lang='lat' dir='ltr'><strong>er</strong></span> <span class='ocrx_word' id='word_1_445' title='bbox 708 2926 774 2962; x_wconf 88' lang='lat' dir='ltr'><strong>den</strong></span> <span class='ocrx_word' id='word_1_446' title='bbox 794 2928 970 2974; x_wconf 78' lang='lat' dir='ltr'><strong>beissigen</strong></span> <span class='ocrx_word' id='word_1_447' title='bbox 990 2929 1148 2972; x_wconf 81' lang='lat' dir='ltr'><strong>Cyniker</strong></span> <span class='ocrx_word' id='word_1_448' title='bbox 1170 2930 1286 2964; x_wconf 55' lang='grc' dir='ltr'><strong>ειΙεοέι</strong></span> <span class='ocrx_word' id='word_1_449' title='bbox 1324 2930 1409 2963; x_wconf 89' lang='lat' dir='ltr'><strong>Cum</strong></span> <span class='ocrx_word' id='word_1_450' title='bbox 1427 2926 1541 2962; x_wconf 69' lang='lat' dir='ltr'><strong>Vom&#39;o</strong></span> <span class='ocrx_word' id='word_1_451' title='bbox 1559 2923 1644 2959; x_wconf 78' lang='lat' dir='ltr'><strong>facit</strong></span> <span class='ocrx_word' id='word_1_452' title='bbox 1663 2924 1701 2959; x_wconf 82' lang='lat' dir='ltr'><strong>G.</strong></span> <span class='ocrx_word' id='word_1_453' title='bbox 1723 2924 1808 2959; x_wconf 71' lang='lat' dir='ltr'><strong>Pae-</strong></span> 
     </span>
    </p>
   </div>
  </div>
 </body>
</html>
