2034 3224
355 213 454 256 1ιοο
500 214 875 256 commum
892 214 952 253 IN
970 211 1194 254 nomm
1206 213 1310 255 m.
1327 216 1359 255 1.
1392 214 1781 257 ussermann.-
1820 218 1908 263 1oe

367 343 453 383 Liv.
481 343 553 393 37,
583 344 650 384 26.
683 341 750 383 28.
805 339 949 378 Rasch.
981 339 1013 378 Ι.
1043 341 1084 382 2.
1107 353 1150 392 Ρ.
1172 339 1437 383 Υ695--701.
1469 346 1510 380 et
1538 354 1635 393 quos
1659 341 1791 382 laudat
1814 343 1911 386 Ru-

363 413 472 464 perti
493 413 544 450 ad
573 410 669 448 Tac.
698 408 796 446 Ann.
822 409 863 457 2,
887 407 959 457 54,
988 410 1029 450 2.
1045 430 1093 437 —
1111 411 1267 457 majora
1291 410 1497 447 minorans
1511 410 1645 462 sama.
1665 439 1667 441 -
1701 410 1796 449 Sall.
1821 411 1908 453 Cat.

367 482 408 521 8.
441 483 480 522 2.
518 476 827 517 Atheniensium
854 487 919 512 rea
940 483 1078 528 gestae
1099 499 1157 507 --
1187 478 1287 515 satis
1314 477 1476 528 amplae
1501 478 1747 529 mag-afflone
1765 480 1909 531 fuer&

366 561 506 585 verum
529 546 738 596 aliquanto
764 543 935 581 minores
961 551 1115 590 tamen,
1139 559 1266 596 quam
1285 547 1405 598 fam
1417 546 1621 597 feruntur.

479 615 527 652 V.
557 612 597 653 4.
643 611 690 649 In
714 610 787 648 hac
814 612 1067 662 percontandi
1101 613 1256 652 ratione.
1274 614 1370 652 nihil
1394 615 1495 653 inest
1523 613 1685 653 acerbae
1714 615 1911 664 irrisionis,

367 697 481 736 quam
507 681 661 731 quidem
690 679 810 718 sensit
837 679 1131 731 Haberfeldue,
1164 693 1280 731 quum
1303 681 1507 721 Bullatium
1533 681 1692 723 haberet
1719 682 1910 725 hominen

367 752 468 791 nullo
493 749 579 786 loeo
607 748 806 786 durantem
833 748 982 799 sibique
1009 748 1150 799 ubique
1178 748 1454 799 displicentem.
1501 748 1754 791 Percontatur
1780 750 1910 801 potius

367 834 412 859 ex
438 818 550 857 animi
580 817 638 855 sui
665 817 854 854 sententia
882 830 1094 868 quanquam
1121 831 1200 856 uon
1228 817 1311 855 sine
1332 817 1468 867 jocosa
1488 818 1651 868 quadam
1668 818 1825 861 Ιίοιπαρ
1845 829 1911 861 ref

363 890 458 940 giae
478 891 638 937 praeter
659 897 793 922 omnes
815 885 990 937 angulos
1017 885 1183 923 ridentis
1211 886 1519 937 exaggeratione.
1545 886 1612 926 Sic
1632 886 1800 935 1811&
1823 897 1911 925 sor-²

366 957 431 994 det
459 955 636 1007 pretium
663 953 791 990 altera
825 960 950 992 aetas.
1009 953 1150 992 Catull.
1179 954 1232 994 61
1246 981 1260 1002 ‚
1291 954 1385 995 136.
1425 952 1562 1003 (Doer.
1587 952 1659 1004 ibi)
1691 952 1910 997 Sardebam

365 1024 451 1075 tibi,
479 1020 614 1062 villice
641 1019 880 1058 Concubine.
911 1022 1019 1072 Virg.
1038 1021 1121 1060 Ecl.
1143 1024 1184 1072 2,
1204 1019 1273 1062 44.
1303 1021 1462 1059 sordent
1478 1021 1560 1059 tibia
1572 1032 1741 1064 munera
1751 1029 1907 1064 ποιμα.

364 1095 464 1132 Stat,
494 1090 589 1128 Silv.
619 1090 667 1138 1,
696 1089 749 1138 3,
779 1089 847 1128 98.
878 1103 951 1125 cur
978 1089 1105 1127 oculis
1133 1091 1294 1127 sordet
1293 1091 1428 1128 vicina
1451 1089 1693 1141 vohcptas?
1728 1089 1908 1140 Calpur».

361 1161 445 1200 Ecl.
472 1161 515 1209 7,
543 1156 613 1198 46.
646 1156 838 1195 Videmus
865 1164 903 1194 et
924 1158 1056 1196 sordet
1079 1158 1275 1210 quicquid
1298 1159 1565 1208 spectavimus
1592 1157 1703 1196 olim.
1732 1157 1832 1196 Plin.
1854 1157 1907 1200 Η.

360 1230 414 1267 N.
440 1227 521 1276 35,
553 1226 607 1266 10
639 1239 670 1263 s.
700 1225 770 1265 36.
809 1224 1006 1262 sordebat
1032 1225 1102 1264 ille
1129 1228 1226 1264 suis.
1274 1226 1418 1264 Similia
1445 1227 1690 1277 suppeditant
1715 1226 1828 1270 Hess.
1858 1227 1909 1272 ad

358 1297 457 1335 Tac.
479 1292 584 1332 -Dial-
617 1292 685 1334 23.
715 1305 756 1343 Ρ.
786 1294 882 1334 161.
913 1298 954 1332 et
980 1293 1154 1333 Hildebr.
1179 1295 1228 1332 ad
1251 1292 1401 1345 Apulej.
1428 1295 1534 1345 Mag.
1559 1295 1628 1337 22.
1654 1307 1696 1345 Ρ.
1717 1291 1815 1334 495.
1845 1291 1908 1331 De

363 1364 517 1413 Campo
548 1365 589 1398 et
628 1359 762 1397 Τιόενί
791 1361 952 1411 insignis
981 1366 1043 1400 est
1071 1362 1180 1401 locus
1205 1375 1268 1440 ap.
1295 1363 1425 1401 Strab.
1455 1361 1506 1412 5,
1529 1361 1570 1403 3.
1584 1375 1637 1413 Ρ.
1663 1361 1771 1403 382-
1798 1356 1907 1404 Τού-

357 1446 440 1471 των
468 1427 513 1469 δὲ
539 1444 589 1468 τα
616 1431 780 1468 πλεῖστα
809 1426 831 1469 ὁ
855 1425 1042 1483 Μάρτιος
1080 1430 1158 1483 ἔχει
1186 1427 1348 1483 κάμπος
1377 1453 1434 1460 --
1463 1428 1534 1470 καὶ
1559 1444 1617 1470 ,τοι
1644 1428 1908 1482 ,περικείμενα

359 1498 474 1552 ἔργα,
512 1496 583 1538 καὶ
608 1494 654 1538 τὸ
685 1495 835 1547 ἔδαφος
865 1494 1021 1547 ποοὶζον
1060 1495 1111 1539 δι’
1142 1497 1276 1548 ἔτους,
1314 1497 1383 1538 καὶ
1421 1499 1506 1538 τῶν
1542 1493 1684 1549 λόφων
1709 1492 1908 1548 στεφάναι

356 1570 437 1607 τῶν
463 1563 566 1619 ὑπὲρ
594 1567 669 1606 τοῦ
690 1567 876 1618 ποταμοῦ
895 1564 1006 1620 μέχρι
1029 1569 1104 1607 τοῦ
1132 1567 1301 1621 ῥείθρου
1331 1562 1663 1620 σκηνογραφικῆν
1688 1561 1791 1615 ὄψιν
1818 1563 1907 1605 ἐπι-

357 1633 629 1686 δεικνυμένων
657 1630 989 1676 δυσαπάλλακτον
1017 1633 1235 1688 παρέχουσι
1263 1631 1340 1687 triv
1367 1632 1484 1675 θέαν.
1541 1634 1603 1673 De
1622 1633 1686 1677 his
1706 1633 1906 1675 Romano-

354 1716 439 1741 rum
466 1703 622 1752 deliciis,
653 1702 717 1740 ubi
745 1704 827 1741 sine
849 1703 963 1741 dubio
985 1703 1059 1741 hoc
1079 1705 1160 1755 jam
1183 1707 1356 1755 tempore
1389 1703 1513 1754 Septa
1535 1701 1671 1747 Iulia,
1699 1701 1819 1742 rebus
1841 1714 1904 1741 re·-

354 1772 453 1808 serta
480 1771 659 1822 pretiosis
691 1770 830 1822 (Beck.
860 1763 968 1810 Gall.
991 1771 1038 1810 ΙΙ.
1065 1785 1107 1823 p.
1132 1773 1228 1815 112.
1260 1771 1347 1810 coll.
1377 1771 1523 1810 Sachse
1559 1769 1735 1820 „Gesclu
1763 1769 1905 1808 usne-

355 1838 584 1889 schreibung
611 1840 681 1877 der
709 1839 775 1877 alt.
807 1839 922 1878 stadt
948 1839 1080 1878 Rom“
1108 1839 1156 1878 Π.
1187 1853 1227 1891 Ρ.
1257 1838 1312 1880 64
1340 1841 1468 1890 sqq.),
1506 1841 1638 1887 erant,
1666 1838 1904 1882 vid..annot.

354 1907 475 1955 ad.7,
505 1906 573 1945 59.
601 1906 729 1947 Schm.
758 1907 809 1943 ad
832 1907 870 1948 h.
900 1907 926 1944 l.
956 1911 995 1945 et
1021 1919 1058 1945 v.
1087 1906 1154 1947 19.
1183 1907 1350 1958 itemque
1380 1908 1450 1955 18,
1478 1904 1549 1947 54.
1577 1904 1734 1944 Mitseh.
1752 1905 1806 1950 ad
1823 1904 1903 1945 Od.

355 1977 404 2023 1,
428 1974 479 2023 8,
507 1971 651 2014 4-8,
692 1974 823 2014 Barth.
858 1976 908 2012 ad
937 1975 1038 2012 Stat.
1060 1974 1153 2012 Silv.
1180 1975 1228 2024 5,
1259 1976 1306 2023 2,
1338 1974 1566 2016 113—16.
1599 1977 1639 2011 et
1667 1973 1717 2012 dc
1750 1972 1903 2023 Campo

354 2042 435 2080 fere
457 2042 665 2093 gramineo
693 2042 877 2080 Klausen.
903 2043 954 2080 ad
981 2042 1111 2081 Carm.
1139 2042 1207 2080 Fr.
1238 2042 1331 2080 Arv.
1350 2055 1390 2094 Ρ.
1410 2041 1480 2083 45.
1507 2042 1562 2081 Ν.
1590 2041 1686 2084 112.
1714 2061 1773 2071 -
1794 2039 1900 2081 V-5·

353 2108 430 2147 An
456 2109 565 2146 venit
595 2109 640 2145 in
668 2116 803 2146 votum
825 2132 882 2139 —
911 2109 1027 2147 una?
1084 2110 1315 2149 Schmidius
1341 2113 1537 2161 comparat
1567 2109 1679 2148 Ovid.
1706 2108 1900 2158 Met-21,

356 2167 451 2220 22'7.
489 2177 542 2215 In
568 2191 720 2228 suaque
747 2177 957 2215 Aeaciden
986 2178 1192 2217 succedere
1219 2185 1310 2215 vota
1337 2184 1516 2228 nepotem
1538 2177 1678 2216 Iussit.
1725 2175 1903 2216 Orelliue

355 2258 423 2283 sua
447 2244 624 2295 opinione
650 2247 783 2296 captus
811 2247 988 2296 proprie,
1021 2246 1048 2288 i,
1081 2259 1114 2283 e.
1142 2245 1234 2296 „An
1267 2245 1454 2284 domicilio
1483 2245 1552 2283 tibi
1579 2243 1751 2293 deligere
1779 2243 1898 2280 mavis

354 2325 464 2351 unam
490 2325 535 2350 ex
562 2311 718 2350 urbibus
744 2313 852 2364 regui
879 2313 969 2351 olim
993 2312 1220 2363 Attalorum,
1252 2313 1501 2363 Pergamum,
1530 2310 1706 2360 Tralles,
1737 2309 1899 2361 Thyati-

353 2394 456 2429 rum,
485 2376 838 2429 Myndum‘e‘sEst
862 2381 1011 2434 potius:
1041 2380 1133 2430 „An
1158 2385 1292 2432 optas,
1324 2380 1464 2430 velles,
1493 2390 1605 2417 unam
1632 2378 1712 2416 sive
1739 2390 1900 2429 posses·

355 2450 500 2486 sionem
533 2447 611 2486 sive
641 2447 843 2487 εκεᾶειιιῖεί
891 2448 1071 2488 Praefero
1101 2447 1194 2486 illud
1227 2448 1276 2485 ob
1309 2449 1384 2486 vim
1411 2447 1701 2485 contrariorum.
1754 2446 1897 2485 Jocose

353 2515 451 2552 enim
478 2516 572 2554 haec
601 2516 843 2568 dictasunt,
871 2517 905 2556 si
931 2516 1216 2563 observaveris,
1255 2514 1427 2553 Attalum
1449 2506 1773 2565 Philometorem,
1800 2515 1897 2553 Per-

353 2584 452 2632 gami
487 2597 640 2634 regem,
679 2585 862 2637 populum
889 2585 1102 2624 Romanum
1131 2582 1220 2621 olim
1247 2582 1362 2633 (621.
1389 2597 1427 2621 u.
1462 2582 1515 2632 c.)
1545 2582 1747 2632 scripsisse
1783 2582 1896 2621 here-

354 2650 453 2689 dem.
479 2651 593 2690 Conf.
623 2652 751 2690 Strab.
778 2653 846 2702 13,
872 2650 915 2694 4.
943 2668 982 2706 p.
1012 2650 1109 2694 147.
1141 2650 1236 2688 Plin.
1259 2650 1308 2691 H.
1329 2650 1381 2689 N.
1405 2650 1477 2698 35,
1509 2647 1577 2690 14.
1607 2649 1745 2688 sustin.
1758 2649 1830 2697 86,
1851 2644 1893 2687 4.

354 2716 470 2755 Torr.
500 2721 539 2754 et
566 2718 719 2757 Mitsch.
749 2721 798 2758 ad
829 2720 905 2761 Od.
937 2723 977 2771 1,
1008 2722 1049 2771 1,
1079 2719 1147 2762 12.
1185 2720 1234 2768 2,
1261 2720 1339 2769 18,
1369 2717 1409 2759 5.
1449 2718 1694 2768 Quapropter
1720 2727 1798 2752 uon
1827 2726 1896 2752 au-

354 2783 514 2821 diendus
545 2789 604 2822 est
633 2785 743 2827 Bacl,
772 2786 1016 2838 Ascemius,
1053 2787 1113 2826 cui
1139 2786 1349 2825 Attalicae
1377 2790 1467 2825 suut
1496 2782 1690 2836 „superbe
1718 2786 1758 2820 et
1785 2780 1893 2820 luxu-

291 2897 294 2904 Ι
353 2850 455 2890 riose
482 2850 594 2887 variis
622 2852 734 2890 rebus
762 2860 933 2907 ornatae,
960 2860 1004 2894 ut
1032 2854 1142 2894 urbes
1166 2854 1294 2894 Attali.
1300 2856 1328 2879 ‘⁶

468 2917 515 2956 V.
543 2919 582 2958 6.
637 2919 712 2956 An
734 2920 1210 2963 Lebedum—viarum?
1246 2922 1337 2975 „An
1363 2920 1578 2972 tibiwgns
1599 2918 1726 2971 placet
1754 2918 1891 2958 affecto
