1910 3138
252 212 337 256 506
386 214 666 255 COMMENT.
684 215 743 255 IN
765 216 887 255 HOR.
915 215 1015 259 LIB.
1035 217 1064 255 l.
1092 216 1256 257 EPIST.
1275 217 1652 259 UNDEVICESIM.
1708 220 1793 262 158

251 342 292 380 p.
324 330 420 370 521.
449 329 534 367 coll.
570 327 826 366 Schwenckio
853 329 892 367 in
920 330 1114 369 Welckeri
1144 334 1183 369 et
1209 329 1406 370 Ritschelii
1433 333 1614 372 Rhenano
1631 355 1633 357 ·
1651 333 1788 373 Museo

252 397 282 435 1.
311 411 350 448 p.
370 396 463 438 469.
490 396 542 433 ita
570 396 606 433 in
635 395 786 434 dubium
811 401 945 446 vocat,
973 402 1016 436 ut
1045 398 1246 436 Iarbitam
1274 411 1409 437 nomen
1441 401 1576 441 servile
1611 415 1697 441 esse
1724 417 1788 440 su-

253 465 433 519 spicetur.
474 463 714 502 Probabilior
742 465 831 502 mihi
856 465 903 503 de
923 465 1053 504 Codro
1081 468 1231 517 quidem
1257 468 1446 505 sententia
1473 467 1614 510 meod.
1654 471 1789 521 Berg-

252 531 310 568 kii
335 536 416 581 est,
458 532 515 570 cui
552 531 782 582 Virgilianus
827 533 980 571 Codrus
1017 536 1166 574 videtur
1203 549 1287 574 esse
1328 536 1564 585 Cornificius
1605 537 1790 591 [Longus

249 604 406 637 auctore
433 600 566 638 Servio
597 601 646 637 ad
678 601 785 650 Virg.
816 601 911 642 Aen.
939 602 981 653 3,
1007 603 1143 654 332.]‚
1177 603 1409 643 Horatianus
1437 604 1571 652 Iuba,
1607 606 1789 645 Maurita-

251 668 333 705 niae
359 681 424 705 rex
445 667 739 706 litteratissimus
755 670 809 720 *).

364 735 408 772 V·
441 737 505 778 17.
533 738 599 777 18.
640 737 806 788 Decipit
833 738 1034 789 exemplar
1056 739 1164 776 vitiis
1188 739 1405 787 imitabile,
1431 754 1507 792 qua
1530 741 1683 792 quidem
1701 753 1790 780 sen-

250 804 370 842 tentia
395 804 493 841 Hor.
533 806 779 843 imitationem
818 819 896 843 non
931 806 1050 857 tollit,
1089 808 1157 845 sed
1193 809 1315 858 vitiis,
1351 809 1393 847 id
1423 809 1526 860 quod
1561 814 1666 848 recte
1694 810 1790 847 vidit

259 873 511 918 Torrentius,
536 873 733 912 inhaerere
757 878 874 912 vetat.
921 875 1000 916 Cic.
1030 875 1078 912 de
1106 875 1173 916 Or.
1204 879 1242 925 2,
1273 878 1343 925 22,
1372 878 1438 918 90.
1480 877 1626 915 multos
1653 878 1790 915 imita-

253 949 354 979 tores
377 955 494 993 saepe
518 943 711 993 cognovi,
740 943 811 993 qui
833 949 906 979 aut
923 956 995 988 ea,
1025 956 1128 994 quae
1142 943 1298 994 facilia
1317 951 1432 994 sunt,
1462 952 1536 983 aut
1553 947 1673 983 etiam
1695 945 1789 991 itta,

252 1025 356 1063 quae
375 1012 552 1062 insignia
572 1024 623 1047 ac
637 1023 766 1061 paene
785 1012 927 1048 vitiosa
940 1039 955 1057 ,
982 1018 1255 1048 consectantur
1273 1013 1480 1051 imitando.
1518 1013 1676 1060 Quintil.
1698 1014 1789 1051 [nst.

253 1081 321 1131 10,
354 1082 392 1129 1,
423 1080 488 1121 25.
516 1079 740 1130 acciditque
767 1078 831 1116 llis
840 1108 855 1126 ,
886 1081 957 1131 qui
983 1080 1176 1131 quicquid
1192 1080 1307 1131 apud
1331 1080 1423 1118 illos
1449 1081 1657 1133 (summos)
1683 1095 1790 1133 repe-

251 1149 377 1198 ritur,
414 1148 573 1185 dicendi
599 1148 725 1199 legem
749 1155 900 1198 putant
910 1177 924 1194 ‚
966 1156 1011 1185 ut
1037 1148 1228 1186 deteriora
1261 1150 1466 1186 imitentur
1501 1149 1565 1197 (id
1592 1150 1700 1187 enim
1730 1157 1792 1187 est

240 1215 435 1268 facilius)
459 1230 508 1253 ac
531 1230 571 1253 se
601 1215 763 1253 abunde
796 1216 943 1253 similes
962 1225 1131 1267 putent,
1171 1219 1208 1255 si
1244 1219 1343 1255 vitia
1379 1231 1618 1269 magnorum
1654 1231 1788 1255 conse-

252 1292 441 1336 quantur.
489 1286 601 1323 Conf.
627 1285 677 1322 ib.
707 1286 773 1336 10,
806 1287 845 1335 2,
877 1285 940 1325 15.
972 1286 1039 1325 16.
1072 1285 1289 1335 Hieronym,
1314 1285 1435 1336 Epist.
1466 1285 1515 1323 ad
1536 1284 1647 1324 Laet.
1673 1287 1714 1326 7.
1740 1286 1787 1337 (l.

250 1367 290 1404 p.
320 1353 388 1393 36.
426 1353 471 1391 B.
502 1353 567 1405 E.)
607 1353 806 1391 Proclivis
840 1360 896 1390 est
934 1354 1053 1389 etiam
1085 1353 1283 1390 malorum
1317 1353 1512 1398 imitatio,
1549 1360 1588 1389 et
1618 1366 1788 1405 quorum

251 1423 417 1459 virtutes
442 1423 603 1473 assequi
625 1436 821 1473 nequeas,
851 1423 927 1458 cito
956 1423 1126 1459 imitaris
1150 1422 1262 1459 vitia.
1293 1443 1351 1450 —
1375 1441 1431 1449 —-
1467 1420 1511 1458 V
1503 1421 1577 1458 itia
1603 1434 1683 1459 non
1717 1421 1788 1459 de-

252 1492 434 1541 cipiunt,
470 1492 552 1528 nisi
579 1489 653 1527 sub
682 1491 809 1541 specie
837 1489 1057 1541 umbraque
1086 1491 1291 1530 virtutum.
1336 1489 1392 1527 lta
1419 1488 1503 1539 ipse
1531 1489 1710 1527 Horatius
1737 1489 1784 1526 A.

250 1558 294 1596 Ρ.
327 1561 414 1606 25.;
455 1559 588 1596 similia
620 1560 698 1596 vid.
735 1559 835 1610 apud
871 1559 1029 1610 Rupert.
1066 1558 1114 1594 ad
1150 1557 1236 1596 Juv.
1273 1554 1338 1606 14,
1375 1556 1467 1598 109.
1502 1557 1588 1595 coll.
1615 1557 1670 1598 31
1700 1569 1787 1608 sqq.

250 1625 320 1667 40.
352 1626 421 1667 41.
467 1627 676 1664 Commode
712 1626 886 1664 Orellius
910 1631 949 1664 et
980 1624 1271 1676 Dillenburger
1297 1637 1334 1665 v.
1372 1625 1480 1661 vitiis
1507 1629 1547 1663 et
1573 1625 1624 1663 ad
1651 1638 1688 1665 v,
1714 1626 1787 1663 de-

251 1695 349 1745 cipit
378 1700 415 1732 et
440 1697 488 1733 ad
514 1709 550 1733 v.
578 1694 772 1732 imitabile
798 1695 978 1733 referunt.
1023 1694 1132 1732 Talia
1159 1694 1449 1731 constructionis
1477 1693 1634 1744 duplicis
1661 1706 1788 1733 exem-

251 1762 314 1813 pla
344 1763 419 1799 vid.
450 1763 487 1799 in
516 1763 672 1802 Excurs.
702 1765 751 1802 ad
781 1766 822 1814 7,
855 1764 920 1804 18.
946 1777 985 1814 p.
1012 1759 1108 1803 402.
1136 1767 1174 1800 et
1204 1763 1271 1811 18,
1296 1762 1362 1802 16-
1390 1775 1428 1812 p.
1449 1761 1546 1802 425.
1563 1781 1620 1789 —
1647 1761 1694 1798 V.
1717 1762 1784 1802 18.

258 1829 410 1879 Quodsi
440 1844 537 1867 casu
554 1832 617 1882 **)
645 1832 842 1882 pallerem
870 1854 925 1860 —
959 1831 1176 1868 cuminum.
1235 1829 1535 1879 Explicationem
1562 1828 1720 1866 Acronis
1749 1833 1788 1867 et

252 1896 485 1935 scholiastae
514 1899 654 1948 Cruq.,
693 1913 765 1950 qua
793 1901 1009 1949 „cuminum
1037 1904 1207 1949 potatum
1233 1897 1394 1949 pallidos
1421 1897 1547 1934 reddit
1571 1897 1786 1945 homines,“

252 1965 500 2017 comprobant
527 1965 626 2004 Plin.
651 1967 721 2015 20,
746 1966 809 2007 14.
835 1982 865 2006 S.
896 1968 964 2008 57.
1013 1966 1139 2003 Omne
1167 1967 1369 2003 cuminum
1391 1964 1589 2015 pallorem
1619 1964 1785 2002 bibenti-

253 2032 326 2071 bus
346 2034 494 2085 gignit.
541 2034 607 2071 lta
634 2042 732 2071 certe
744 2035 912 2086 serunt,
942 2035 1081 2071 Porcii
1102 2034 1292 2070 Latronis
1316 2033 1419 2070 clari
1445 2035 1546 2070 inter
1571 2035 1784 2084 magistros

252 2102 412 2139 dicendi
433 2102 694 2139 adsectatores
715 2103 1016 2139 similitudinem
1044 2101 1184 2139 coloris
1212 2101 1354 2138 studiis
1377 2103 1575 2140 contracti
1597 2102 1783 2140 imitatos.

251 2170 348 2211 Ibid.
380 2170 446 2212 15.
476 2184 507 2210 s.
533 2171 600 2212 58.
630 2171 846 2212 Dioscorid.
875 2171 917 2220 3,
948 2171 1013 2211 68.
1043 2171 1216 2222 κύμινον
1244 2169 1375 2221 τρέπει
1403 2167 1447 2209 δὲ
1474 2168 1542 2209 καὶ
1565 2171 1694 2222 χρῶτα
1717 2167 1783 2209 ἐπὶ

251 2235 295 2278 τὸ
327 2234 566 2292 ὠχρότερον,
606 2235 818 2292 πινόμενόν
848 2253 890 2279 τε
927 2237 996 2278 καὶ
1033 2234 1335 2291 συγκριόμενον.
1382 2237 1488 2276 Pers.
1520 2237 1560 2287 5,
1587 2236 1655 2277 55.
1685 2235 1783 2287 pal-

365 2411 402 2457 *)
426 2413 493 2448 Th.
525 2414 647 2459 Bergk
675 2413 721 2447 de
745 2412 927 2459 Cornificio
955 2417 1062 2458 poeta
1092 2410 1351 2446 accuratissime
1378 2409 1578 2456 disputavit.
1602 2409 1639 2444 in
1662 2409 1784 2444 Indice

252 2471 405 2506 scholar.
427 2469 554 2505 aestiv.
586 2470 770 2514 Mai-burg.
794 2468 898 2505 1843.
917 2466 952 2503 4.
975 2481 1012 2514 p.
1031 2470 1050 2503 I
1067 2488 1122 2494 —-
1142 2467 1208 2503 lX.
1249 2467 1385 2508 Quodsi
1408 2467 1535 2502 Orellio
1553 2478 1671 2512 regem
1688 2467 1784 2501 illum

252 2527 542 2562 litteratissimum
570 2533 677 2573 atque
696 2526 902 2561 ditissimum
924 2537 998 2560 cum
1029 2525 1208 2560 Graeculo
1232 2525 1427 2570 Timagene
1447 2534 1595 2570 unquam
1612 2524 1647 2558 in
1667 2523 1785 2558 decla-

252 2586 377 2618 mando
405 2583 631 2618 contendisse
660 2595 827 2630 perquam
853 2583 1086 2629 improbabile
1110 2587 1165 2616 est
1193 2581 1274 2616 coll.
1299 2581 1469 2615 Viscomio
1495 2581 1531 2614 in
1558 2582 1785 2628 Iconogrtfia

252 2653 385 2685 graeca
405 2642 472 2676 111.
495 2653 531 2686 p.
551 2641 654 2684 388.‚
675 2653 741 2685 ego
767 2641 906 2686 quidem
926 2652 994 2674 non
1014 2640 1112 2685 prius
1137 2650 1211 2672 meo
1236 2644 1316 2672 utar
1334 2637 1488 2683 judicio,
1511 2649 1611 2684 quam
1634 2637 1696 2672 Vir
1721 2637 1782 2671 ille

252 2695 474 2731 doctissimus
494 2698 538 2731 de
560 2698 627 2731 hoc
647 2698 864 2742 accuratius,
885 2697 921 2732 id
945 2698 1038 2742 quod
1060 2709 1093 2742 p.
1109 2696 1172 2730 lx.
1193 2695 1397 2740 pollicetur,
1418 2706 1480 2729 suo
1502 2701 1660 2740 tempore
1683 2693 1782 2728 dixe-

253 2751 312 2785 rit.
351 2754 537 2788 Assensum
553 2754 635 2788 tulit
654 2755 777 2790 Jahnii
796 2755 831 2788 in
855 2753 1030 2798 ,‚NJbb.“
1055 2752 1158 2788 1846.
1180 2752 1310 2788 XLVI.
1330 2749 1365 2786 4.
1386 2765 1424 2798 p.
1440 2749 1522 2788 477.

345 2808 401 2853 **)
428 2811 479 2844 De
501 2811 655 2845 dictione
683 2812 712 2845 si
735 2824 839 2855 casu,
857 2811 890 2845 .i.
913 2823 945 2844 e.
966 2811 1025 2844 vel
1049 2810 1168 2843 morbo
1196 2809 1253 2843 vel
1273 2809 1410 2853 studio,
1436 2819 1525 2854 quae
1553 2806 1645 2852 apud
1669 2803 1775 2838 Ovid.

254 2864 367 2899 Trist.
390 2866 425 2906 3,
447 2869 481 2910 1,
502 2868 558 2901 17.
580 2868 615 2911 3,
638 2871 670 2906 1,
692 2879 756 2913 pro
775 2869 806 2902 si
821 2872 922 2913 forte
939 2867 1009 2902 dici
1028 2868 1189 2911 videtur,
1212 2867 1286 2900 vid.
1307 2866 1356 2903 ib.
1382 2866 1501 2899 Loers.
1520 2869 1558 2897 et
1575 2861 1717 2896 Becker.
1740 2860 1777 2894 in

253 2920 357 2965 Eleg.
378 2922 522 2961 Roman,
544 2935 580 2968 p.
601 2920 684 2965 49.;
704 2930 803 2958 recte
824 2925 859 2958 J.
881 2925 1034 2959 Merkel.-
1053 2924 1223 2967 „Machte
1242 2922 1329 2957 mich
1353 2921 1468 2956 Zufau
1489 2919 1624 2954 blass.“
