1910 3138
479 907 1238 982 HORATII

246 1090 570 1146 ‚LIBRI
624 1092 662 1136 1.

754 1089 1232 1139 EPISTOLA
1294 1090 1405 1135 XX.

554 1300 556 1303 .
591 1251 661 1286 An
691 1249 917 1285 mmmm
946 1248 1120 1284 SUUM.

174 1527 490 1598 Vertumnum
521 1551 786 1611 Janumque‚
819 1551 948 1611 liber,
983 1554 1180 1611 spectare
1217 1550 1390 1607 videris,

173 1629 351 1676 Scilicet
377 1634 425 1674 ut
452 1634 619 1690 prostes
652 1629 875 1676 Sosiorum
908 1627 1074 1690 pumice
1108 1628 1305 1674 mundus.

173 1708 312 1755 odisti
346 1709 478 1754 clavis
512 1713 556 1753 et
581 1712 710 1770 grata
737 1710 881 1769 sigilla
904 1709 1073 1768 pudico,

173 1789 329 1834 Paucis
354 1788 518 1833 ostendi
544 1790 682 1849 gemis
712 1790 755 1832 et
783 1789 1019 1832 communia
1042 1786 1213 1846 laudas,

174 1869 275 1914 Non
294 1870 360 1917 ita
387 1870 583 1913 nutritus.
633 1868 788 1928 Fuge,
819 1880 900 1926 quo
931 1865 1191 1911 descendere
1214 1867 1370 1926 gestis,
1589 1864 1616 1906 5

163 2014 219 2048 Aa
246 2013 323 2050 libr.
348 2024 450 2048 suun
467 2013 646 2058 [loquitur.
665 2014 764 2059 Lips.
780 2013 839 2058 3.].

108 2081 172 2105 ns.
190 2070 289 2116 [ἀρε.
315 2071 349 2106 2.
376 2068 422 2103 al.
454 2070 548 2104 Edd.
574 2070 652 2105 Ald.
676 2069 757 2106 501.
785 2070 839 2104 19.

107 2127 205 2161 Junt.
223 2123 302 2161 514.
324 2126 378 2160 19.
411 2127 466 2160 Aa
482 2126 617 2162 lu'bmm.
644 2127 714 2161 Ms.
741 2126 838 2160 Mon.

110 2182 135 2221 1.
156 2184 202 2218 al.
231 2182 324 2217 Edd.
352 2181 449 2217 Flor.
467 2179 547 2219 482.
571 2184 661 2217 Ven.
680 2181 762 2218 483.
781 2184 837 2218 86.

107 2239 167 2275 92.
181 2236 371 2285 Lips.492.
383 2239 440 2275 98.
456 2236 654 2275 Loch.498.
672 2241 738 2283 Qu.
753 2240 839 2272 Hor.

111 2296 169 2330 Fl.
188 2296 273 2330 ln'bro
291 2306 355 2330 σιω
375 2307 404 2329 ο.
442 2294 533 2330 Edd.
555 2296 644 2334 Ven.
672 2294 752 2330 477.
780 2295 838 2329 79.

109 2352 168 2386 81.
188 2371 235 2378 -
259 2351 304 2385 V.
325 2353 360 2389 1.
384 2351 609 2386 Ver-tunnam.
639 2352 709 2386 Ms.
729 2351 839 2385 Pulm.

109 2408 147 2442 7.
166 2407 259 2441 Edd.
276 2411 366 2446 vett,
383 2407 463 2442 Ald.
482 2406 563 2445 501.
583 2409 670 2451 (non
690 2408 758 2451 19.,
780 2419 840 2440 ne-

112 2473 180 2509 que
198 2464 293 2498 Junt.
310 2461 389 2498 514.
408 2464 484 2508 19.)
504 2464 626 2499 Lamb.
646 2464 733 2498 Min.
755 2463 839 2496 Per-

110 2525 271 2554 tunmam.
299 2518 366 2553 Ed.
387 2520 469 2555 Zur.
493 2520 730 2555 Vertumnum.
750 2518 839 2553 cod.

110 2575 259 2610 Mentel.
278 2575 346 2610 Ed.
362 2575 535 2622 Cuningh.
549 2596 604 2602 —
618 2582 750 2611 sectare
768 2574 838 2608 Ma.

110 2630 177 2666 Fe.
198 2630 232 2675 5,
251 2632 277 2666 f.
301 2637 458 2677 spectare
479 2633 615 2668 vetaris.
645 2632 714 2665 Ed.
736 2631 842 2664 Prae·-

111 2687 181 2722 dic.
197 2706 251 2713 —
265 2688 309 2721 V.
329 2689 363 2724 2.
378 2688 558 2725 nodorum.
577 2688 673 2722 Mon.
697 2687 723 2721 f.
741 2705 794 2711 —
806 2685 843 2719 ἰπ

110 2743 256 2790 pumice.
272 2744 344 2779 Ms.
356 2745 458 2779 Gott.
475 2746 508 2780 1.
523 2749 561 2779 et
579 2748 734 2778 notatum
748 2744 842 2776 teste

112 2800 187 2835 Fen
213 2812 258 2834 ex
285 2811 347 2834 ms.
374 2799 409 2834 in
441 2812 504 2836 ora
529 2800 584 2835 ed.
608 2799 685 2833 Ald.
700 2797 780 2832 509.
807 2797 843 2830 in

111 2857 206 2891 Bibl.
232 2857 336 2893 narb.
362 2857 486 2903 punice
510 2868 556 2893 τι.
586 2856 655 2889 Gu-
678 2855 711 2890 2.
732 2853 767 2888 3.
795 2872 839 2878 -

881 2025 977 2059 pum.
993 2013 1119 2051 nudus.
1143 2012 1234 2046 Mss.
1248 2011 1314 2047 Fe.
1332 2012 1363 2053 1,
1380 2021 1412 2043 a.
1429 2012 1463 2052 2,
1481 2007 1516 2042 d.
1537 2007 1615 2042 eod.

883 2069 1030 2103 Mentel.
1050 2074 1087 2103 et
1108 2069 1192 2113 aliq.
1211 2067 1360 2101 Pal-isin.
1378 2077 1437 2110 ap.
1453 2064 1615 2098 Hauthal.

884 2125 927 2160 ad
946 2126 1046 2160 Pers.
1070 2127 1101 2164 1.
1121 2137 1158 2170 p.
1172 2126 1204 2159 8.
1226 2122 1344 2168 (Lips.
1366 2121 1503 2164 1833.)
1522 2132 1616 2166 pum.

881 2193 1003 2227 purus.
1032 2181 1102 2215 Ms.
1118 2181 1184 2214 Fe.
1207 2182 1239 2222 1,
1259 2179 1294 2213 d.
1317 2197 1365 2202 —
1395 2177 1438 2213 V.
1452 2177 1486 2211 3.
1512 2176 1617 2222 pudi-

883 2237 941 2272 cis.
967 2237 1056 2272 Mss.
1079 2237 1144 2270 Fe.
1166 2238 1202 2279 1‚¹
1218 2235 1252 2268 d.
1274 2237 1307 2277 2,
1331 2233 1356 2266 i.

938 2293 984 2327 V.
1009 2290 1044 2327 4.
1075 2292 1186 2338 gemis
1212 2291 1338 2324 emisso
1359 2294 1394 2324 et
1421 2288 1489 2322 Ms.
1516 2288 1615 2323 Mon.

883 2360 918 2393 g.
931 2368 987 2373 —
1001 2349 1134 2382 laudes.
1161 2347 1228 2382 Ms.
1251 2347 1303 2380 Ik.
1320 2347 1351 2380 1.
1370 2364 1427 2371 -—
1447 2345 1486 2382 V.
1502 2343 1535 2379 5.
1556 2346 1616 2379 de-

882 2405 1054 2439 scendere.
1070 2403 1155 2438 Mss.
1169 2408 1206 2436 et
1216 2402 1361 2437 aliorum
1371 2406 1408 2435 et
1417 2400 1529 2435 nostri
1538 2401 1617 2436 fere

882 2471 1010 2495 omnes.
1019 2458 1110 2493 Edd.
1119 2456 1295 2493 Ven.477.
1305 2459 1361 2493 78.
1374 2459 1480 2500 (teste
1489 2457 1617 2500 Banu.)

882 2517 938 2552 79.
950 2517 1008 2551 81.
1023 2514 1182 2549 Britann.
1194 2514 1273 2551 520.
1287 2515 1391 2551 Baxt.
1406 2513 1527 2550 Bentl.
1539 2509 1618 2563 (qui

884 2572 989 2616 defi),
1009 2582 1108 2616 quem
1126 2575 1318 2616 sequuntur
1337 2571 1514 2616 plerique3
1542 2570 1614 2605 def.

885 2630 972 2670 Fen,
987 2628 1032 2661 al.
1044 2628 1253 2663 discendere.
1264 2627 1332 2665 Ed,
1344 2627 1425 2661 Zar-
1435 2638 1493 2673 ap.
1506 2628 1614 2662 Gesn.

885 2684 1066 2720 discedere.
1080 2683 1168 2717 Mss.
1183 2683 1319 2729 plurim.
1333 2695 1391 2729 ap.
1406 2683 1528 2718 Lamb.
1544 2684 1614 2723 Alt.

887 2751 943 2784 ap.
963 2740 1110 2773 Haberf.
1130 2740 1196 2774 Fe.
1216 2743 1250 2783 2,
1271 2751 1308 2785 g.
1329 2740 1490 2775 Rudolst.
1518 2744 1556 2774 et
1575 2747 1616 2774 ut

885 2796 959 2829 vid.
980 2795 1122 2835 Corbei,
1154 2796 1245 2830 Edd.
1270 2807 1356 2842 quas
1381 2797 1501 2832 laudat
1530 2797 1615 2841 Fen,

887 2852 991 2887 etiam
1010 2852 1108 2899 Lips.
1130 2849 1209 2889 492.
1230 2854 1289 2889 98.
1309 2853 1388 2890 502.
1408 2853 1517 2888 Lech.
1534 2851 1615 2889 498.
