1910 3138
261 143 344 187 200
400 144 682 185 COMMENT.
700 145 757 184 IN
776 144 903 184 HOR.
922 143 1021 184 LIB.
1036 145 1067 187 l.
1082 142 1259 204 ΓΕΡῙΞΤ.
1274 145 1471 192 QUART.
1491 142 1669 184 Dsscm.
1713 140 1782 189 *¹¹10

261 271 410 323 [quibus
434 270 691 310 assentiuntur
718 268 1009 316 Britannicus,
1042 269 1294 315 Lambinus,
1328 269 1553 321 Cruquius,
1579 269 1658 318 alii]
1686 282 1782 321 „se-

258 339 446 377 natores“
476 338 627 386 dicunt,
656 336 945 390 Dillenburger
977 350 1048 390 pro
1074 337 1338 376 decurionibus
1361 337 1494 388 habet,
1518 351 1677 389 quorum
1698 339 1782 390 agri

259 406 313 444 illi
341 410 428 443 ante
452 409 637 456 perpetua
667 403 768 443 bella
807 405 929 444 civilia
957 407 1250 458 frequentesque
1287 418 1462 456 agrorum
1498 401 1783 446 distributiones

260 475 410 512 fuerint.
463 471 519 509 Ac
546 485 595 510 ne
626 473 792 523 quinque
822 473 1064 513 decurionum
1090 473 1338 512 Varianorum
1363 474 1402 512 in
1426 477 1505 512 tam
1533 475 1669 525 exiguo
1693 480 1784 527 spa'-

259 541 314 579 tio
355 540 646 579 constitutorum
687 541 986 591 multitudinem,
1029 553 1104 592 qua
1141 540 1188 579 V.
1228 541 1268 580 d.
1306 541 1452 592 praedii
1488 542 1784 592 magnitudinem

257 608 520 646 illustrandam
547 609 665 647 fuisse
695 611 890 661 opinatur,
918 608 964 646 iis
985 620 1082 659 quae
1106 608 1155 646 de
1174 609 1414 647 decurionum
1437 609 1584 648 ratione
1601 609 1784 662 (interpp.

258 677 305 715 ad
345 676 504 715 Sueten.
544 676 642 727 Aug.
673 675 741 717 46.
785 676 963 715 Creuzeri
993 675 1165 726 „Abriss
1194 676 1263 714 der
1289 677 1400 717 Rom.
1429 677 1597 728 Antiq.“
1625 681 1656 729 §.
1686 678 1782 722 209.

256 759 295 796 p.
324 743 427 796 318)
456 745 568 783 nobis
597 748 689 783 nota
717 750 826 795 sunt,
854 757 1012 796 prorsus
1041 744 1234 782 adversari
1265 744 1405 795 dicam,
1441 745 1520 784 tale
1544 747 1636 797 quid
1663 746 1786 786 Poeta

256 813 430 851 modesta
455 813 647 863 focorum
681 827 775 852 voce
812 825 945 852 cavere
982 812 1147 850 voluisse
1181 812 1342 853 videtur.
1406 811 1602 853 Sententia
1635 816 1783 868 potius:

256 881 484 932 „praedium
512 894 633 920 meum
658 887 816 934 propter
839 881 1056 921 deliciarum
1081 880 1278 932 penuriam
1306 892 1330 917 a
1355 882 1395 918 te
1421 879 1633 922 fastiditum
1654 884 1785 922 usibus

258 949 347 987 olim
383 949 550 1001 quinque
590 953 739 1000 patrum
780 949 939 988 familias
979 948 1135 998 antiqua
1171 948 1311 986 virtute
1355 948 1557 999 insignium
1594 949 1785 990 suffecit.“

256 1017 378 1055 Recte
415 1016 667 1054 Torrentius:
706 1046 733 1069 ,,
746 1030 791 1056 ea
820 1017 964 1056 scilicet
993 1020 1241 1069 tempestate,
1280 1028 1356 1066 qua
1380 1015 1471 1055 bina
1497 1021 1564 1056 aut
1588 1021 1699 1057 terna
1725 1019 1785 1058 fa·—

255 1083 366 1122 miliis
387 1084 522 1134 jugera
548 1087 712 1137 propriis
738 1087 837 1124 culta
861 1085 1033 1123 manibus
1054 1083 1313 1133 sufficiebant,
1344 1087 1386 1122 ut
1403 1083 1628 1136 pulcerrime
1651 1086 1786 1125 Juven.

259 1150 334 1202 14,
370 1150 451 1192 179
471 1153 676 1195 -182.“
719 1154 831 1191 Boni
857 1153 970 1204 igitur
1001 1159 1138 1202 patres
1173 1153 1303 1190 eadem
1342 1152 1423 1190 sere
1462 1155 1676 1204 sententia,
1712 1167 1788 1206 qua

251 1220 380 1272 forte-s
407 1218 539 1256 colom·
566 1221 648 1259 Sat.
681 1223 730 1272 2,
761 1223 812 1272 2,
846 1220 956 1272 115.,
985 1220 1064 1258 viri
1091 1219 1186 1257 bom·
1206 1220 1332 1270 Epist.
1362 1222 1410 1269 1,
1435 1221 1482 1270 9,
1514 1221 1580 1262 13.
1610 1226 1650 1259 et
1672 1224 1787 1274 agr-12-

259 1287 368 1325 colae
392 1288 519 1337 prisci
526 1316 541 1333 ‚
565 1288 697 1339 sortes
721 1303 927 1344 parvoque
956 1287 1061 1326 beati
1093 1290 1142 1338 2,
1171 1289 1216 1337 1,
1248 1286 1343 1329 139.
1380 1287 1566 1327 dicuntur.
1595 1289 1707 1328 Conf.
1738 1290 1785 1331 C.

257 1356 415 1394 Passov.
453 1356 507 1394 N.
541 1358 635 1398 219.
672 1357 845 1397 Hoched.
876 1358 926 1396 ad
954 1356 1000 1395 A.
1030 1357 1076 1397 P.
1103 1355 1201 1398 359.
1232 1360 1272 1395 et
1297 1355 1511 1413 Heumann.
1539 1356 1588 1394 ad
1618 1358 1693 1408 16,
1717 1355 1787 1399 40.

256 1422 446 1460 laudatus.
494 1423 736 1476 Quapropter
761 1427 806 1465 iis
835 1440 911 1465 non
941 1426 1155 1475 assentior,
1185 1425 1250 1475 qui
1278 1423 1398 1462 bonos
1421 1423 1506 1462 illos
1533 1424 1592 1463 vel
1618 1425 1789 1476 splendi-

258 1492 354 1541 dos,
386 1491 522 1529 divites
552 1492 734 1542 (Schmid.
764 1495 814 1532 ad
842 1495 880 1534 h.
910 1495 936 1533 l.
963 1495 1123 1545 Rupert.
1153 1493 1203 1530 ad
1230 1492 1313 1530 Juv.
1343 1492 1383 1539 5,
1414 1491 1508 1533 109-
1535 1492 1708 1532 Hildebr.
1737 1494 1789 1533 ad

256 1559 369 1611 Apul.
399 1559 491 1598 Met.
518 1561 558 1610 2,
584 1561 652 1610 11,
676 1575 715 1613 p.
743 1562 856 1615 101.)
884 1563 945 1602 vel
969 1563 1154 1614 ingenuos
1183 1561 1248 1612 (C.
1269 1559 1428 1599 Passov.
1454 1560 1508 1599 N.
1534 1560 1649 1613 229.)
1675 1560 1788 1600 intel-

257 1627 323 1677 ligi
352 1627 508 1665 malunt.
550 1628 669 1666 Recte
706 1629 910 1680 Diintzer:
949 1660 977 1685 9,
990 1645 1030 1670 es
1059 1643 1183 1668 waren
1220 1633 1311 1680 gute
1339 1627 1452 1679 Alte,
1492 1629 1554 1667 die
1582 1631 1623 1667 in
1658 1629 1787 1680 Varia,

259 1694 382 1733 wohin
408 1696 476 1732 der
505 1695 579 1733 Ort
609 1697 791 1748 gehb'rte,
821 1701 965 1750 ziinffig
994 1699 1169 1737 waren.“
1210 1698 1298 1736 Illae
1322 1697 1437 1748 igitur
1465 1696 1627 1736 familiae
1649 1705 1788 1748 patres

260 1776 374 1812 suos,
403 1762 427 1800 i.
457 1775 490 1800 e.
520 1763 739 1802 familiarum
760 1768 902 1817 capita,
932 1768 981 1804 ad
1010 1766 1212 1804 sollemnes
1241 1766 1289 1804 de
1311 1778 1354 1803 re
1384 1765 1568 1803 communi
1595 1765 1812 1804 consulta-.

258 1830 383 1867 tiones
412 1829 562 1867 Variam
591 1833 779 1871 dimittere
805 1834 938 1872 solitae
968 1839 1075 1880 sunt3
1113 1847 1200 1871 nam
1231 1834 1272 1871 in
1300 1832 1420 1871 altera
1454 1833 1790 1883 interpretatione:

259 1898 346 1949 „ad
382 1898 568 1935 nundinas
603 1899 797 1938 obeundas
831 1901 1051 1952 fructusque
1087 1901 1435 1951 venumdandos,“
1467 1900 1622 1939 verbum
1651 1908 1790 1952 patres

258 1978 380 2018 paene
403 1967 566 2004 otiosum
595 1972 665 2005 est.
705 1968 778 2005 Alii
805 1969 914 2006 aliter
928 1967 984 2020 *).
1001 1990 1057 1996 —
1075 1967 1132 2005 Ad
1159 1981 1194 2006 v.
1226 1969 1394 2006 Variam
1416 1969 1629 2021 „oppidum
1652 1970 1692 2007 in
1713 1970 1787 2008 Sa—

373 2102 411 2150 *)
432 2106 614 2140 bandinus
634 2117 701 2152 per
720 2107 827 2140 bonos
848 2105 907 2139 vel
927 2104 1103 2150 primores
1116 2130 1126 2147 ,
1154 2104 1214 2138 vel
1232 2105 1293 2150 qui
1311 2105 1398 2140 boni
1424 2117 1504 2140 esse
1530 2105 1687 2141 debeant
1704 2105 1731 2140 i.
1751 2118 1786 2141 e.

261 2162 418 2198 homines
433 2163 647 2207 honoribus,
668 2163 936 2207 magistratibus
952 2162 1080 2206 dignos
1090 2187 1099 2204 ‚
1122 2166 1306 2195 senatores
1321 2162 1519 2206 significari
1532 2166 1650 2207 putat.
1681 2162 1789 2204 Quod

261 2219 464 2266 Porphyrio
484 2220 632 2254 Barium
658 2220 798 2264 „locum
815 2219 852 2253 in
880 2218 1025 2253 Sabinis
1045 2216 1310 2253 celeberrimum
1329 2220 1443 2263 agro“
1473 2218 1583 2264 dicit,
1606 2219 1788 2255 Ascemius

262 2277 354 2320 vult,
373 2277 536 2311 dimissos
551 2289 631 2312 esse
650 2276 804 2322 quinque
821 2276 901 2310 illos
922 2277 966 2311 ab
981 2275 1043 2308 illo
1063 2274 1178 2318 agello
1195 2274 1249 2308 ire
1264 2275 1420 2310 Romam.
1456 2274 1564 2312 Baria
1579 2280 1701 2315 autem*
1709 2275 1734 2310 i.
1752 2287 1786 2312 e.

263 2345 362 2379 „per
394 2335 555 2378 Bariam,
590 2346 661 2369 non
694 2334 956 2372 alliciebantur*
973 2332 1184 2366 celebritate
1214 2331 1309 2366 illius
1343 2331 1433 2375 loci,
1471 2332 1632 2366 contenti
1663 2332 1781 2379 agello

262 2391 366 2424 meo“
381 2395 451 2425 etc.
471 2381 676 2425 Ablatiirum
695 2390 864 2435 Cruquius
886 2401 1026 2435 quoque
1040 2389 1184 2434 probat,
1206 2387 1334 2434 „quasi
1353 2400 1442 2434 ager
1458 2389 1520 2422 ille
1539 2388 1684 2424 Romam
1700 2389 1782 2428 mit-

263 2451 342 2482 tere
362 2448 495 2482 soleret
515 2449 710 2482 Senatores
731 2448 907 2482 Romanos
926 2458 991 2492 per
1009 2445 1169 2480 viatores
1189 2444 1400 2489 arcessitos,
1430 2445 1461 2480 si
1481 2446 1620 2491 quando
1641 2459 1662 2481 e
1680 2457 1788 2493 repu-

263 2504 358 2537 blica
378 2506 463 2550 quid
483 2505 704 2539 statuendum
723 2510 842 2549 esset,
865 2503 960 2539 laud.
979 2504 1084 2537 Pers.
1105 2504 1144 2547 1,
1163 2499 1222 2538 74.
1243 2501 1301 2537 75.
1312 2503 1336 2520 “
1375 2502 1560 2537 Marcilias
1576 2509 1698 2548 patres
1719 2513 1786 2549 pro

264 2561 379 2594 servis
408 2561 503 2608 frugi
529 2561 655 2607 habet,
693 2573 780 2608 quos
811 2561 952 2596 villicus
981 2559 1122 2597 Barium
1153 2559 1198 2593 ad
1230 2560 1364 2594 fructus
1390 2559 1598 2593 vendendos
1625 2559 1786 2601 emittam

266 2618 452 2653 Clzabotias
473 2631 538 2663 pro
559 2619 712 2664 quinque
732 2616 963 2653 sanctissimis
987 2615 1276 2666 gravissimisque
1297 2616 1404 2660 viris,
1434 2616 1494 2662 qui
1512 2616 1595 2650 inde
1612 2614 1788 2661 prodeant

265 2673 323 2705 vel
345 2674 387 2707 ad
407 2676 670 2710 consultandum
687 2676 730 2710 de
756 2675 942 2721 republica
967 2673 1177 2709 Sabinorum
1206 2674 1266 2708 vel
1288 2673 1334 2707 ad
1353 2673 1594 2718 magistratum
1621 2671 1696 2705 illic
1722 2683 1788 2716 ge-

264 2729 428 2773 rendum3
452 2733 626 2766 Gesnerus
645 2745 712 2778 pro
735 2732 968 2778 municipibus
987 2735 1047 2766 aut
1066 2729 1202 2764 colonis
1221 2730 1372 2775 Variae,
1392 2729 1606 2774 singularum
1623 2728 1785 2762 villarum

266 2784 415 2820 dominis
429 2813 438 2829 ,
472 2788 601 2822 Variae
635 2789 850 2824 contributis
887 2788 965 2823 sive
997 2787 1201 2833 adscriptis.
1259 2787 1308 2822 Ei
1341 2786 1536 2822 assentitur
1571 2783 1786 2820 Weichertm

267 2840 321 2885 (p.
343 2842 432 2885 81.).
470 2844 605 2879 Contra
626 2847 845 2892 Rappoltus,
861 2844 1056 2891 ,praeteriti
1086 2844 1226 2891 quidem
1244 2843 1414 2890 temporis
1443 2852 1518 2876 cum
1538 2839 1692 2886 Cruquio
1713 2851 1784 2875 non

1904 249 1910 256 .
1886 0 1910 142 ...m-affl
