1910 3138
279 234 362 277 312
419 233 700 276 COMMENT.
718 231 776 273 IN
792 232 919 272 HOR.
939 232 1040 272 [ΑΒ.
1061 234 1092 273 1.
1111 234 1279 278 EPls'r.
1299 235 1449 276 SEXT.
1466 234 1648 276 onom.
1710 235 1790 280 152

281 365 441 413 nummi,
478 363 518 400 in
545 359 705 411 quibus,
743 362 788 398 ut
822 358 917 399 alios
946 365 1113 411 taceam,
1155 360 1350 412 Augustus
1385 362 1522 413 „salus
1551 361 1704 414 generis
1730 360 1803 400 lm·

281 432 409 470 mani“
437 429 677 477 nominatur,
706 428 783 465 vid.
809 427 949 468 Rasch.
973 427 1103 468 Lexic.
1131 428 1196 468 IV.
1222 431 1261 470 1.
1287 443 1328 480 p.
1356 431 1508 472 1662:
1524 431 1612 470 flue
1638 429 1817 483 pertinet-

280 500 426 550 ipsum,
467 497 571 548 quod
604 497 643 536 d.
673 496 776 538 XVI.
807 497 896 539 Kal.
925 497 1042 536 Febr.
1061 514 1120 532 =
1143 498 1182 535 d.
1214 499 1280 538 16.
1303 509 1354 536 m.
1382 490 1662 540 sanun-5527.
1689 511 1730 536 u.
1766 504 1822 536 e..

280 566 385 616 tulit,
427 578 639 616 cognomen
666 564 877 616 Augusti,
913 566 938 604 i.
973 578 1008 604 e.
1041 565 1199 615 augurio
1230 567 1439 604 consecrati
1466 578 1591 618 eoque
1603 565 1736 621 -sancti
1763 569 1806 604 et

278 633 526 683 venerabilis,
561 633 611 671 de
641 646 716 684 qua
745 647 788 671 re
817 634 918 673 conf.
941 634 1216 684 quos'laudant
1242 634 1368 673 Bentl.
1397 635 1447 672 ad
1475 634 1552 673 od.
1579 631 1716 684 4’,’4,Ἰ
1735 632 1803 674 26.

279 702 415 741 Creuz.
452 705 491 740 et
523 701 664 740 Roeth.
694 701 743 739 ad
771 697 966 752 Jo.‘Lyd.
1003 702 1052 740 de
1083 701 1211 740 Mens.
1245 698 1294 752 4,
1323 704 1391 745 72.
1426 703 1592 755 p.·272.
1626 699 1801 740 Fui-dn.

277 771 327 808 ad
356 770 512 821 Fragm·
546 768 632 808 Liv.
665 770 769 818 136,
802 770 895 811 103.
929 768 1032 807 Duk.
1061 770 1110 806 ad
1138 769 1242 808 Flor.
1269 769 1318 821 4,
1351 772 1429 821 12,
1459 773 1526 812 66.
1553 768 1720 808 501111116-
1740 768 1803 807 ‘ld

277 838 402 890 Epist.
435 840 487 887 2,
520 839 568 888 1,
594 839 661 879 16.
692 837 937 888 Osenbriigg.
965 837 1014 874 ad
1043 837 1122 875 Cic.
1155 850 1215 888 pr.
1245 837 1324 878 Mil.
1355 840 1431 888 16,
1458 837 1526 880 43.
1565 841 1604 876 et
1629 837 1678 876 de
1704 841 1821 876 tem·

276 919 373 958 pore
414 906 561 958 accepti
607 906 841 958 cognominis
880 904 956 943 Dio
1000 903 1107 943 Cass·
1149 904 1227 955 53,
1268 909 1335 948 16.
1377 907 1487 946 Fast.
1522 907 1631 946 Verr.
1666 920 1706 959 p.
1738 906 1806 948 13.

277 974 410 1025 (Wolf.
439 975 557 1013 Suet.'
577 974 642 1013 IV.
681 988 720 1026 p.
749 974 834 1016 322
866 975 905 1011 et
933 972 1050 1024 833.)
1079 973 1165 1012 coll.
1194 973 1362 1012 Monum-
1390 975 1531 1026 Aucyr.
1557 975 1638 1015 tab.
1664 975 1708 1026 8,
1740 975 1804 1016 16.

278 1042 414 1094 (Wolf.
446 1043 554 1081 Suet.
595 1043 642 1081 11.
678 1056 718 1094 p.
753 1039 870 1093 377.)
900 1040 1056 1080 Eekhel.
1087 1042 1148 1080 VI.
1177 1056 1217 1093 p.
1247 1043 1315 1083 83.
1368 1043 1554 1083 Nummos
1580 1043 1804 1095 cognomine

278 1111 459 1164 Augusti
485 1111 546 1150 vel
583 1114 702 1151 Καισ.
733 1107 942 1162 Σεβάστου
978 1111 1150 1161 signatos
1184 1115 1358 1149 recenset
1385 1111 1586 1151 mach-..L
1619 1125 1660 1163 p.
1691 1111 1801 1153 1322

279 1194 364 1232 sqq.
394 1183 435 1218 et
462 1179 492 1219 1.
527 1181 566 1221 2.
596 1193 636 1231 p.
668 1179 746 1220 191
777 1191 865 1228 sqq.
893 1177 1027 1229 Suppl.
1061 1179 1089 1216 1.
1115 1193 1155 1230 p.
1186 1179 1293 1219 1211
1324 1191 1409 1229 sqq.
1455 1180 1679 1231 Quanquam
1701 1180 1806 1219 Cae—

279 1261 343 1287 sar
383 1249 615 1287 Octavianus
659 1247 760 1299 apud
807 1246 1011 1296 scriptores
1055 1246 1274 1296 simpliciter
1322 1247 1468 1285 Caesar
1510 1260 1626 1299 saepe
1661 1248 1806 1286 ‘dicitur

279 1316 424 1367 (Sehm.
453 1318 503 1355 ad
533 1319 572 1367 2,
604 1319 644 1367 1,
667 1314 743 1367 4.),
771 1327 961 1364 nunquam
987 1317 1128 1363 tamen,
1159 1315 1259 1365 quod
1283 1315 1413 1366 sciam,
1441 1316 1481 1354 in
1502 1316 1705 1368 lapidibus,
1722 1317 1805 1355 ¹sed

285 1385 433 1423 Caesar
465 1385 568 1423 Divi
595 1385 643 1424 F.
653 1412 670 1431 ,
708 1383 819 1421 Caes.
848 1382 950 1420 Diu.
985 1383 1033 1420 F.
1066 1382 1283 1434 Augustus
1309 1382 1370 1420 vel
1403 1384 1551 1422 Caesar
1581 1383 1803 1436 Augzmue.

280 1453 394 1491 Cons.
425 1466 521 1503 quos
549 1454 663 1492 affert
691 1451 929 1490 Mazochius
955 1452 995 1489 in
1022 1451 1152 1493 Polen.
1187 1451 1304 1489 Thes.
1333 1451 1379 1490 V.
1411 1465 1450 1503 p.
1480 1452 1578 1493 563.
1628 1451 1689 1491 De
1719 1452 1802 1491 110-

279 1521 365 1559 ratii
394 1522 551 1560 consilio
580 1522 619 1559 iu
646 1521 704 1558 his
734 1519 907 1559 versibus
935 1523 1015 1557 tres
1044 1531 1121 1557 una
1143 1519 1319 1558 laudandi
1345 1532 1391 1558 ac
1419 1520 1468 1559 de
1492 1531 1569 1559 una
1589 1519 1806 1571 fidelia,ut

279 1590 407 1640 ajunt,
437 1591 533 1628 duos
562 1590 727 1641 parietes
758 1588 957 1627 dealbandi
987 1588 1159 1626 dixerunt
1187 1588 1382 1640 Doering.
1412 1593 1451 1627 et
1484 1588 1684 1636 Oramus,
1719 1589 1812 1675 qui«

280 1656 350 1694 bus
380 1671 425 1696 ex
450 1662 558 1709 parte
582 1662 730 1697 tantum
758 1658 963 1696 assentitur
990 1655 1185 1695 Du'ntzer.
1672 1671 1687 1679 ν

391 1726 439 1764 V.
468 1727 523 1769 32
539 1749 598 1755 —
614 1727 683 1767 35.
721 1726 877 1777 Nempe
912 1724 986 1763 Vir
1018 1723 1145 1762 bonus
1171 1746 1228 1754 —
1260 1725 1458 1777 ivisti-sque
1485 1724 1658 1763 recedo.
1654 1686 1811 1763 ‘Verbh

280 1797 369 1831 sunt
396 1806 433 1831 v.
462 1795 531 1836 32.
560 1807 637 1832 non
663 1795 825 1844 Quintii,
854 1798 895 1832 ut
923 1792 1028 1830 multi
1056 1793 1270 1843 opinantur,
1299 1794 1367 1831 sed
1387 1794 1534 1832 Horatii
1558 1793 1629 1832 hae
1652 1796 1823 1832 senten-f

279 1861 349 1898 tia:
379 1861 560 1910 „Quodsi
591 1866 650 1900 tu:
681 1863 809 1912 quidni
833 1862 980 1900 laudem
1005 1861 1106 1899 illam
1128 1862 1308 1913 recipiam
1336 1855 1454 1913 eaque
1474 1860 1808 1913 delecter‘l'equi-
1859 1864 1862 1866 ’
1907 1863 1910 1875 “

280 1929 367 1966 dem
396 1929 554 1966 eandem
590 1943 651 1968 me
686 1944 824 1981 cupere
851 1935 893 1969 'et
922 1942 1034 1979 quem
1063 1929 1173 1968 non‘.²
1213 1922 1384 1969 lubenter
1410 1931 1480 1968 tibi
1506 1929 1671 1980 largior,
1698 1933 1740 1967 at
1765 1930 1815 1968 in¹

279 1996 383 2047 vulgi
407 1996 546 2047 judicio
576 1998 893 2048 acquiescendum
919 2011 996 2035 non
1029 1999 1213 2036 censeo.“
1258 1999 1412 2050 [Cetera
1438 1999 1537 2037 infra
1566 2010 1604 2038 v.
1633 1997 1715 2049 39.]
1761 1997 1807 2036 In

279 2064 526 2103 multitudinis
552 2065 692 2115 judicio
721 2067 899 2104 standum
926 2078 1002 2102 non
1033 2078 1143 2115 esse,
1182 2066 1252 2103 sed
1285 2079 1355 2104 suo
1384 2067 1516 2116 cuique
1544 2068 1726 2105 utendum
1744 2067 1808 2116 ju-

281 2133 380 2171 dicio
394 2160 406 2182 ,
444 2136 649 2183 propterea
686 2134 790 2184 quod
827 2131 1027 2170 multitudo
1064 2134 1103 2171 in
1142 2138 1337 2184 utramque
1372 2138 1522 2185 partem
1559 2138 1598 2173 et
1627 2134 1741 2172 fallax
1768 2137 1808 2172 et

282 2199 475 2238 mutabilis
511 2201 584 2251 sit,
626 2213 821 2239 commune
861 2204 919 2239 est
953 2201 1265 2252 philosophorum
1299 2207 1556 2253 praeceptum.
1601 2201 1687 2239 Vid.
1726 2201 1808 2239 Cic.

282 2270 402 2307 Tuse.
434 2270 480 2319 2,
512 2270 589 2319 26,
619 2269 685 2309 63.
728 2269 777 2318 3,
809 2270 856 2318 2,
887 2267 927 2309 4.
969 2269 1010 2318 5,
1040 2270 1111 2319 36,
1144 2270 1236 2310 103.
1266 2270 1351 2307 coll.
1377 2270 1471 2308 Hor.
1501 2269 1576 2309 od.
1611 2271 1652 2319 2,
1680 2271 1720 2319 2,
1752 2268 1807 2309 18

283 2351 368 2388 sqq.
395 2336 572 2378 Lactant.
603 2336 695 2376 Inst.
724 2336 766 2386 3,
795 2337 838 2386 8,
867 2336 922 2377 39
950 2349 1034 2387 sqq,
1063 2337 1172 2380 Pers,
1203 2336 1243 2387 4,
1272 2337 1339 2378 50.
1369 2337 1583 2389 Demophil.
1603 2349 1665 2388 ap.
1687 2336 1806 2376 Orell.

283 2406 429 2457 Opusc.
461 2406 600 2444 Graec.
627 2405 658 2443 1.
684 2418 723 2455 p.
753 2403 822 2445 40.
850 2418 910 2442 nr.
933 2405 1001 2445 35.
1025 2404 1184 2455 Pythag.
1207 2405 1298 2442 ibid.
1323 2419 1362 2456 p.
1384 2404 1479 2446 466.
1498 2419 1556 2444 nr.
1577 2405 1645 2447 35.
1670 2406 1810 2445 Clean-'-
1895 2391 1899 2394 ⁴

282 2474 368 2512 thes
398 2487 460 2526 ap.
489 2474 607 2515 Clem.
633 2472 838 2514 Alexandr.
864 2472 1004 2510 Strom.
1035 2472 1080 2510 V.
1107 2485 1145 2523 p.
1177 2471 1272 2513 554.
1294 2473 1339 2509 B.
1378 2473 1475 2511 Hinc
1497 2473 1589 2511 illud
1607 2472 1687 2525 (ap.
1709 2472 1807 2512 Zeu.

280 2542 319 2579 in
349 2542 410 2580 ed.
440 2541 551 2581 Publ.
580 2543 667 2590 Syr.
696 2554 734 2592 p.
764 2543 833 2583 72.
860 2554 917 2579 nr.
949 2538 1083 2591 2460:
1123 2539 1267 2578 Probis
1293 2539 1461 2591 probari
1490 2542 1650 2592 potius,
1687 2552 1810 2597 qaam

284 2610 422 2647 multis
450 2610 577 2659 decet,
618 2614 656 2648 et
683 2609 756 2660 (nr.
788 2610 890 2662 210)
930 2609 1180 2660 Nunquam,
1213 2623 1335 2660 quam
1363 2609 1500 2647 multis
1520 2610 1688 2662 placeas
1697 2638 1710 2658 ,
1739 2608 1812 2646 aed
1891 2655 1895 2657 Α

285 2675 450 2727 quibua,
483 2678 609 2715 stude.
661 2677 704 2715 In
743 2677 972 2715 sententiam
1005 2681 1130 2715 autem
1162 2689 1198 2715 V.
1233 2677 1300 2718 82.
1350 2679 1565 2716 Musonius
1602 2691 1663 2728 ap.
1698 2675 1807 2714 Stob.

283 2745 365 2783 Ecl.
395 2745 450 2795 ΙΙ,
481 2747 519 2785 9.
554 2759 594 2796 p.
624 2745 721 2788 428.
752 2747 812 2785 ed.
842 2746 959 2784 Heer.
1018 2740 1161 2792 Ου’δεὶς
1193 2741 1269 2798 γάρ
1311 2744 1392 2786 ἐστι
1427 2748 1509 2787 τῶν
1542 2745 1719 2792 aomar,
1758 2739 1807 2790 ὃς

288 2809 542 2865 ἐρωτώμενος
565 2810 734 2866 πότερον
764 2811 909 2867 ἄφρων
938 2810 964 2865 ἢ
989 2810 1190 2866 φρόνιμος
1216 2812 1402 2868 τυγχάνει
1431 2811 1510 2861 ἄν,
1539 2809 1682 2864 ἄφρων
1709 2807 1806 2861 ὄμο-

287 2875 445 2929 λογήσει
476 2877 582 2921 εἶναι
611 2886 683 2919 etc.
714 2878 827 2920 Conf.
857 2882 965 2920 Pers.
996 2884 1035 2933 1,
1063 2879 1118 2922 46
1148 2894 1207 2931 sq.
1233 2905 1288 2912 —-
1322 2883 1394 2920 Vir
1422 2881 1545 2918 bonus
1573 2876 1807 2927 e²1²''1‘st70'33

287 2948 328 2981 ut
358 2944 401 2983 A.
431 2947 474 2986 P.
504 2947 600 2990 445.
640 2963 711 3001 pro
753 2950 827 2988 Vir
855 2950 982 2988 bonus
1011 2958 1049 2988 et
1074 2951 1233 3003 sapiens
1260 2964 1297 2988 v.
1327 2951 1395 2991 73.
1428 2951 1470 2986 et
1500 2946 1579 2984 Cic·
1606 2944 1728 2984 Tusc.
1761 2945 1804 2997 5,
