1910 3138
253 224 335 266 542
406 223 682 265 COMMENT.
711 225 768 264 IN
793 224 917 263 HOR.
945 223 1041 263 LlB.
1060 224 1091 263 Ι.
1134 223 1296 263 EPIST.
1324 217 1620 264 vlcESIMAM.
1704 223 1784 266 194

363 339 410 377 V.
436 341 476 380 8.
506 345 543 374 et
564 339 640 376 sois
651 366 664 383 ‚
695 337 746 375 In
774 336 888 375 breve
915 346 952 375 te
982 339 1072 389 cogi
1079 365 1095 384 ,
1137 342 1262 389 quum
1289 341 1359 377 etc.
1403 338 1429 376 i.
1467 350 1500 378 e.
1541 342 1631 388 ,‚te,
1668 347 1783 389 quum

251 408 370 446 lector
402 406 566 456 legendo
597 407 754 444 satiatus
792 399 948 456 languet
978 410 1018 445 et
1054 411 1095 445 te
1123 406 1289 456 fastidit,
1324 406 1494 445 convolvi
1524 410 1564 445 et
1597 406 1636 444 in
1669 417 1785 457 capsa

250 475 309 513 vel
337 474 474 512 scrinio
504 473 634 512 loculis
659 475 814 525 reponi,
844 475 944 514 unde
972 474 1132 512 forsitan
1159 474 1228 512 tibi
1258 475 1380 513 nullus
1410 475 1460 513 sit
1489 473 1676 512 reditusf‘
1716 472 1783 511 llla

251 543 365 592 igitur
391 541 505 580 dictio
531 541 737 593 opponitur
764 542 859 580 libro
890 542 1071 593 explicito
1099 543 1211 585 Mart.
1245 545 1310 591 11,
1342 543 1437 592 107,
1470 544 1522 592 l.‚
1560 542 1625 593 qui
1649 542 1783 592 demp-

250 612 299 647 tis
327 609 419 647 loris
444 609 624 659 uncisque
646 611 821 648 relaxatis
846 611 1017 649 evolutus
1045 611 1179 649 lectori
1207 609 1377 663 patet*).
1422 610 1600 649 Similiter
1626 608 1783 648 Martia-

250 678 296 716 lis
324 677 421 715 libro
451 691 519 716 suo
547 679 772 717 vaticinatur
796 680 905 727 fore,
951 683 992 716 ut
1023 691 1072 716 ne
1099 679 1247 728 legatur
1272 679 1419 729 quidem
1447 679 1516 730 11,
1546 679 1585 727 1,
1616 679 1639 719 1
1664 699 1719 706 -—
1743 675 1783 717 4.

257 746 343 796 Quo
368 752 435 795 tu,
474 759 572 797 que,
603 745 703 783 liber
730 748 876 793 otiose,
910 747 1038 784 tendis
1060 767 1117 775 —-·
1152 746 1291 785 Vadas
1325 753 1362 785 et
1388 746 1525 785 redeas
1549 744 1783 783 inevolutus.

250 814 322 852 Alii
344 812 604 865 Porphyrione
633 822 790 853 auctore
815 818 855 852 nt
880 815 1098 853 Landinus
1108 843 1124 861 ,
1152 815 1374 853 Asi-enaim
1383 843 1399 861 ,
1428 814 1667 867 Xylantler,
1695 813 1781 850 Bo-

251 882 359 921 tlzius
389 883 491 934 apud
520 883 659 922 Gesn.:
703 882 770 932 „in
794 884 1054 934 compendium
1083 884 1284 922 contrahi“
1314 884 1374 922 vel
1415 883 1612 935 „percurri
1638 887 1782 921 tantum

250 956 289 990 et
316 951 440 989 obiter
464 950 611 1002 perlegi
638 954 704 988 aut
730 963 780 988 ne
811 954 930 989 totum
958 951 1139 1001 quidem“
1177 952 1263 990 coll.
1298 951 1384 993 Liv.
1422 953 1492 1003 39,
1519 948 1590 1001 47,
1619 952 1681 998 5.;
1721 949 1784 988 alii

249 1024 294 1058 ut
321 1019 585 1070 Desprezius:
631 1020 700 1070 „in
737 1024 939 1070 angustum
960 1013 1014 1057 *et
1050 1020 1253 1058 discrimen
1281 1019 1425 1070 redigi;
1466 1019 1624 1069 festive,
1665 1029 1785 1069 quan-

251 1101 363 1139 quam
390 1100 520 1126 crassa
554 1087 750 1138 Minerva,
792 1086 1001 1124 Diintzer:
1039 1089 1109 1138 „in
1149 1088 1327 1138 angulum
1358 1088 1470 1137 ainci
1498 1090 1538 1126 et
1574 1087 1718 1138 premi,
1745 1086 1785 1123 in

250 1157 334 1195 eine
359 1156 463 1193 Ecke
489 1156 679 1206 geworfen
709 1155 784 1193 und
816 1156 902 1194 hart
931 1155 1119 1206 bedriingt
1146 1157 1342 1195 werden.“
1394 1155 1454 1195 De
1481 1168 1601 1208 puero
1630 1166 1787 1205 compa-

249 1229 337 1263 rant
373 1224 531 1262 Terent.
569 1223 710 1262 Heaut.
742 1221 785 1272 4,
823 1225 863 1273 2,
900 1224 939 1264 2'.
970 1223 1085 1275 Prop.
1116 1221 1155 1273 4,
1187 1227 1226 1273 1,
1260 1225 1352 1265 128.
1398 1223 1560 1263 Additur
1595 1235 1672 1261 non
1704 1222 1786 1260 sine

250 1306 361 1331 sensu
391 1291 589 1331 communi:
633 1304 758 1342 quum
781 1290 929 1342 plenus
959 1291 1125 1344 languet
1151 1299 1319 1329 amator.
1359 1292 1444 1330 Hoc
1467 1295 1591 1330 autem
1613 1290 1784 1342 plenum

250 1363 275 1402 i.
305 1375 339 1401 e.
365 1364 532 1399 saturum
562 1372 647 1397 esse
672 1358 804 1411 (Ovid.
835 1372 880 1398 ex
911 1359 1023 1398 Pont.
1053 1360 1095 1410 3,
1122 1359 1161 1406 4,
1192 1359 1278 1411 55.)
1309 1360 1365 1398 sic
1392 1360 1575 1399 describit
1598 1357 1783 1397 Martialis

251 1431 294 1478 2,
320 1431 361 1479 6,
389 1431 412 1471 2
442 1442 500 1480 sq.
544 1428 681 1465 Lectis
707 1428 775 1464 vix
803 1427 876 1465 tibi
897 1429 1063 1480 paginis
1091 1427 1249 1488 duabus
1293 1429 1458 1480 Spectas
1484 1422 1780 1480 ἐσχατοκαὶλιον,

255 1498 422 1544 Severe,
451 1497 507 1534 Et
532 1496 676 1548 longas
702 1495 828 1533 trahis
856 1497 1116 1535 oscitationes.
1161 1497 1217 1535 Id.
1245 1497 1288 1546 4,
1317 1498 1387 1548 29,
1416 1498 1455 1539 2.
1498 1496 1782 1546 Lectoremque

243 1567 434 1619 frequens
461 1565 588 1602 lassat
616 1572 653 1602 ei
676 1564 815 1615 implet
840 1578 951 1615 opus.
992 1564 1185 1616 Languet
1209 1577 1285 1603 non
1318 1564 1440 1603 solum
1467 1565 1618 1603 auditor
1635 1563 1781 1602 ‘lector-

251 1648 325 1686 que
353 1634 530 1687 (Quintil.
560 1634 655 1673 Inst.
674 1633 716 1684 9,
746 1634 788 1682 3,
818 1633 925 1684 27.)‚
954 1646 1084 1671 verum
1113 1634 1224 1671 etiam
1244 1640 1425 1680 amator,
1453 1636 1496 1671 ut
1521 1632 1634 1672 Ovid.
1657 1629 1707 1672 A.
1732 1629 1780 1669 Δ.

251 1704 291 1750 2,
320 1701 414 1742 436.
457 1702 513 1738 Et
536 1703 573 1739 si
599 1702 716 1740 nulla
744 1701 878 1740 subest
901 1701 1087 1747 aemula,
1115 1701 1282 1752 languet
1307 1708 1473 1740 amator.
1515 1701 1584 1739 De
1605 1704 1784 1737 amatore

251 1768 346 1807 libri
380 1771 479 1808 conf.
518 1771 629 1809 Mart.
661 1771 703 1819 7,
727 1769 798 1821 97,
831 1771 896 1813 10.
942 1771 1016 1816 Qui
1053 1769 1275 1807 Dae-eriam
1310 1770 1454 1820 secuti,
1489 1776 1531 1807 ut
1569 1766 1781 1811 Zure-kim,

251 1837 421 1875 Damus
430 1866 445 1884 ,
477 1842 682 1876 amatorem
710 1839 833 1890 ipsum
853 1838 1052 1876 Horatium
1076 1837 1314 1890 intelligunt,
1343 1836 1440 1876 libro
1468 1837 1532 1888 qui
1558 1836 1598 1875 in
1623 1835 1782 1875 aliorum

363 2017 400 2065 *)
425 2020 580 2055 Nostrae
606 2021 895 2068 interpretationi
918 2034 939 2057 a
957 2023 1149 2067 lambino,
1176 2022 1347 2068 cruquio,
1383 2021 1588 2066 Torreat-’Q
1617 2021 1779 2056 Schwar-

251 2077 303 2112 zio
325 2076 368 2121 (1.
391 2076 415 2110 l.
438 2088 474 2122 p.
495 2077 584 2123 93),
615 2079 695 2114 aliis
723 2080 974 2125 comprobatae
1001 2085 1104 2114 autor
1130 2078 1250 2113 Schol.
1278 2079 1388 2124 Cruq.
1413 2084 1488 2122 est,
1516 2077 1577 2125 qni
1604 2075 1786 2129 explieat?

253 2134 348 2179 „scis
368 2138 406 2168 te
427 2134 669 2182 complicari,“
696 2142 818 2170 contra
836 2135 1022 2171 Marcilius
1040 2136 1121 2170 coll.
1145 2137 1291 2170 Terent.
1312 2137 1443 2171 Heaut.
1464 2137 1499 2180 4,
1520 2138 1554 2181 2,
1575 2136 1610 2171 2.
1629 2131 1780 2168 mavult:

251 2190 358 2236 „cogi
373 2191 410 2225 in
427 2192 624 2237 angustias,
639 2191 831 2239 periculum
847 2205 896 2228 sc.
913 2187 1202 2236 ἀποδοκιμασίας
1218 2197 1255 2225 et
1268 2186 1516 2236 ἅθετήσεως.“
1553 2190 1777 2239 'Enchelei-⁰,

252 2249 312 2294 qui
340 2249 478 2282 confert
505 2250 568 2294 19,
599 2250 657 2286 36.
683 2250 776 2285 nulla
804 2249 1011 2295 pervulgata
1039 2248 1230 2295 explicatio
1255 2249 1450 2294 probabilis
1477 2248 1632 2282 videtur.
1679 2245 1779 2290 „Das

251 2306 468 2348 Praesens,“
494 2306 633 2352 inquit,
662 2307 786 2351 „ffihrt
811 2307 874 2341 auf
898 2307 1000 2342 einen
1023 2305 1256 2352 allgemeinen
1282 2306 1369 2341 Satz
1395 2305 1472 2348 hin,
1493 2305 1572 2339 dem
1591 2309 1629 2339 te
1648 2302 1778 2336 wider-

251 2362 411 2408 spricht,
436 2363 506 2397 und
526 2369 682 2408 amator,
702 2375 741 2399 so
761 2363 829 2399 wie
845 2368 908 2399 der
922 2375 1034 2410 ganzo
1050 2364 1131 2397 Ton
1147 2363 1269 2396 deutet
1288 2364 1351 2397 auf
1365 2363 1445 2398 eine
1463 2361 1623 2407 Dilogia,
1643 2359 1702 2394 di'e
1711 2358 1779 2394 die

252 2420 425 2464 Ausleger
440 2419 517 2454 hier
531 2420 628 2454 nicht
642 2421 908 2466 nachgewiesen
923 2421 1046 2456 haben.
1075 2419 1306 2464 Vergleichen
1323 2432 1400 2464 mag
1413 2430 1490 2454 man
1502 2419 1601 2460 auch,
1618 2417 1663 2451 ob
1678 2415 1778 2451 nicht

252 2476 329 2510 hier
346 2488 414 2510 von
429 2475 540 2511 einem
557 2475 712 2523 βραχέα,
737 2473 921 2522 συντόμως
940 2475 1052 2521 λέγειν
1070 2475 1128 2511 die
1148 2477 1246 2510 Rede
1265 2476 1337 2521 sei,
1361 2477 1407 2511 da
1419 2477 1459 2521 ᾖα
1479 2476 1544 2509 der
1562 2473 1777 2517 hiemabat,

252 2534 317 2567 der
331 2545 368 2567 es
384 2539 457 2567 satt
471 2535 547 2578 hat,
564 2535 651 2568 kurz
666 2535 895 2580 angebunden
910 2534 977 2581 ist,
998 2533 1065 2568 und
1082 2533 1185 2568 keine
1199 2533 1346 2567 weitere
1361 2533 1552 2568 Umstiinde
1564 2558 1574 2575 ,
1594 2531 1691 2566 nicht
1704 2529 1775 2564 viel

253 2590 414 2634 Redens‚
444 2589 545 2625 liebt.
595 2591 717 2636 Vergl.
744 2592 790 2626 ad
808 2591 934 2626 incitas
955 2589 1070 2635 redigi
1093 2590 1211 2625 Plaut.
1232 2589 1340 2625 Poen.
1362 2586 1395 2634 4,
1421 2591 1454 2634 2,
1474 2588 1532 2624 85.
1562 2588 1667 2623 Trin.
1687 2588 1721 2631 2,
1740 2582 1775 2628 4,

255 2646 358 2681 136.“
406 2647 453 2681 At
472 2647 506 2682 in
527 2648 712 2682 Praesenti
729 2648 793 2683 scis
812 2649 899 2683 haec
918 2647 972 2683 vis
991 2647 1104 2682 inest:
1125 2645 1281 2692 „accidit
1301 2647 1392 2681 libro
1416 2645 1547 2692 optimo
1573 2645 1716 2690 cuique,
1737 2647 1777 2675 ut
1800 2680 1807 2685 ,

252 2713 349 2746 mox,
369 2702 404 2737 id
427 2704 519 2750 quod
539 2705 628 2738 bene
648 2705 799 2749 novisti,
821 2716 923 2752 quum
941 2706 1016 2751 ejus
1031 2703 1187 2750 quamvis
1202 2703 1307 2738 amati
1321 2703 1471 2738 satietas
1490 2703 1656 2737 lectorem
1671 2708 1775 2744 cepe·

253 2757 319 2801 rit,
339 2759 375 2792 in
396 2760 472 2794 loco
490 2772 552 2795 suo
573 2760 727 2796 inclusus
741 2762 947 2797 teneatur.“
982 2759 1164 2796 Praedicit
1176 2760 1288 2806 igitur
1304 2762 1460 2808 scriptor
1473 2759 1564 2794 libro
1580 2769 1643 2792 suo
1662 2753 1774 2791 simile

253 2815 498 2860 infortunium,
529 2829 549 2851 a
569 2828 637 2862 quo
656 2818 802 2853 liberari
829 2818 916 2854 satis
937 2817 1109 2865 insipiens
1129 2818 1235 2864 paulo
1254 2823 1337 2853 ante
1359 2816 1495 2864 gestiit.
1535 2815 1614 2849 Hoc
1633 2820 1772 2847 acumen

254 2869 321 2903 loci
345 2872 388 2904 ab
416 2872 670 2918 interpretibus
689 2876 764 2911 sere
786 2876 982 2922 neglectum
1001 2879 1070 2910 est.
1119 2875 1159 2910 In
1178 2875 1267 2910 hanc
1287 2873 1494 2910 sententiam
1515 2867 1773 2907 Doederlinius:

253 2930 643 2973 „zusammengerollt.“
