1910 3138
285 133 367 180 182
431 133 712 204 ΟΟΜΜΕΝΈ
731 130 788 172 ΙΝ
805 130 932 173 HOR.
950 130 1048 172 LIB.
1068 131 1096 174 1.
1136 130 1301 172 EPIST.
1320 129 1481 173 TERT.
1499 129 1677 174 Dncm.
1746 136 1802 178 22

293 262 434 302 daniae
459 272 551 311 opes
577 257 654 295 Od.
672 258 733 307 2,
763 258 840 308 12,
869 258 936 300 22.
963 256 1047 296 coll.
1081 257 1124 307 3,
1150 258 1196 307 1,
1223 254 1291 299 42.
1320 257 1398 307 21,
1425 257 1491 299 19.
1520 258 1597 308 29,
1627 259 1667 301 1.
1697 258 1806 310 (ibiq.

293 329 391 382 Fea)
421 330 500 367 Sat.
531 329 569 377 1,
597 327 639 374 6,
667 324 708 364 9.
735 321 803 374 (ib.
837 323 1044 377 Wfistem.)
1060 324 1114 374 *).

404 396 450 435 V,
481 395 547 436 15,
604 392 658 429 Ut
684 405 778 430 cam
802 390 951 442 pileolo
983 415 1031 422 -
1062 391 1232 431 tribulis.
1289 391 1478 443 Quicquid
1503 397 1545 432 et
1583 392 1648 432 hicv
1679 393 1810 447 dispu-

294 470 400 515 tant,
428 463 518 502 mihi
546 461 698 512 quidem
726 459 798 498 hoc
825 460 996 512 exemplo
1029 459 1223 511 inelegans
1250 459 1436 510 elegantia
1454 464 1493 499 et
1510 463 1673 512 agrestis
1694 475 1812 514 quae-

294 536 375 574 dam
401 532 620 579 urbanitas,
656 541 776 578 quae,
818 529 907 567 dum
935 528 1167 586 verecunde,
1195 528 1404 580 submisse,
1432 529 1593 570 delicate
1622 544 1665 570 se
1697 532 1811 584 gerit,

294 601 402 641 facile
441 598 612 639 omnibus
646 598 764 635 risum
796 600 945 646 movet,
985 595 1147 634 describi
1182 598 1342 637 videtur.
1400 598 1645 650 Quapropter
1680 599 1812 639 dubito

292 671 341 709 de
377 669 442 707 R.
470 665 647 707 Jacobsii
677 665 732 717 (p.
765 664 864 718 178)
903 664 1172 717 explicatione,
1209 677 1284 716 qua
1307 665 1446 705 Vinnio
1469 667 1724 718 praecipitur,
1763 681 1812 708 ne

292 737 512 777 fasciculum
546 734 753 788 pudibundi
789 736 909 774 instar
947 736 1100 785 portet,
1138 737 1181 773 ut
1219 735 1252 773 si
1285 738 1416 774 contra
1451 734 1631 775 decorum
1658 736 1814 779 faceret.

292 807 365 846 Est
382 808 509 844 autem
531 803 700 842 conviva
725 802 882 841 tribulis
901 804 1065 842 rusticus
1091 815 1136 840 ex
1156 802 1288 841 eadem
1311 801 1432 851 tribu,
1460 814 1536 853 qua
1555 806 1614 843 est
1645 803 1814 856 locuple-

294 876 368 914 tior
396 873 487 912 eivis
522 873 740 922 Romanus,
779 872 843 923 qui
872 872 998 923 ipsum
1032 871 1082 909 ad
1113 883 1270 909 coenam
1305 870 1477 918 vocavit;
1515 871 1614 911 conf.
1648 873 1814 924 interpp.

294 943 344 981 ad
373 942 454 981 Cic.
480 953 538 992 pr.
567 940 712 981 Muren.
743 939 821 991 34,
851 941 920 982 72.
949 938 1040 976 Sall.
1074 938 1162 989 Jug.
1193 936 1235 987 4,
1263 939 1302 981 3.
1340 937 1516 978 Lactaut.
1541 937 1636 977 Inst.
1667 939 1716 990 6,
1746 942 1814 991 11,

293 1012 361 1054 26.
397 1010 542 1048 Contra
570 1008 659 1047 aliis
693 1013 753 1047 est
781 1008 893 1047 homo
931 1008 980 1046 de
1016 1006 1143 1044 infima
1177 1006 1314 1057 plebe,
1352 1019 1463 1056 quam
1500 1007 1816 1058 significationem

290 1083 444 1131 praeter
464 1077 632 1118 Turneb.
656 1075 754 1116 Adv.
776 1078 845 1125 28,
864 1075 932 1125 33.
950 1075 1128 1126 imprimis
1151 1074 1234 1114 tuiti
1254 1078 1343 1113 sunt
1364 1075 1577 1114 Mar-cilius
1596 1079 1636 1114 et
1659 1076 1816 1115 Schmi-

292 1147 383 1186 dius
410 1145 497 1184 coll.
524 1144 689 1184 Martial.
719 1145 760 1194 9,
789 1144 860 1195 50,
891 1144 931 1183 7.
959 1142 1029 1194 58,
1059 1143 1099 1184 8.
1129 1143 1171 1191 8,
1201 1142 1266 1193 15,
1296 1142 1336 1183 3.
1365 1141 1403 1183 4.
1441 1143 1538 1183 Stat.
1568 1143 1661 1193 Silv.
1690 1142 1742 1195 4,
1774 1147 1815 1195 1,

293 1216 360 1258 25.
395 1215 501 1253 Flor.
529 1214 577 1263 2,
603 1214 643 1253 6.
681 1211 846 1252 Casaub.
884 1211 934 1249 ad
969 1211 1075 1248 Suet.
1116 1209 1215 1260 Aug.
1246 1210 1342 1252 101.
1381 1213 1435 1262 (p.
1463 1208 1560 1255 498.
1597 1213 1658 1250 ed.
1693 1211 1816 1264 Wlf.).

292 1284 372 1322 lllis
399 1282 657 1321 assentiimtur
684 1279 893 1325 Diintzer,
921 1278 1229 1330 Dillenburger,
1254 1277 1540 1327 Fon-ellium,
1568 1278 1818 1328 Fraeundius,

293 1352 369 1391 alii.
419 1350 470 1390 At
495 1350 603 1399 vide,
633 1349 696 1399 qui
723 1362 870 1388 mecum
895 1348 1040 1398 sentit,
1075 1346 1283 1388 Omnium.
1340 1347 1546 1399 Pei-peram
1576 1347 1819 1388 Sanadonue

293 1420 424 1472 epulas
451 1417 670 1466 sodalitias,
699 1413 873 1465 θιάσους
898 1417 1061 1470 (B6ttig.
1093 1414 1284 1467 „Attisch.
1313 1416 1443 1455 Mus.⁴‘
1473 1416 1566 1455 fasc.
1591 1416 1651 1468 1.)
1679 1416 1820 1456 intelli-

293 1489 363 1540 git.
400 1486 461 1526 De
489 1485 687 1525 solearum
713 1499 809 1536 usu,
837 1497 934 1536 quas
960 1485 1045 1536 ipse
1073 1485 1148 1523 fert
1175 1483 1225 1522 ob
1255 1497 1449 1524 servorum
1474 1484 1668 1536 penuriam
1695 1484 1819 1524 bonus

291 1556 355 1594 ille
382 1555 551 1605 tribulis,
589 1555 675 1592 vide
710 1567 805 1605 quos
843 1553 974 1593 laudat
1006 1552 1237 1591 Schmidius
1269 1553 1451 1604 imprimis
1477 1553 1617 1593 Heind.
1645 1554 1708 1592 ad.
1736 1554 1818 1592 Sat.

293 1626 334 1673 2,
364 1625 405 1673 8,
435 1625 504 1663 77.
534 1622 619 1660 coll.
649 1622 778 1660 Burm.
808 1622 857 1659 ad
880 1623 1038 1660 Petron.
1068 1622 1138 1664 31.
1168 1635 1208 1673 p.
1240 1622 1333 1663 120.
1359 1625 1399 1659 et
1426 1619 1494 1662 41.
1522 1634 1560 1673 p.
1588 1619 1684 1663 185.
1713 1620 1818 1662 Diss.

293 1692 343 1730 ad
379 1691 468 1729 Tib.
498 1692 545 1741 1,
582 1690 631 1739 5,
665 1690 729 1728 66.
770 1679 902 1727 Stu‘ck.
932 1690 1062 1741 Antiq.
1093 1689 1251 1729 conviv.
1280 1692 1330 1741 2,
1359 1690 1426 1732 27.
1455 1702 1495 1742 p.
1526 1689 1623 1730 369.
1658 1688 1819 1728 Becker.

293 1760 344 1798 ad
373 1759 471 1797 Gall.
501 1758 536 1802 Ι.
559 1771 597 1808 p.
626 1757 692 1797 36.
722 1755 782 1794 De
805 1757 956 1807 pileolo
982 1757 1197 1808 ambigitur.
1226 1758 1323 1796 Sunt
1348 1757 1432 1808 qui,
1460 1758 1635 1808 quoniam
1657 1757 1697 1796 in
1721 1757 1821 1796 anti-

295 1826 380 1877 quis
406 1825 550 1875 aliquot
575 1825 825 1863 monumentis
858 1826 1019 1865 Romani
1053 1826 1232 1865 convivae
1265 1826 1390 1877 capite
1418 1825 1541 1864 velato
1576 1828 1691 1875 atque
1719 1829 1820 1865 tecto

296 1884 524 1947 eemuntur,
552 1892 690 1943 pileum
712 1893 760 1930 ad
782 1892 950 1931 habitum
977 1894 1231 1933 coenatorium
1251 1894 1444 1944 referant,
1473 1892 1572 1931 conf.
1592 1887 1725 1931 Stuck'.
1742 1893 1770 1932 l.
1795 1893 1821 1932 l.

296 1964 338 2012 2,
368 1962 435 2003 28.
473 1973 512 2011 p.
543 1960 640 2000 373.
677 1964 716 1998 et
754 1960 1031 2011 „Wanderung
1066 1962 1181 2000 durch
1215 1961 1386 2013 Pompeji
1418 1961 1479 2000 bei
1517 1959 1823 1999 Faekelschein“

294 2030 335 2068 in
358 2028 419 2068 .H.
440 2027 620 2067 Maltens
647 2029 848 2078 „Neueste
868 2027 1143 2067 Weltkunde.“
1181 2029 1389 2080 Jahrgang.
1415 2029 1536 2071 1835.
1561 2029 1626 2068 IV.
1647 2042 1685 2082 p.
1707 2026 1823 2077 184.;

294 2097 416 2148 magis
453 2099 578 2134 autem
612 2108 742 2134 eorum
778 2095 976 2147 probanda
1003 2099 1062 2132 est
1098 2096 1309 2146 sententia,
1347 2097 1411 2147 qui
1440 2096 1633 2135 Marcilio
1667 2101 1823 2136 auctore

296 2164 458 2205 tribules
485 2163 571 2204 illos
601 2162 652 2201 ob
691 2175 776 2202 eam
812 2174 963 2201 causam
992 2175 1119 2201 secum
1153 2163 1288 2201 tulisse
1317 2164 1538 2215 opinantur,
1575 2178 1625 2204 ne
1655 2177 1679 2202 a
1704 2177 1824 2203 coena

297 2235 534 2272 revertentes
562 2231 632 2271 sub
660 2231 724 2269 dio
760 2235 892 2269 essent
927 2231 1041 2269 nudis
1079 2230 1264 2282 capitibus
1301 2230 1420 2268 multa
1450 2232 1529 2282 jam
1555 2237 1681 2271 nocte.
1709 2233 1824 2272 Conf.

300 2304 348 2342 de
377 2302 449 2340 hoc
475 2304 559 2340 toto
587 2299 672 2339 loco
702 2299 968 2352 explicationes
992 2311 1054 2351 ap.
1081 2298 1284 2337 Weichert.
1305 2298 1330 2339 l.
1349 2299 1375 2336 l.
1400 2312 1438 2351 p.
1462 2300 1556 2342 108.
1585 2301 1650 2340 Fr.
1672 2301 1822 2341 Jacobs.

413 2436 455 2483 *J
488 2437 537 2473 Iis
566 2438 676 2481 locis,
708 2448 796 2485 quos
821 2436 867 2472 (le
885 2436 953 2471 bac
971 2435 1237 2480 Adjectivornm
1255 2437 1534 2483 transpositione
1561 2438 1599 2474 in
1627 2431 1824 2476 Zirmas-m.

303 2495 531 2541 ,‚Schulzeit.
557 2496 605 2530 ΙΙ.
635 2493 739 2531 1834.
766 2496 861 2541 part.
883 2493 963 2528 150.
995 2492 1217 2538 collegimus,
1247 2493 1337 2528 adde
1357 2494 1483 2530 Heinr.
1505 2496 1551 2531 ad
1566 2495 1650 2531 Juv.
1670 2496 1736 2542 13,
1763 2494 1823 2533 81.

302 2553 462 2587 Ellendt.
484 2553 530 2587 ad
549 2553 627 2587 Cic.
646 2553 691 2588 de
712 2553 779 2587 Or.
801 2552 843 2596 1,
863 2549 927 2594 45,
948 2550 1027 2585 199.
1047 2550 1163 2584 Liibk.
1185 2551 1404 2595 ‚,Grammat.
1425 2553 1603 2588 Studien“
1619 2564 1656 2599 p.
1678 2550 1725 2590 24
1742 2564 1823 2600 sqq.

303 2609 429 2644 Jacob.
453 2610 524 2651 Qu.
544 2609 652 2656 Epic.
682 2621 719 2656 p.
741 2609 809 2645 113
828 2619 908 2655 sqq.
939 2610 977 2642 et
1003 2607 1140 2652 Reisig.
1166 2607 1440 2655 ,‚V0r1esungg.
1454 2611 1478 2629 “
1505 2623 1541 2657 p.
1563 2606 1634 2646 634
1651 2621 1729 2655 sqq-
1768 2610 1824 2645 De
1843 2648 1847 2650 b

306 2666 566 2711 significatione
585 2666 689 2701 verbi
714 2667 857 2713 glomus
881 2663 1127 2700 Doederlinius
1154 2665 1408 2701 Germanorum
1435 2666 1628 2713 „Klump“
1649 2667 1765 2712 (Sym.
1778 2667 1824 2703 V.

307 2732 344 2766 p.
361 2722 462 2766 363),
480 2723 722 2759 Buttmannus
740 2720 874 2768 (Lexil.
890 2721 937 2756 11.
952 2724 989 2768 p'.
1008 2719 1094 2765 159)
1111 2721 1326 2759 Graecorum
1339 2720 1483 2769 κλιόμαξ
1494 2727 1686 2770 comparat.
1703 2723 1824 2759 Schol.

310 2778 419 2823 Cruq.
435 2779 693 2870 intZZpretatur
711 2774 925 2824 „rotundum
939 2778 1080 2825 globum
1094 2778 1270 2815 filorum.“
1303 2781 1406 2816 Conf.
1422 2780 1650 2816 Lindemann.
1664 2779 1708 2815 ad
1722 2781 1823 2816 Paul.

312 2833 412 2867 Diac.
432 2847 470 2880 p.
535 2836 569 2870 3.
