1910 3138
102 228 193 271 *137
248 225 524 269 oomwr.
542 225 602 267 ιΝ
619 224 744 265 non.
769 222 869 263 Lm.
888 207 919 262 ι’.
949 221 1112 262 ΕΡιετ.
1131 219 1284 261 sm.
1300 219 1483 262 onem.
1538 217 1623 263 297

110 352 245 404 pri-'u
260 354 409 401 utatur,
436 349 582 390 scilicet
608 355 651 389 ut
673 348 807 402 procul
834 348 883 387 ab
911 348 1025 397 urbe,
1054 347 1238 386 communi
1264 346 1449 386 honorum
1477 350 1517 387 et
1542 347 1625 385 lau—

79 416 83 419 ’
111 420 201 462 d-
221 419 455 472 publicarum
482 419 652 467 theatro,
689 431 732 456 re
760 429 829 455 sua
857 420 1057 455 contentus
1078 417 1199 463 vivat,
1227 415 1280 454 ita
1303 419 1465 467 occupat
1490 414 1625 466 Poeta,

109 489 159 528 nt·
178 486 283 525 sumni
306 487 365 527 sni
385 500 462 526 non
483 490 563 525 tam
590 485 798 524 ubertatem
824 490 863 523 et
889 484 1131 536 opulentiam,
1159 495 1271 534 quam
1296 484 1560 523 amoenitatem
1586 486 1629 522 et

109 553 367 594 salubritatem
394 554 600 606 praedicet.
657 554 895 592 Sententiam
925 553 1023 591 bene
1050 552 1170 589 sensit
1196 550 1477 602 Porphyrion,
1511 564 1628 602 quum

108 622 272 663 diceret:
309 635 389 672 „ne
416 622 516 660 forte
544 622 800 673 perconteris,
832 621 1019 659 scribetur
1044 619 1114 658 tibi
1141 619 1262 657 forma
1288 618 1525 670 loquaciter“
1552 623 1628 660 etc.

114 683 372 728 Walandius
397 689 535 740 aliique
555 691 634 739 jam
661 689 733 727 hac
760 691 798 728 in
824 703 867 728 re
893 689 1037 734 Quintii
1065 688 1114 726 de
1134 686 1315 725 reditibus
1336 687 1447 726 villae
1467 700 1629 739 percon-

108 756 225 795 tantis
252 756 426 807 pusillum
453 758 613 795 animum
642 756 715 795 sibi
746 757 1056 794 animadvertisse
1082 754 1151 793 visi
1186 758 1293 799 sunt;
1342 754 1516 806 &aquia
1540 767 1628 794 ver-

109 822 197 862 bnm
212 825 479 874 percontandi
501 826 651 874 signare
673 825 820 864 videtur
846 826 1039 870 Quintium
1065 819 1380 876 πολυπράγμονα
1406 826 1489 863 τῶν
1510 817 1630 864 ἄλλο·

107 891 231 944 πρίων
256 894 407 940 κακῶν,
435 894 461 930 i.
486 905 520 931 e.
546 893 656 931 nimis
675 894 714 931 in
742 892 864 931 aliena
889 892 989 930 mala
1015 891 1205 929 curiosum
1231 891 1507 942 indagatorem,
1535 903 1630 942 qna-

109 958 167 997 les
190 959 271 998 fere
298 961 374 998 sint
394 964 666 1011 praepotentes
696 964 770 1000 etc.
812 960 1045 999 Hochedero
1072 960 1112 996 in
1139 959 1210 997 hac
1233 959 1316 1010 ipsa
1341 961 1629 1012 perconmtione

108 1038 240 1076 parum
264 1027 412 1066 delicati
437 1027 698 1078 inhumanique
724 1030 851 1067 inesse
878 1027 1070 1076 sentienti,
1099 1040 1213 1077 quum
1237 1026 1340 1089 villax
1351 1027 1489 1066 talibus
1515 1027 1629 1066 rebus

109 1093 211 1132 haud
239 1094 352 1134 dubie
380 1095 553 1144 caruerit,
582 1108 702 1146 paene
730 1097 941 1135 contrarius
971 1099 1033 1133 est
1062 1095 1363 1146 Capmartiniue
1390 1095 1439 1133 de
1459 1095 1629 1148 Chaupy

110 1159 367 1211 (Decouverte
392 1163 441 1202 de
467 1162 503 1201 la
530 1164 676 1202 maison
703 1164 752 1202 de
781 1175 990 1214 campagne
1017 1163 1224 1204 d'Horace.
1246 1162 1276 1202 I.
1303 1177 1342 1214 p.
1363 1162 1495 1214 355.)‚
1517 1177 1629 1214 quum

109 1228 210 1267 illam
242 1229 381 1268 talibus
417 1235 586 1269 ornatam
619 1245 687 1282 per
721 1243 763 1268 se
788 1230 948 1280 intelligi
984 1229 1087 1273 dicit.
1142 1232 1265 1270 Recte
1300 1231 1415 1268 etiam
1455 1230 1629 1269 Orellius

110 1295 362 1335 Dak'nczmam
384 1299 495 1338 nimis
518 1299 662 1337 infinite
691 1303 730 1338 et
756 1298 914 1337 licenter
942 1298 1064 1336 locum
1091 1299 1182 1336 dicit
1207 1299 1494 1350 interpretatum
1522 1313 1626 1339 esse:

109 1362 204 1414 „Du
230 1364 336 1403 wirst
363 1365 547 1404 vielleicht
574 1380 623 1405 zu
654 1368 789 1405 wissen
813 1365 1037 1416 wiinschen,
1064 1379 1140 1404 von
1167 1365 1329 1404 welcher
1354 1365 1425 1404 Art
1450 1368 1551 1405 deun
1576 1368 1630 1406 ei-

110 1432 275 1482 gentlich
306 1434 404 1472 mein
430 1435 511 1472 Gut
540 1435 593 1473 sei
605 1435 649 1484 ,⁶⁶
687 1440 728 1474 at
763 1446 873 1485 quam
906 1434 990 1485 ipse
1026 1446 1141 1472 ausus
1174 1437 1234 1471 est
1258 1434 1627 1485 interpretationem:

109 1499 229 1548 „Scio
257 1506 405 1551 gratum
432 1502 500 1540 tibi
528 1503 632 1551 fore,
662 1503 694 1540 si
722 1502 883 1540 formam
910 1501 1016 1539 fundi
1045 1502 1118 1539 mei
1146 1500 1244 1538 ultro
1274 1500 1343 1540 tibi
1372 1503 1629 1554 descripser03

25 1596 36 1602 .
110 1565 238 1617 itaque
264 1567 341 1605 noli
373 1581 435 1607 me
462 1582 507 1608 ea
532 1571 582 1608 de
608 1583 651 1608 re
675 1569 940 1622 percontari,“
966 1569 1130 1607 numeris
1157 1568 1366 1608 absolutam
1393 1569 1492 1608 haud
1522 1570 1630 1610 dixe-

110 1633 192 1672 rim.
251 1635 325 1680 Qui
359 1635 398 1672 in
433 1636 677 1675 allocutione:
714 1638 858 1688 optime
892 1637 1053 1687 Quinti,
1086 1650 1171 1675 cum
1204 1637 1377 1689 Cruquio
1388 1665 1406 1684 ‚
1441 1637 1628 1677 Rodeuio

112 1699 270 1751 aliisque
297 1702 452 1740 ironiam
481 1705 671 1754 sentiunt,
698 1710 943 1756 praesumpta
970 1718 1039 1743 sua
1066 1705 1242 1756 opinione
1262 1718 1338 1744 non
1365 1706 1543 1745 viderunt
1567 1708 1627 1746 sa-

112 1768 293 1806 miliat-em
319 1771 628 1822 appellationem,
665 1775 771 1825 cujus
802 1774 946 1824 aliquot
972 1773 1144 1824 exempla
1169 1772 1322 1823 collegit
1348 1773 1543 1824 Bentlejus
1577 1775 1627 1813 ad

114 1835 197 1874 Sat.
225 1838 265 1886 1,
292 1836 334 1886 5,
362 1838 428 1879 27.
458 1839 505 1877 cf.
532 1839 708 1881 Kuinoel.
736 1842 786 1879 ad
811 1841 897 1879 Act.
920 1841 1054 1892 Apost.
1080 1842 1150 1891 23,
1179 1843 1246 1883 26.

199 1904 270 1945 ΝΤ.
298 1907 338 1947 2.
370 1905 410 1946 3.
446 1906 563 1944 Arva
591 1917 739 1958 pascat
768 1931 825 1938 —-
859 1909 982 1948 ulmo.
1037 1910 1081 1948 In
1115 1909 1175 1947 his
1213 1909 1339 1947 verbis
1373 1921 1449 1946 non
1485 1909 1628 1954 Quintii

112 1977 356 2023 praesumpta
381 1976 629 2025 percontatio,
657 1977 696 2014 id
724 1978 826 2027 quod
849 1978 1001 2028 quidam
1022 1978 1250 2028 interpretes
1270 1989 1347 2015 non
1367 1975 1627 2025 observarunt,

113 2041 184 2078 sed
220 2041 340 2091 ipsius
378 2040 521 2080 Poetae
554 2043 767 2094 explanatio
803 2045 1046 2096 intelligenda
1088 2049 1159 2083 est.
1213 2044 1252 2082 Is
1297 2047 1423 2082 autem
1461 2043 1628 2093 sequitur

112 2107 194 2146 fere
220 2121 292 2146 usu
319 2115 508 2160 receptam
535 2113 662 2162 operis
694 2114 824 2151 rustici
851 2113 1096 2159 divisionem;
1138 2113 1266 2150 omnis
1294 2112 1397 2148 enim
1429 2122 1526 2160 ager
1557 2120 1627 2146 au-

114 2179 219 2214 etore
245 2177 414 2216 Varrone
443 2177 504 2228 [L.
531 2177 580 2217 L.
607 2179 636 2219 Ι.
665 2194 704 2231 p.
726 2180 825 2220 362.
858 2181 944 2230 Bip.
974 2180 1057 2219 coll.
1086 2179 1136 2217 R.
1164 2180 1213 2217 R.
1244 2181 1283 2227 1,
1311 2179 1349 2218 6.
1378 2176 1431 2225 7.]
1461 2174 1627 2226 quadri-

106 2243 262 2294 fariam
289 2244 485 2283 dividitur
511 2250 585 2286 etc.
622 2247 735 2285 Conf.
765 2248 845 2286 Cic.
870 2248 956 2286 Cat.
984 2248 1070 2297 maj.
1100 2246 1175 2295 15,
1201 2243 1269 2286 54.
1298 2245 1401 2292 Virg.
1423 2242 1498 2280 Ge.
1524 2244 1561 2289 1,
1585 2243 1626 2283 2.

116 2312 157 2358 2,
177 2313 383 2354 221—25·
401 2313 490 2363 ibiq,
510 2313 621 2353 Voss.
662 2315 806 2354 Eadem
834 2316 914 2352 fere
942 2314 1039 2351 ratio
1067 2313 1107 2351 in
1137 2311 1250 2349 rebus
1278 2311 1328 2347 ad
1356 2309 1480 2347 villam
1507 2311 1627 2360 perti-

114 2377 302 2428 nentibus,
328 2380 353 2417 i.
381 2393 415 2418 e.
442 2383 625 2432 praediis;
655 2382 751 2420 Plin.
779 2383 902 2432 Epist.
933 2381 975 2429 5,
1003 2382 1045 2429 6,
1072 2381 1112 2420 9.
1149 2379 1293 2416 Auson.
1319 2378 1372 2417 Id.
1398 2377 1440 2426 3,
1467 2377 1520 2417 17
1540 2391 1626 2429 sqq.

116 2444 175 2482 Ex
199 2445 258 2482 his
285 2447 376 2496 ipsis
411 2440 653 2499 intelligitur,
688 2462 799 2500 quam
831 2461 905 2486 non
937 2447 1211 2485 contemnenda
1243 2446 1293 2483 sit
1321 2445 1506 2495 scriptura
1540 2446 1626 2484 Po-

116 2512 258 2556 rus-⁸¹¹⁶>
286 2523 396 2561 quum
419 2527 541 2563 poma
569 2520 608 2554 et
634 2515 763 2552 olivae
791 2516 840 2552 ad
866 2528 998 2565 agrum
1026 2514 1219 2550 consitum
1244 2512 1471 2563 pertineant,
1496 2517 1626 2552 contra

117 2591 228 2630 quam
257 2591 334 2616 non
365 2579 519 2617 serenda
552 2582 788 2620 incommoda
821 2583 883 2620 illa
917 2583 1132 2631 conjectura
1166 2581 1295 2628 Ervo,
1335 2592 1409 2630 qua
1435 2579 1507 2618 vile
1532 2581 1625 2620 illud

117 2646 316 2696 leguminis
333 2646 530 2695 indicatur,
555 2649 658 2697 quod
678 2647 886 2686 Columella
904 2647 1047 2685 laetari
1064 2661 1196 2684 macro
1214 2661 1313 2699 agn>
1333 2647 1436 2686 dicit.
1466 2646 1624 2687 Annam

116 2718 239 2752 autem
266 2726 336 2764 pro
364 2713 548 2750 frumento
576 2718 615 2752 et
641 2715 849 2765 segetibus,
878 2714 933 2751 uti
960 2717 1062 2751 recte
1089 2714 1274 2765 explicant
1299 2719 1455 2754 auctore
1475 2716 1624 2757 Acrone

117 2781 347 2832 glossemata
374 2780 540 2818 codicum
567 2779 685 2822 Paris.
702 2782 748 2819 B.
770 2785 808 2818 et
828 2795 872 2830 φ.
899 2802 956 2808 -
984 2779 1093 2818 bacis
1120 2781 1259 2821 olivae.
1295 2783 1503 2835 olivarum,
1529 2797 1623 2836 quas

117 2849 158 2887 in
190 2849 347 2887 modicis
383 2847 464 2898 agri
498 2846 629 2885 Sabini
664 2848 766 2887 clivis
802 2848 1022 2897 provenisse
1054 2853 1215 2888 testatur
1251 2850 1461 2890 Columella·
1494 2851 1544 2894 R.
1572 2853 1621 2893 B.

120 2913 172 2963 5,
198 2916 254 2965 8.,
292 2915 416 2953 varius
455 2918 536 2954 erat
565 2915 666 2966 apud
699 2920 847 2954 veteres
878 2929 990 2965 usus,
1030 2916 1208 2968 imprimis
1235 2919 1526 2971 condiebantur,
1567 2921 1621 2962 cf.
