1910 3138
605 832 1462 909 coMMENTAml*
1498 889 1501 892 .

992 1008 1055 1043 IN

257 1144 511 1192 HORA'rn
544 1143 662 1190 LIB.
694 1144 733 1189 1.
796 1142 1155 1190 EPISTOLAM
1182 1142 1446 1191 SEXTAM
1475 1140 1783 1190 Dncmffl.

259 1462 481 1535 Quintius,
521 1485 692 1536 quisquis
720 1485 813 1535 suit,
855 1482 954 1522 haud
992 1482 1104 1522 dubie
1135 1482 1515 1523 honorificentissimo
1542 1494 1698 1528 munere
1724 1486 1788 1521 ut-

257 1557 350 1605 pote
376 1553 601 1592 adolescens
631 1553 755 1592 bonae
783 1552 867 1604 spei
901 1556 1057 1591 ornatus
1086 1555 1188 1603 erat,
1226 1556 1268 1591 ut
1299 1553 1463 1591 omnium
1488 1552 1527 1591 in
1552 1565 1596 1591 se
1623 1563 1787 1590 conver·
1858 1603 1860 1605 ‚

259 1623 349 1660 terit
377 1635 444 1660 ora
473 1624 512 1659 et
541 1634 564 1659 a
591 1621 733 1673 populo
767 1632 906 1670 magno
935 1619 1081 1658 honore
1107 1624 1293 1659 mactatus
1325 1624 1364 1659 et
1391 1633 1463 1672 pro
1489 1620 1638 1660 hunnine
1662 1619 1791 1659 fortu-
1859 1615 1865 1638 ³

259 1695 348 1728 nato
376 1691 526 1728 habitus
555 1691 617 1727 sit.
675 1689 711 1726 Is
750 1689 866 1740 igitur
894 1701 1031 1739 magna
1066 1687 1320 1727 familiaritate
1346 1702 1429 1727 cum
1453 1688 1637 1738 Horatio,
1665 1699 1784 1740 quane-

260 1770 370 1808 quam
407 1762 500 1795 natu
536 1758 700 1807 majore,
737 1759 890 1808 junctus
928 1756 991 1794 illo
1027 1756 1150 1795 bonae
1186 1755 1309 1794 famae
1345 1767 1554 1809 consensu,
1590 1768 1668 1808 quo
1702 1767 1788 1795 eum

259 1837 351 1863 aura
386 1825 579 1875 popularis
614 1823 937 1876 prosequebatur,
975 1825 1024 1863 ad
1054 1825 1235 1875 majorem
1262 1823 1320 1862 sui
1350 1822 1523 1862 fiduciam
1556 1822 1676 1862 elatus
1702 1833 1789 1882 οοος
1858 1880 1859 1883 ¹

259 1893 429 1940 videtur,
461 1895 503 1928 ut
531 1892 571 1928 in
602 1892 849 1930 multitudinis
877 1893 1028 1943 quidem
1048 1893 1188 1943 judicio
1216 1891 1369 1930 nimium
1394 1904 1538 1943 ponere
1571 1896 1686 1942 atque
1719 1886 1788 1930 exss
1853 1910 1856 1915 ·

260 1961 446 2000 trinsecus
472 1959 569 1998 bene
597 1962 661 1996 aut
688 1959 784 1997 male
815 1961 963 1998 vivendi
992 1973 1200 2012 suspensas
1225 1958 1366 1998 habere
1388 1959 1554 1999 rationes
1581 1959 1786 1999 videretur.
1856 1983 1862 2009 3

261 2029 392 2068 Amico
430 2028 548 2078 igitur
584 2027 832 2065 amicissimus
872 2027 1017 2078 Poeta,
1063 2041 1160 2078 quae
1199 2028 1270 2066 fuit
1306 2029 1388 2078 ejus
1426 2027 1579 2066 dicendi
1617 2025 1789 2077 libam,
1847 2063 1853 2071 ,

261 2109 387 2136 veram
422 2099 610 2133 monstrat
647 2095 768 2144 viam,
808 2095 1004 2146 imperitae
1041 2095 1266 2133 multitudini
1303 2108 1352 2133 ne
1387 2096 1472 2146 quis
1514 2093 1554 2132 in
1590 2097 1793 2145 utramque
1846 2095 1847 2098 ’

262 2168 409 2217 partem
447 2163 604 2201 multum
643 2162 784 2201 tribuat
818 2175 955 2201 cavens
992 2168 1032 2201 et
1067 2161 1217 2200 laudem
1250 2163 1328 2200 veri
1368 2162 1550 2214 sapientis
1586 2173 1668 2200 eam
1705 2165 1789 2200 sta-
1848 2179 1854 2190 ι

265 2239 397 2282 tuens,
429 2243 503 2283 qua
531 2231 615 2282 quis
644 2234 748 2269 totus
778 2235 888 2283 aptus
919 2231 970 2268 sit
997 2244 1042 2269 ex
1074 2242 1162 2268 sese
1188 2233 1302 2280 atque
1329 2230 1368 2267 in
1397 2243 1439 2268 se
1468 2242 1542 2268 uno
1573 2242 1642 2268 sua
1669 2232 1791 2282 ponat
1839 2239 1856 2256 ’-

264 2299 402 2340 omnia.
459 2298 543 2337 Huc
579 2299 750 2349 accedit,
787 2298 889 2350 quod
917 2297 1098 2335 Horatius
1130 2297 1271 2335 nullum
1298 2297 1380 2336 fere
1407 2297 1663 2349 praetermisit
1689 2302 1789 2336 tem·
1841 2315 1844 2321 ¹

262 2380 358 2418 pus,
388 2379 489 2416 quo,
529 2370 571 2405 ut
598 2367 669 2404 sibi
705 2367 778 2418 ipsi
816 2367 864 2405 de
900 2365 1013 2404 rebus
1052 2364 1282 2414 gravissimis
1321 2366 1502 2415 cogitanti
1538 2365 1788 2416 satisfaceret,
1855 2396 1857 2398 -

264 2439 343 2472 tum
379 2433 642 2484 familiaribus,
680 2439 761 2473 tum
798 2433 1015 2486 aequalibus
1054 2433 1132 2471 suis
1168 2432 1371 2471 salubriter
1407 2419 1658 2485 praeciperet·
1675 2438 1788 2486 atque
1843 2434 1907 2486 1'5.

265 2514 332 2551 ea,
362 2514 459 2553 quae
488 2502 527 2540 in
554 2503 629 2540 vita
657 2507 723 2541 aut
760 2503 907 2554 privata
942 2505 1007 2540 aut
1041 2501 1194 2552 publica
1227 2506 1448 2553 agerentur,
1481 2503 1532 2541 ad
1565 2514 1645 2541 rem
1681 2513 1787 2541 sum
1841 2500 1910 2548 (ΖΓ,,

264 2570 358 2607 scite
386 2570 702 2608 accommodaret.
761 2571 848 2616 Qua
875 2570 923 2608 de
954 2580 1068 2607 causa
1096 2569 1133 2606 in
1167 2569 1263 2607 hanc
1295 2570 1345 2608 de
1379 2570 1459 2609 viro
1486 2570 1589 2610 bono
1598 2569 1684 2621 ,'in
1710 2581 1787 2620 quo

264 2637 413 2674 nomine
453 2636 650 2687 largiendo
693 2638 827 2675 nimius
867 2641 906 2675 et
943 2640 1121 2688 tanquam
1155 2638 1337 2689 prodigus
1374 2638 1444 2676 fuit
1477 2638 1639 2691 populus
1678 2637 1785 2687 levis,

266 2706 497 2754 exspatiatur
526 2704 737 2755 elegantem
767 2706 1080 2756 disputationem,
1121 2705 1158 2742 in
1187 2719 1298 2756 quam
1325 2710 1503 2757 tanquam
1529 2707 1567 2744 in
1595 2703 1785 2756 speculum
1858 2694 1877 2764 L:

266 2771 359 2807 vitas
386 2773 547 2810 omnium
574 2773 760 2823 inspicere
785 2773 904 2824 jubet.
964 2772 1069 2817 Quae
1097 2786 1155 2814 vv,
1194 2775 1345 2815 1—16.
1379 2774 1572 2822 dicuntur,
1600 2773 1654 2811 ita
1682 2783 1786 2810 com-

266 2842 398 2887 parata
427 2844 528 2890 sunt,
556 2844 598 2878 ut
627 2840 769 2879 Poetae
801 2841 912 2879 vitam
942 2840 1089 2879 beatam
1117 2841 1155 2878 in
1184 2842 1298 2880 rebus
1328 2841 1492 2881 externis
1521 2840 1546 2878 i.
1572 2852 1607 2878 e.
1633 2840 1671 2877 in
1698 2837 1784 2877 villa

267 2903 407 2943 Sabina
449 2909 560 2946 sitam
603 2909 826 2961 significent.
894 2908 952 2948 Ad
997 2909 1155 2949 eandem
1197 2909 1493 2962 amplectendam
1535 2907 1588 2944 ita
1627 2906 1783 2948 amicum
