1910 3138
199 199 284 242 554
356 203 635 243 COMMENT.
663 203 720 243 IN
747 203 873 245 HOR.
900 203 1003 242 LIB.
1025 203 1053 241 1.
1094 204 1259 244 EPIST.
1287 205 1586 247 VICESIMAM.
1659 206 1752 247 206·

197 314 248 354 ib.
282 315 406 355 Lfibk.
435 329 474 367 p.
504 316 585 357 239
603 337 662 348 ’-
679 314 755 367 44)
786 316 1038 356 offendantur.
1090 317 1288 368 Ejusmodi
1316 331 1491 357 morosos
1514 319 1666 369 judices.
1688 318 1738 356 ad

203 384 404 422 Sclzmidii
412 411 428 430 ,
465 383 694 422 Hoc-hedera·
719 384 769 422 ad
796 384 834 423 h.
868 385 893 423 l.
929 390 1111 425 annotata
1139 386 1196 425 veI
1226 387 1275 425 ad
1309 387 1377 425 fik
1405 386 1586 426 Jacobsii
1611 387 1740 435 „Ver—

198 452 343 490 mischt.
367 451 554 491 Schrift.“
582 451 629 490 V.
659 465 698 503 p.
728 452 822 495 326.
854 457 896 491 et
923 455 974 492 ad
1006 453 1227 492 W'eberum
1247 454 1274 493 l.
1305 455 1331 492 I.
1361 467 1402 505 p.
1431 453 1488 495 39
1516 467 1605 506 sqq.
1635 454 1740 493 able-

198 520 382 571 gabimus.
434 519 477 556 In
502 519 731 558 sententiam
757 520 836 559 vid.
867 521 994 560 Schol.
1012 523 1062 561 ad
1081 523 1161 562 Sat.
1180 525 1220 573 2,
1245 525 1284 573 1,
1304 524 1371 564 76.
1401 526 1528 561 annot.
1545 523 1596 560 ad
1615 522 1740 574 Epist.

201 589 268 637 17,
296 587 364 628 35,
399 586 485 624 coll.
515 586 561 628 C.
591 586 751 627 Passov.
779 588 832 629 N.
858 590 926 630 88.
954 591 1050 631 101.
1089 591 1244 630 Weber.
1272 605 1313 642 p.
1333 589 1415 632 184
1434 604 1520 642 sqq.
1550 590 1632 632 153
1651 603 1738 641 sqq.

198 654 258 693 De
286 668 321 693 v.
343 656 515 706 primis,
547 656 571 694 i.
600 669 633 695 e.
664 657 914 708 primoribus,
941 658 1209 698 honestissimo
1229 660 1316 698 Ioco
1336 660 1436 697 natis
1461 659 1562 699 conf.
1581 658 1739 710 Forbig.

199 725 246 762 ad
274 724 380 774 Virg.
410 723 505 762 Aen.
532 722 575 773 9,
607 724 702 766 453.
740 724 868 767 Halm.
899 727 949 764 ad
979 727 1060 765 Cic.
1089 740 1148 778 pr.
1190 726 1293 764 Sest.
1321 726 1392 777 53,
1423 724 1536 768 114.»
1556 726 1740 779 Porphyr.

198 804 259 843 ap.
288 791 463 830 Hoched.
490 793 720 844 „Augusto,
746 793 981 843 Maecenati,
1010 793 1169 832 Pollioni
1202 799 1242 833 et
1276 795 1483 833 caeteris.“

310 859 356 899 V.
386 857 454 901 24.
485 860 552 903 25.
613 861 799 913 Corporis
825 883 875 890 —
901 875 1036 900 essem.
1080 862 1164 900 Jam
1197 864 1336 902 transit
1364 864 1414 901 ad
1450 861 1743 914 descriptionem

200 929 397 981 corporis,
431 930 536 979 quod
563 930 610 967 ab
639 930 767 968 amicis
789 943 859 982 per
881 931 1010 981 jocum
1034 929 1196 969 subinde
1227 932 1395 970 derisum
1415 935 1488 970 est.
1533 932 1643 970 Suet.
1665 929 1743 969 vit.

198 998 336 1037 Horat.
363 995 506 1035 habitu
545 1000 722 1049 corporis
760 997 888 1036 brevis
915 1006 1038 1051 atque
1064 998 1203 1037 obesus
1237 1021 1286 1028 —-
1326 1005 1366 1038 et
1393 999 1555 1051 August.
1584 998 1675 1038 ibid.
1703 998 1743 1036 in

198 1067 322 1119 Epist.
376 1066 458 1104 Sed
490 1068 528 1104 si
554 1074 709 1105 statura
735 1067 843 1107 deest
853 1094 869 1113 ,
906 1067 1187 1119 corpusculum
1223 1082 1302 1105 non
1331 1068 1438 1106 deest
1455 1071 1529 1107 etc.
1542 1068 1596 1120 ²⁴¹).
1645 1067 1744 1107 Hine

199 1137 281 1175 Sat.
315 1137 355 1186 2,
383 1136 426 1187 3,
456 1136 556 1177 308.
585 1135 726 1189 longos
752 1136 952 1183 imitaris,
979 1135 1032 1174 ab
1061 1138 1141 1174 imo
1157 1136 1217 1174 ad
1237 1149 1439 1174 summum
1463 1143 1569 1174 totus
1589 1135 1745 1174 moduli

201 1203 409 1256 bipedalis.
448 1203 533 1246 vid.
567 1217 656 1243 ann.
689 1205 739 1244 ad
776 1202 818 1254 4,
858 1204 924 1246 15.
965 1205 1031 1245 16.
1069 1205 1138 1255 15,
1174 1203 1363 1265 243coll.
1400 1205 1440 1243 J.
1476 1206 1656 1244 Maoaon.
1692 1205 1743 1244 de

198 1275 345 1312 Horat.
367 1272 504 1325 ffgie
525 1286 572 1310 ex
587 1286 700 1311 aereo
719 1273 959 1311 numismate
978 1272 1179 1311 delineata
1197 1274 1364 1311 Horatii
1387 1274 1504 1312 Vitae
1521 1274 1743 1326 praemissa,

206 1342 388 1381 Visconti
423 1341 630 1392 „Iconogr.
658 1341 803 1382 Rom.“
839 1342 869 1381 Ι.
899 1355 941 1394 p.
963 1342 1047 1383 395
1071 1363 1129 1371 —-
1152 1342 1208 1383 98
1238 1346 1279 1380 et
1306 1341 1384 1380 tab.
1411 1341 1511 1381 XIII.
1543 1355 1602 1381 nr.
1631 1343 1671 1384 2.
1698 1342 1740 1384 3.

209 1411 253 1451 C.
282 1411 453 1448 Passov.
486 1409 559 1449 Nr.
580 1410 676 1451 287.
706 1408 901 1450 Diintzer.
931 1410 979 1452 11.
1003 1424 1043 1462 p.
1068 1410 1166 1452 873.
1199 1410 1482 1449 Walckenaer.
1510 1410 1558 1449 11.
1584 1424 1622 1463 p.
1643 1411 1741 1452 578.

204 1478 491 1518 Wzistemann.
521 1480 570 1516 ad
597 1478 680 1517 Sat.
701 1479 741 1528 1,
763 1479 802 1528 1,
825 1479 921 1519 120.
980 1478 1147 1532 Teuffel.
1178 1479 1280 1530 apud
1306 1478 1438 1530 Pauly.
1457 1478 1522 1520 ῙΠ.
1552 1491 1594 1530 p.
1617 1477 1740 1520 1468-

201 1549 314 1595 Quod
343 1549 443 1599 nigri
472 1547 611 1586 coloris
649 1546 847 1585 Horatium
874 1546 1149 1599 Virgiliumque
1187 1547 1305 1585 fuisse
1336 1547 1426 1585 dicit
1453 1546 1666 1586 Scholiasta
1689 1546 1742 1585 ad

198 1618 282 1656 Juv.
311 1619 354 1667 7,
384 1618 494 1665 2272,
533 1627 651 1666 penes
679 1615 804 1667 ipsum
829 1615 927 1654 fides
952 1620 1047 1655 esto.
1094 1615 1279 1654 Hausisse
1300 1627 1368 1653 sua
1386 1614 1536 1654 videtur
1553 1627 1599 1654 ex
1616 1615 1742 1667 Epist.

199 1686 243 1735 7,
273 1685 341 1726 26.
380 1684 425 1725 A.
455 1683 500 1724 P.
527 1683 597 1724 37.
632 1705 680 1712 -
703 1697 970 1734 praeconum.
1018 1684 1149 1726 Schol.
1179 1685 1296 1736 Cruq.
1335 1687 1456 1734 „ante
1492 1687 1642 1736 tempus
1677 1696 1743 1722 αι·

200 1753 334 1802 num,“
376 1751 548 1790 similiter
585 1752 746 1804 explicat
782 1752 1024 1805 Porphyrion
1060 1757 1100 1792 et
1127 1757 1255 1803 reete,
1292 1764 1379 1791 nam
1409 1750 1473 1790 alii
1508 1749 1742 1800 ‚‚incanum“

201 1819 330 1871 (Serv.
358 1819 406 1856 ad
432 1818 537 1870 Virg.
570 1820 663 1860 Aen.
687 1823 729 1871 6,
762 1821 865 1873 810)
891 1822 1030 1871 „valde
1055 1823 1234 1872 canum‚“
1269 1826 1311 1860 ut
1333 1820 1599 1872 praegravis,
1621 1831 1743 1870 prae·-

201 1887 355 1934 celeus,
381 1887 534 1933 Simili&
561 1892 620 1926 est
639 1885 746 1937 ἅπαξ
765 1885 997 1942 λεγόμενον,
1021 1890 1078 1928 cui
1098 1890 1332 1941 respondent
1341 1888 1544 1940 festinata
1561 1893 1743 1926 senectu-

202 1957 253 1994 tis
277 1955 456 2007 insignia
480 1956 582 2005 apud
611 1954 707 1993 Plin.
737 1955 879 2007 Paneg.
907 1957 947 1998 4.
974 1961 1013 1995 et
1043 1957 1318 2009 Intempestiui
1331 1955 1576 2008 funduntur
1601 1956 1743 1993 omia

202 2025 298 2063 cani
315 2023 418 2076 apud
434 2022 570 2061 Boeth.
592 2023 640 2061 de
662 2023 818 2061 Consol.
841 2023 934 2075 phil.
964 2026 1001 2074 1,
1022 2030 1130 2064 metr.
1154 2027 1193 2075 1,
1218 2027 1284 2066 11.
1327 2023 1387 2064 De
1404 2025 1476 2064 hac
1494 2018 1744 2076 praepostera

202 2094 340 2132 canitie
364 2092 468 2132 conf.
503 2103 589 2133 ann.
617 2091 668 2129 ad
690 2093 732 2140 7,
762 2093 829 2134 26.
859 2095 898 2130 et
924 2091 1118 2131 Vanderb.
1148 2093 1198 2131 ad
1227 2093 1302 2131 Od.
1328 2094 1369 2143 2,
1401 2094 1466 2133 11.
1496 2105 1537 2143 p.
1559 2091 1667 2141 255„
1692 2091 1753 2129 de·

201 2167 375 2214 tempore
406 2161 575 2212 disputat
601 2159 805 2198 fflankius
834 2160 871 2198 in
900 2159 1011 2198 Fast.
1042 2160 1139 2199 Hor.
1163 2174 1204 2212 p.
1233 2162 1299 2202 60.
1325 2181 1381 2190 ——
1409 2160 1560 2198 solibus
1586 2166 1741 2211 apuam·

202 2230 390 2282 Porphyr.
417 2230 602 2280 „solitum
628 2231 756 2282 jacere
787 2228 857 2268 sub
888 2227 969 2266 sole
995 2232 1033 2267 et
1055 2227 1206 2266 chroma
1233 2229 1388 2266 facere“
1419 2233 1457 2267 et
1475 2227 1602 2268 Schol.
1624 2227 1743 2277 Cruq.

200 2300 321 2350 „quia
348 2304 461 2337 senes
489 2298 571 2338 sole
597 2299 766 2350 gaudent
779 2296 890 2347 **).“
938 2296 1163 2348 Intelligitur
1189 2297 1220 2334 si
1247 2308 1324 2335 non
1344 2297 1499 2348 proprie
1521 2296 1622 2334 dieta
1640 2295 1744 2351 apri-

203 2368 302 2406 oetio
332 2367 412 2406 sive
439 2367 637 2416 molatio,
670 2364 857 2420 ἦλίωσις,
887 2363 1101 2421 ἦλιοκαΐα,
1133 2369 1173 2403 at
1201 2369 1304 2403 certe
1333 2377 1440 2403 amor
1469 2363 1606 2402 caloris
1633 2362 1743 2413 fuga*

205 2449 278 2485 que
306 2435 459 2487 frigoris
497 2435 605 2485 (ann.
633 2435 681 2473 ad
716 2435 760 2483 7,
788 2433 871 2485 11).
926 2432 1083 2472 Poetam
1109 2433 1206 2472 enim
1244 2433 1420 2483 regiones
1450 2430 1592 2469 calidas
1618 2441 1742 2480 quae·-

206 2586 241 2618 p.
259 2574 373 2619 138.)=
393 2574 567 2619 „Ajoutes
578 2573 611 2617 (2
623 2574 648 2616 !)
665 2584 792 2607 encore
809 2583 877 2619 que
887 2568 951 2617 j'ai
970 2583 1010 2606 su
1024 2571 1139 2618 plaire
1153 2572 1173 2604 ὲ
1189 2582 1230 2605 ce
1246 2570 1329 2616 qu'il
1349 2581 1370 2613 y
1391 2568 1488 2603 avait
1507 2569 1552 2603 de
1572 2568 1649 2614 plns
1662 2566 1741 2601 illu-

207 2634 279 2664 stre
299 2631 386 2665 dans
401 2631 510 2665 Rome
530 2636 568 2664 et
584 2631 671 2664 dans
687 2630 738 2664 les
754 2641 872 2675 camps
883 2655 894 2673 ‚
917 2629 1047 2663 durant
1062 2629 1095 2663 Ia
1108 2627 1211 2674 paix,
1233 2628 1363 2662 durant
1377 2627 1411 2661 Ia
1424 2627 1593 2671 guerre-‘⁶

318 2683 358 2731 *)
387 2688 491 2722 Hunc
511 2688 625 2722 locum
650 2687 794 2732 egregie
823 2686 981 2720 illustrat
1013 2685 1227 2720 Weichertue
1251 2684 1286 2718 in
1315 2683 1484 2719 fasciculo
1514 2687 1674 2729 postumo
1695 2680 1741 2714 do

209 2743 334 2788 Imper.
358 2745 457 2780 Caes.
479 2747 577 2791 Aug.
599 2744 715 2790 script.
741 2743 850 2787 Reliq.
899 2743 1044 2777 Grimae
1064 2739 1166 2780 1846.
1185 2742 1296 2776 amica
1315 2752 1416 2776 manu
1437 2740 1536 2775 edito
1555 2751 1591 2784 p.
1609 2739 1674 2773 190
1686 2748 1740 2782 sq.

298 2794 359 2843 **)
384 2801 538 2845 Propter
557 2801 622 2835 hoc
642 2800 799 2835 scholion
819 2799 1029 2837 mirabiliter
1048 2799 1193 2844 conjicit
1208 2798 1398 2844 Cruqm‘us:
1435 2795 1542 2842 „quid
1560 2794 1588 2829 si
1609 2793 1741 2828 alludat

207 2854 253 2888 ad
276 2855 451 2899 Floralia,
476 2857 601 2900 quibus
623 2857 726 2891 sestis
747 2856 952 2892 meretrices
971 2857 1124 2891 nudatae
1140 2856 1298 2891 vestibus
1318 2856 1354 2890 in
1374 2853 1516 2901 publico
1542 2851 1738 2886 saltabant:

207 2911 300 2946 unde
319 2911 441 2946 Persio
462 2912 548 2946 dicti
570 2918 650 2947 sunt
665 2915 744 2948 Sat.
758 2913 792 2952 5.
816 2914 928 2960 aprici
946 2915 1081 2949 senes.“
