1910 3138
113 219 195 263 117

554 216 695 256 me
725 215 752 254 1.
803 214 1062 254 EPlSTOLA
1090 214 1186 252 XVI.

1558 209 1640 254 277

179 339 379 389 Continui
411 342 601 400 montes,
634 343 678 386 ni
714 340 994 386 dissocientur
1030 354 1169 401 opaca
1613 340 1639 379 5

178 421 328 481 Valle,
362 419 440 466 sed
472 423 521 464 ut
553 421 730 464 veniens
765 420 959 465 dextrum
992 420 1107 464 latus
1141 419 1319 478 aspiciat
1356 419 1438 477 sol,

176 501 372 546 Laevum
404 494 630 544 ‘discedens
667 514 795 544 curru
830 499 1023 560 fugiente
1056 500 1263 559 vaporet.

177 579 449 639 Temperiem
482 578 654 624 laudes.

110 715 356 759 Confi-edm
385 711 446 750 48.
478 715 546 749 Fe.
568 720 605 748 et
622 713 781 748 Hoched.
806 714 852 748 ad

110 771 155 813 A.
172 773 217 808 P.
239 772 275 807 9.
297 790 346 796 —
367 771 412 805 V.
426 771 461 805 5.
480 771 518 804 πί
535 771 615 805 diss.
636 770 727 804 Mss.
743 770 852 804 Palm.

112 830 148 866 1.
172 827 210 864 4.
244 830 301 864 10.
335 828 444 863 Torr.
474 827 567 872 plur.
595 828 732 862 Bersm.
755 833 853 873 quat.

111 885 237 920 Oberl.
255 885 298 919 C.
319 885 365 919 D.
385 884 510 918 Comb.
537 884 580 918 C.
601 884 645 918 F.
666 885 714 918 G.
732 884 798 918 Fe.
819 886 852 928 1,

111 953 144 976 a.
164 943 200 976 d.
218 946 248 975 t.
269 942 316 985 (ιι
336 943 368 975 1.
390 940 462 983 ιιι.)
481 941 521 983 2,
541 952 574 975 e.
596 940 632 976 d.
654 941 690 974 1ι.
707 941 734 974 i.
753 940 852 984 3,.a.

111 997 147 1033 d.
166 997 211 1042 5,
240 1010 274 1032 ιι.
301 996 328 1031 f.
354 997 407 1032 Ik.
438 998 471 1031 1.
497 996 533 1033 5.
558 998 594 1032 6.
634 997 730 1031 Ροιι.
762 1008 852 1031 οιιιιι.

111 1055 226 1089 Orell.
240 1065 332 1088 οιιιιι.
346 1053 467 1089 Berol.
477 1054 514 1087 1.
527 1054 631 1088 Dess-
647 1055 680 1088 1.
695 1054 732 1088 3.
751 1053 854 1099 Lips.

111 1113 148 1147 2.
165 1110 201 1147 3.
230 1111 342 1146 Dorv.
365 1112 400 1147 2.
428 1110 575 1153 Coi-bei.
601 1110 680 1144 eod.
705 1109 853 1144 Mentel.

111 1167 176 1212 (de
191 1166 356 1202 Goth-no
369 1178 440 1201 ιιοιι
454 1166 585 1212 liquet)
604 1166 745 1201 Monac.
760 1178 852 1201 omn.

109 1228 257 1270 praeter
276 1227 375 1269 qut.
398 1223 454 1267 (b.
471 1234 508 1267 g.
528 1222 554 1257 l.
573 1233 618 1256 ιιι.
637 1223 732 1257 Vict.
755 1223 852 1266 πίεί).

109 1282 221 1318 Bm.
236 1280 341 1325 reliq·
367 1284 406 1314 et
424 1280 588 1315 Ambros.
608 1279 650 1315 Α.
671 1279 715 1314 D.
735 1280 780 1314 F.
802 1280 852 1315 N.

109 1337 151 1372 P.
179 1335 272 1371 Edd.
309 1337 456 1371 eadam.
483 1332 566 1371 480.
599 1335 708 1374 Talb.
735 1336 854 1372 Bentl.

111 1393 201 1428 cun.
232 1392 439 1438 (Animadv.
473 1404 506 1426 e.
533 1394 596 1428 8.
600 1404 638 1437 p.
667 1393 752 1436 76.)
786 1393 851 1427 Fe.

110 1450 212 1485 Pott.
247 1449 362 1485 Orell.
396 1450 443 1484 el.
473 1449 644 1494 eomplur.
677 1449 746 1483 πίει·
770 1450 852 1484 diu.

110 1505 201 1541 Mas.
220 1505 325 1552 reliq.
338 1509 377 1541 et
390 1507 471 1540 edd.
485 1506 583 1550 vulg.
600 1509 684 1539 ante
696 1505 805 1541 Talb.
815 1510 854 1540 et

22 1594 37 1602 ,
110 1567 196 1608 post
235 1573 313 1597 enm
348 1562 437 1597 Dae.
479 1562 564 1595 San.
605 1562 717 1596 Gesn.
756 1561 851 1597 Sivr.

113 1618 239 1654 Oberl.
269 1619 395 1653 Comb.
424 1619 535 1652 Zeun.
563 1617 681 1652 Wetz.
709 1618 853 1655 Wakef.

111 1675 202 1709 Bad.
221 1675 330 1710 narn.
353 1675 409 1710 Ik.
435 1674 560 1719 Cump.
587 1674 696 1709 Doer.
717 1674 852 1720 Charp.

111 1731 229 1766 Amar.
262 1731 319 1765 Ita
346 1736 384 1766 et
411 1731 523 1765 locum
547 1730 693 1765 laudant
710 1731 794 1767 Aer.
817 1736 855 1766 et

114 1787 234 1822 schol.
261 1787 372 1833 Cruq.
399 1787 447 1821 ad
470 1786 541 1822 Od.
563 1788 606 1831 1,
628 1789 692 1832 17,
713 1789 770 1823 11.
795 1808 854 1814 -

113 1843 354 1878 ἀίεεοσίωιων.
385 1843 455 1878 Ma.
483 1843 604 1878 Berol.
638 1845 669 1879 1.
700 1844 801 1879 Mon.
826 1845 852 1879 l.

111 1899 180 1934 Ed.
199 1900 344 1935 Cadom.
365 1897 447 1935 480.
474 1919 530 1926 —
560 1900 606 1935 V.
630 1902 665 1936 6.
695 1901 853 1947 aspiciat,

111 1968 182 1991 ιιοιι
209 1958 321 2002 adop„
352 1968 436 1992 mss.
464 1955 573 1993 Bern.
601 1957 717 1991 Paris.
745 1957 851 1993 Dese.

114 2014 219 2048 Gott.
250 2017 289 2048 ot
312 2013 414 2058 Lips.
442 2025 532 2049 omn.
560 2013 654 2049 Edd.
677 2025 750 2050 see.
770 2013 851 2049 XV.

113 2080 203 2104 οιιιιι.
235 2067 328 2104 Vide
354 2070 399 2104 de
425 2070 492 2104 hac
517 2069 695 2105 scribendi
711 2071 851 2106 ratione

114 2126 287 2172 Priscian.
307 2128 341 2169 2,
363 2128 397 2170 1,
416 2126 450 2160 7.
470 2139 508 2172 p.
524 2125 583 2161 59.
599 2126 664 2162 Kr.
684 2127 786 2162 Pass.
805 2127 851 2161 ad

113 2181 202 2218 Tac.
221 2183 342 2218 Germ.
361 2194 398 2228 p.
418 2182 453 2216 3.
474 2182 579 2217 Kritz
597 2184 642 2218 ad
661 2183 749 2218 Sall.
767 2184 851 2218 Cat.

112 2234 172 2281 47,
191 2250 230 2284 p.
249 2240 328 2274 213.
347 2239 508 2274 Lindem.
528 2239 572 2274 ad
587 2240 711 2274 Select.
728 2252 747 2274 e
757 2245 851 2286 poet.

115 2293 179 2328 lat.
207 2305 316 2329 emm.
335 2307 371 2341 p.
390 2294 455 2330 IX.
484 2315 542 2322 -
565 2296 628 2330 Sol
647 2296 753 2330 litera
769 2297 850 2340 maj.

115 2348 200 2394 aliq.
210 2350 290 2385 edd.
302 2356 341 2384 ut
354 2351 471 2386 Bentl.
480 2351 570 2386 Cun.
579 2352 660 2386 Jon.
673 2352 787 2389 Orell.
803 2352 849 2386 al.

172 2404 217 2438 V.
232 2405 268 2439 7.
287 2407 472 2441 ἀίκαὶσπε.
491 2408 579 2442 Mss.
599 2412 638 2442 et
656 2408 737 2442 edd.
752 2409 850 2452 vulg.

118 2460 294 2494 decedens.
321 2461 392 2497 Με.
420 2462 474 2495 Πι.
506 2468 547 2497 ιιι
578 2463 720 2498 videtur
745 2464 780 2499 5.
798 2468 853 2498 ‘et

116 2515 293 2550 Ambros.'
314 2515 361 2555 H.
408 2517 477 2551 Ed.
507 2519 625 2553 Bentl.
657 2520 703 2554 de
734 2521 853 2564 conje-

118 2575 239 2614 ctura,
288 2581 388 2616 quem
420 2579 610 2617 sequuntur
645 2576 734 2610 Cun.
766 2577 852 2611 San.

116 2627 233 2662 Men.
280 2628 359 2661 Jon.
402 2628 536 2663 Sandb.
576 2630 703 2666 Franc.
745 2631 852 2666 Bask.

119 2685 229 2718 Gesn.
264 2682 361 2717 Sivr.
392 2682 539 2727 Dorigh.
575 2685 698 2720 Oberl.
729 2688 852 2722 Comb.

117 2738 207 2774 Bad.
240 2739 382 2773 Wakef.
413 2739 533 2773 Wetz.
564 2740 710 2778 Haben-r.
743 2743 852 2777 Daru.

117 2795 281 2830 Praedic.
312 2796 424 2830 nunt.
458 2795 565 2830 Both.
598 2797 719 2832 Jaeek.
745 2798 852 2832 Doer.

121 2851 252 2897 (ἔδει).
280 2851 396 2887 Amr.
443 2850 505 2886 Sic
532 2854 570 2885 et
595 2851 707 2888 locum
731 2854 854 2888 laudat

122 2905 309 2943 Foreellin.
340 2919 377 2943 v.
410 2918 598 2954 vaporare.
634 2909 851 2944 «tamdem.

724 577 837 635 Quid
851 609 866 637 ,

902 579 936 621 si
972 562 1203 622 rubicunde
1236 575 1450 638 benignae

898 713 988 748 Mss.
1007 713 1077 748 duo
1096 725 1155 758 ap.
1174 713 1312 747 Bersm.
1339 715 1379 746 et
1400 711 1527 747 obern.
1551 711 1638 758 aliq.

895 770 1015 804 Bentl.
1040 770 1176 804 Valart.
1205 780 1263 803 un.
1293 767 1487 813 (Sorbon.)
1514 767 1583 803 Fe.
1602 767 1640 811 3,

897 838 930 862 c.
951 827 988 861 d.
1007 827 1052 869 7,
1080 837 1112 860 ι.
1139 826 1238 870 Lips.
1261 827 1295 861 2.
1315 824 1463 859 Corbei.
1484 824 1582 859 Μοιι.
1601 836 1639 870 g.

897 883 1056 918 Ambros.
1082 883 1126 918 A.
1158 883 1249 916 Edd.
1276 881 1388 917 Lech.
1415 880 1503 926 (sed
1523 881 1643 916 'lubet

896 940 1097 975 discendens
1122 945 1163 973 ιιι
1190 938 1267 972 cod.
1292 938 1411 976 Guelf.
1443 939 1498 982 2.,
1518 942 1643 973 contra

898 997 1083 1031 descedens
1096 996 1149 1031 ik.
1164 992 1221 1039 4.)
1241 995 1340 1040 Lips.
1354 994 1438 1030 510.
1452 1013 1510 1019 —
1523 1005 1641 1030 earn.

897 1053 968 1087 Me.
991 1052 1152 1087 Blmdiu.
1172 1064 1231 1098 ap.
1245 1051 1369 1097 Cruq.‚
1390 1051 1454 1086 sed
1468 1051 1516 1085 ef.
1530 1050 1641 1085 Drak.

897 1110 943 1143 ad
962 1109 1030 1143 Sil.
1050 1110 1114 1152 16,
1131 1106 1215 1144 334.
1246 1108 1350 1144 Cort.
1378 1108 1423 1142 ad
1448 1108 1582 1143 Luoen.
1606 1108 1645 1150 7,

897 1165 934 1200 3.
947 1184 1002 1191 -
1010 1167 1193 1212 fulgente.
1209 1164 1277 1199 Ms.
1293 1165 1399 1199 Bern.
1415 1165 1456 1200 F.
1469 1184 1517 1190 -—
1536 1175 1643 1209 vapo-

897 1225 967 1256 rat.
987 1222 1058 1256 Me.
1076 1222 1127 1256 lk.
1141 1219 1180 1257 4.
1194 1222 1359 1256 Ambros.
1370 1222 1416 1255 F.
1428 1241 1486 1247 -—
1497 1221 1643 1255 Bentle-

893 1279 981 1323 jana
1006 1278 1068 1313 illa
1099 1279 1307 1324 conjectura
1341 1278 1474 1323 optime
1503 1277 1642 1323 quidem

898 1335 1072 1370 describit
1100 1335 1210 1370 solem
1237 1337 1280 1370 ad
1310 1346 1472 1371 occasum
1504 1334 1643 1369 declive

896 1393 967 1426 iter
995 1397 1173 1428 tenentem
1199 1397 1238 1427 et
1270 1404 1349 1426 mox
1375 1392 1483 1438 plane
1513 1403 1644 1426 evane-

896 1454 1071 1492 scentem,
1101 1454 1141 1483 ιιι
1161 1449 1293 1483 docent
1313 1448 1475 1494 exempla
1494 1459 1516 1482 ιι
1534 1449 1644 1482 Bent-

897 1505 967 1550 lejo
998 1506 1106 1540 allata
1127 1506 1210 1540 coll.
1236 1505 1340 1540 Hom.
1369 1506 1442 1540 Od.
1470 1504 1536 1547 15,
1559 1501 1643 1542 471.

895 1562 999 1607 Virg.
1021 1563 1090 1596 Ge.
1112 1564 1151 1605 1,
1171 1559 1255 1596 450.
1276 1562 1386 1597 Ovid.
1400 1561 1493 1596 Met.
1515 1558 1550 1603 4,
1568 1561 1642 1604 91.,

897 1618 960 1653 sed
980 1619 1157 1653 discedens
1185 1619 1244 1653 hie
1273 1618 1466 1664 opponitur
1493 1617 1646 1653 venena

896 1679 937 1709 ιιι
954 1675 1031 1710 Cic.
1051 1675 1098 1710 N.
1119 1675 1164 1710 D.
1185 1677 1219 1718 2,
1239 1676 1272 1718 7,
1293 1676 1349 1710 19.
1383 1675 1439 1709 De
1464 1678 1645 1721 permuta-

895 1732 995 1766 tione
1019 1731 1160 1766 illorum
1188 1733 1376 1766 verborum
1404 1731 1480 1767 vid.
1502 1731 1571 1768 Fe.
1596 1732 1643 1766 ed

898 1790 956 1832 20,
973 1787 1009 1823 5.
1038 1788 1083 1822 A.
1101 1789 1145 1822 P.
1169 1788 1249 1824 378.
1271 1789 1385 1823 Drak.
1405 1789 1450 1823 ad
1470 1788 1538 1822 Sil.
1559 1787 1641 1822 Ital.

899 1846 966 1888 17,
990 1846 1024 1879 1.
1051 1844 1200 1880 Biinem.
1227 1845 1274 1879 ad
1302 1846 1468 1880 Lactant-
1494 1845 1584 1879 Inst-
1605 1841 1640 1888 4,

898 1903 955 1944 21,
970 1903 1005 1937 2.
1031 1900 1132 1936 Cort.
1148 1901 1192 1937 ad
1207 1902 1339 1937 Lucan.
1357 1901 1394 1945 3,
1407 1902 1489 1938 632.
1509 1903 1545 1945 6,
1556 1898 1639 1936 451.

895 1958 1004 1992 Βιισίι.
1037 1958 1083 1993 nd
1117 1960 1205 1993 Tib.
1235 1961 1274 2001 1,
1302 1960 1342 2002 2,
1373 1959 1429 1994 19.
1470 1957 1642 1992 Similiter

896 2015 1069 2049 discedere
1082 2020 1121 2050 et
1135 2016 1295 2050 incedere
1312 2019 1539 2060 opponuntur
1553 2014 1641 2047 Sall.

894 2071 976 2115 Jug.
996 2068 1056 2115 41,
1074 2071 1124 2116 3.,
1144 2072 1206 2106 ubi
1223 2072 1308 2106 vide
1326 2071 1553 2122 Herzogium.

951 2128 995 2160 V.
1005 2129 1041 2163 8.
1063 2129 1176 2171 Quid?
1193 2129 1223 2162 εί
1237 2129 1315 2162 rub.
1333 2127 1395 2161 Sic
1410 2126 1496 2160 dist.
1509 2125 1640 2159 multae

897 2184 979 2218 edd.
1001 2188 1042 2218 ιιι
1060 2184 1140 2218 Ald.
1160 2185 1256 2219 Junt.
1279 2184 1381 2217 Glar.
1398 2182 1509 2216 Palm.
1525 2182 1637 2226 Cruq.

895 2260 952 2266 —-
968 2260 1019 2266 —
1046 2240 1113 2274 Fe.
1132 2241 1241 2275 Doer.
1262 2240 1362 2273 Pott.
1389 2238 1545 2283 charp.,
1575 2236 1640 2271 sed

894 2308 1103 2342 perperam,
1131 2296 1205 2330 vid.
1226 2307 1306 2330 ann.
1329 2294 1374 2328 ad
1395 2296 1428 2338 1,
1446 2295 1505 2328 97.
1523 2305 1559 2339 p.
1581 2295 1639 2329 20.

896 2351 1051 2386 Schmid.
1075 2352 1122 2386 ad
1140 2353 1175 2387 h.
1196 2352 1219 2385 l.
1243 2352 1350 2385 Hess.
1369 2350 1415 2383 ad
1438 2350 1527 2384 Tac.
1546 2348 1640 2384 Dial.

895 2420 931 2453 p.
953 2408 1032 2443 139.
1062 2410 1164 2451 Quod
1184 2408 1224 2441 εἰ.
1244 2407 1335 2442 Mss.
1355 2406 1477 2440 Lamb.
1502 2407 1537 2447 1,
1556 2405 1637 2441 duo.

896 2466 930 2499 2.
952 2463 988 2498 3.
1006 2465 1042 2499 6.
1077 2464 1185 2507 Cruq.
1204 2464 1238 2497 6.
1260 2463 1294 2496 9.
1315 2462 1351 2496 3.
1380 2462 1493 2496 ΡιιΙιιι.
1516 2461 1554 2500 3.
1580 2464 1638 2498 10.

896 2520 987 2555 Βιιᾱ.
1008 2521 1042 2553 l.
1062 2519 1130 2552 Fe.
1151 2520 1185 2560 6,
1205 2530 1238 2553 c.
1263 2518 1384 2553 Guelf.
1406 2520 1439 2553 1.
1468 2518 1581 2554 Dorv.
1605 2520 1638 2554 1.

896 2576 997 2610 Mon.
1013 2587 1045 2609 c.
1061 2575 1099 2608 d.
1115 2586 1148 2611 e.
1162 2585 1196 2618 g.
1217 2574 1281 2618 (ex
1293 2585 1387 2608 corr.
1400 2575 1460 2618 qui
1470 2575 1517 2618 εἰ)
1529 2576 1637 2611 Bern.

897 2632 941 2666 B.
968 2646 1024 2663 z:
1055 2629 1168 2664 Orell.
1192 2630 1229 2664 d.
1257 2630 1350 2665 Hinc
1377 2630 1552 2677 Cruquius
1579 2631 1638 2668 hic

898 2692 935 2720 et
962 2698 997 2719 v,
1026 2687 1060 2720 9.
1091 2685 1162 2731 legi
1185 2686 1339 2721 mavult:
1367 2688 1460 2731 quod
1481 2688 1536 2732 πί,
1558 2688 1584 2730 ἰ.
1603 2701 1635 2724 e.

898 2741 1082 2786 „perinde
1117 2753 1159 2776 ac
1196 2742 1396 2778 Tarentina
1427 2743 1530 2779 vanis
1565 2757 1636 2781 ιιοιι

898 2808 1024 2840 corna,
1045 2808 1177 2843 pruna,
1197 2798 1345 2844 gludes
1365 2803 1555 2848 oeternque
1573 2802 1635 2837 sil-

895 2852 1050 2897 vestria,
1074 2855 1139 2889 sed
1161 2854 1297 2891 fruetus
1324 2857 1487 2893 meliores
1513 2859 1635 2906 profe-

897 2910 993 2944 rat.“
1029 2910 1074 2946 At
1090 2911 1131 2946 εί.
1150 2910 1220 2946 Me.
1244 2913 1311 2948 Fe.
1339 2915 1357 2949 1
1370 2939 1382 2958 ‚
1401 2925 1435 2952 a.
1458 2915 1499 2960 (ι
1519 2917 1551 2951 1.
1571 2917 1633 2959 ιιι.)
