1910 3138
265 220 347 264 456
377 219 732 262 COMMENT.1N
750 220 872 260 non,
897 220 994 261 Lis.
1021 223 1051 262 1.
1083 208 1246 267 Emsr.
1270 224 1679 265 Duonssvlcesm.
1712 227 1795 269 108

264 336 363 387 quin
391 342 428 372 et
455 332 739 374 comburantur
752 335 965 384 proxima?
1007 335 1153 375 Locum
1176 338 1324 390 aperuit
1338 338 1379 391 *)
1406 338 1550 381 Victor.
1579 340 1627 381 V.
1656 337 1704 377 L.
1725 339 1794 389 16,

293 405 333 444 3.
395 432 404 440 .
434 400 530 443 414.

267 407 287 445 1
365 417 418 508 Ii'.
455 470 509 510 86
536 490 594 498 --
623 467 691 509 95.
734 467 948 522 Praeceptis
981 470 1054 509 illis
1085 471 1132 510 de
1169 477 1272 512 recte
1311 473 1450 512 utenda
1482 475 1648 525 potentis
1684 474 1791 512 amici

264 538 422 576 amicitia
446 537 563 575 finitis
593 537 719 575 addit:
745 537 827 589 „Et
849 538 945 577 haud
972 539 1083 578 facile
1109 545 1190 590 est,
1221 542 1370 592 patroni
1397 540 1596 580 amicitiam
1624 541 1792 581 benevo-

264 606 485 658 lentiamque
519 618 764 656 conservare,
800 619 932 657 quam,
972 621 1046 658 quo
1086 609 1206 659 magis
1242 610 1378 647 iisdem
1406 609 1543 660 quibus
1575 609 1636 648 ille
1654 624 1658 627 ·
1674 609 1790 649 rebus

261 673 460 712 movebere
478 674 605 726 illique
633 679 769 714 natura
792 676 1021 726 consenties,
1055 689 1099 714 eo
1126 676 1269 715 facilius
1299 677 1526 716 retinebis.“
1567 676 1677 716 Hunc
1700 691 1791 716 sen-

261 742 457 780 tentiarum
487 744 655 783 ordinem
688 744 833 795 virgula
871 756 937 782 sua
972 746 1144 783 censoria
1178 745 1384 785 immutavit
1415 746 1700 785 Doederlinius
1711 749 1790 800 **),

372 889 414 936 *)
441 891 500 926 Ex
531 892 651 927 eadem
674 903 713 926 re
737 891 890 927 manavit
915 891 999 927 illud
1028 893 1119 938 apud
1149 892 1227 927 Cic.
1258 905 1312 939 pr.
1345 893 1452 930 Rosc.
1480 895 1638 930 comoed.
1659 897 1701 940 6,
1731 897 1790 931 17.

260 947 407 994 Nonne,
426 954 466 983 ut
482 949 576 995 ignis
590 950 626 984 in
641 961 771 994 aquam
793 951 962 994 conjectus
980 950 1142 985 continuo
1161 950 1395 996 restinguitur
1413 956 1447 986 et
1467 952 1726 999 refrigeratur-‚⁰
1743 953 1792 987 sic

259 1009 435 1051 refervens
439 1007 580 1050 falsum
599 1007 726 1041 crimen
746 1007 784 1041 in
802 1007 1018 1053 purissimam
1040 1012 1074 1041 et
1091 1007 1316 1041 castissimam
1334 1007 1440 1042 vitam
1462 1010 1651 1053 collatum,
1671 1009 1790 1044 statim

259 1062 407 1097 concidit
425 1068 458 1097 et
482 1063 740 1110 restinguitur?
768 1069 805 1097 et
823 1063 906 1098 illud
926 1075 982 1108 ap.
1009 1063 1112 1100 eund.
1136 1063 1172 1097 in
1194 1064 1286 1097 Phil.
1309 1065 1363 1107 10,
1386 1066 1442 1108 10,
1469 1067 1527 1103 21.
1559 1066 1790 1101 Concurritur

258 1119 408 1163 undique
429 1120 477 1153 ad
494 1131 674 1155 commune
697 1119 893 1154 incendium
916 1120 1215 1166 restinguendum.
1249 1120 1330 1154 Liv.
1354 1122 1411 1166 28,
1431 1118 1491 1167 42,
1514 1123 1571 1157 10.
1597 1121 1730 1159 Justin.
1756 1123 1788 1166 1,

259 1177 293 1220 7,
313 1177 348 1210 9.
367 1176 418 1210 ib.
442 1176 620 1211 Benecke.
654 1176 810 1222 Elegans
825 1177 1046 1222 metaphorae
1060 1188 1142 1211 usus
1161 1176 1218 1211 hic
1237 1176 1373 1222 quidem
1388 1179 1424 1212 in
1439 1190 1480 1213 eo
1497 1177 1675 1223 cernitur,
1695 1178 1789 1224 quod

259 1233 320 1279 qui
336 1235 512 1278 jacturam
532 1233 693 1278 honoris,
716 1233 987 1278 aestimationis,
1014 1234 1126 1268 famae
1155 1234 1347 1278 fecissent,
1371 1236 1535 1279 ambusti,
1562 1236 1718 1271 semiusti
1733 1236 1788 1270 in-

258 1291 377 1325 cendio
399 1290 643 1334 alienijudicii
659 1293 897 1337 conflagrasse
915 1291 1093 1334 dicuntur,
1115 1291 1188 1327 vid.
1211 1291 1319 1325 Fabr.
1340 1292 1384 1325 ad
1404 1291 1484 1326 Liv.
1507 1294 1564 1334 22,
1582 1291 1640 1336 35,
1663 1294 1698 1328 2.

349 1345 406 1391 **)
427 1347 461 1381 Is
481 1353 667 1393 postquam
686 1348 723 1382 in
743 1349 867 1383 Horat.
885 1349 975 1383 lectt.
992 1350 1112 1383 decad.
1133 1347 1299 1392 (Erlang.
1317 1349 1426 1392 1828)
1446 1360 1482 1395 p.
1502 1346 1556 1383 14.
1576 1347 1788 1384 sententiam

258 1404 414 1450 priorum
434 1415 596 1438 versuum
617 1405 835 1450 explanavit,
869 1405 912 1439 de
931 1416 990 1439 vv.
1011 1406 1056 1441 86
1075 1424 1121 1430 -
1141 1406 1186 1440 88
1205 1405 1257 1439 sic
1277 1404 1460 1450 disputare
1482 1405 1622 1451 pergit:
1650 1404 1788 1452 „Atqui

259 1461 424 1496 continuo
442 1461 608 1506 resumit,
643 1463 739 1507 quod
758 1462 860 1496 modo
891 1461 1024 1506 omisit,
1057 1466 1097 1496 ut
1115 1473 1211 1496 suam
1238 1462 1386 1508 quisque
1415 1467 1575 1497 naturam
1605 1461 1788 1497 assimulet

257 1525 426 1564 patrono,
452 1530 487 1553 v,
510 1519 555 1553 89
570 1539 626 1544 —
640 1518 698 1554 95.
737 1518 872 1554 Vellem
890 1518 1096 1554 festivitatis
1115 1518 1245 1564 aliquid
1263 1519 1301 1553 in
1327 1520 1394 1554 hac
1412 1519 1656 1566 praecipiendi
1674 1519 1787 1554 inter-

256 1576 421 1610 missione
442 1581 479 1609 et
497 1575 764 1621 intercapedine
785 1587 922 1622 possem
941 1587 1152 1622 agnoscere3
1186 1587 1277 1610 nunc
1296 1582 1414 1611 autem
1432 1577 1476 1611 ab
1496 1576 1650 1622 indignis
1670 1575 1786 1611 turbis

257 1633 402 1678 propius
421 1633 494 1666 tale
511 1632 592 1678 quid
610 1635 738 1667 abesse
757 1633 841 1667 mihi
855 1633 1012 1677 videtur,
1033 1644 1132 1679 quam
1157 1645 1178 1667 a
1200 1636 1304 1679 grata
1324 1633 1552 1679 negligentia.
1591 1632 1664 1668 Sed
1685 1644 1788 1668 acce-

258 1691 344 1723 dunt
364 1690 604 1724 dubitationes
623 1691 870 1735 grammaticae
886 1691 983 1727 duae.
1024 1691 1173 1725 Primum
1193 1690 1283 1725 enim
1300 1690 1432 1725 locutio
1453 1691 1530 1725 illa:
1550 1695 1615 1725 tua
1629 1690 1729 1724 navis
1746 1689 1786 1724 in

258 1748 329 1780 alto
345 1752 394 1780 cst
408 1747 490 1790 quid
512 1747 720 1791 significat?
748 1748 868 1782 Schol.
882 1748 987 1793 Cruq.
1008 1749 1104 1789 „Est
1119 1753 1233 1782 autem
1254 1748 1310 1782 hic
1330 1747 1500 1793 navigare
1522 1758 1600 1782 esse
1614 1746 1650 1780 in
1666 1746 1786 1781 amici-

256 1803 307 1836 tia
326 1803 483 1847 potentis
499 1803 620 1847 amici,
648 1803 704 1838 cui
717 1808 772 1839 est
785 1805 1051 1849 obsequendum,
1076 1804 1278 1839 Lambinus:
1298 1805 1402 1847 „dum
1420 1805 1456 1838 in
1470 1814 1573 1839 cursu
1590 1804 1670 1838 es.“
1687 1802 1784 1838 Doe-

255 1858 413 1904 ringius:
437 1871 566 1905 „quum
585 1860 619 1893 in
642 1861 738 1894 cultu
766 1861 976 1907 potentioris
1000 1873 1169 1907 prospero
1197 1872 1362 1895 successu
1382 1872 1464 1895 usus
1486 1873 1546 1906 es,
1570 1860 1609 1895 id
1627 1871 1715 1906 age,
1740 1871 1785 1894 ne

255 1916 300 1950 de
318 1915 395 1949 loco
417 1927 483 1961 quo
504 1928 713 1961 progressus
734 1929 771 1951 es
792 1917 1002 1963 rejiciaris-“
1042 1917 1072 1951 Ii
1093 1929 1210 1951 omnes
1231 1918 1331 1952 navis
1351 1917 1387 1951 in
1408 1918 1480 1952 alto
1501 1917 1679 1952 versantis
1702 1927 1785 1950 con-

255 1971 422 2008 ditionem
441 1974 477 2007 in
504 1973 628 2007 bonam
657 1978 792 2019 partem
817 1979 1019 2017 traxerunt,
1045 1979 1208 2020 tanquam
1228 1980 1336 2019 portu
1354 1974 1473 2009 exiisse
1493 1985 1576 2020 pars
1598 1972 1784 2008 felicitatis

256 2035 371 2072 esset3
393 2041 459 2064 non
481 2036 605 2064 contra
624 2030 794 2064 rationem
807 2057 816 2073 ‚
838 2035 875 2064 at
894 2035 1015 2064 contra
1033 2041 1139 2064 usum.
1174 2031 1262 2064 Nam
1281 2030 1333 2064 ita
1351 2036 1494 2065 veteres
1514 2032 1581 2066 hoc
1601 2034 1708 2076 tropo
1729 2028 1783 2063 uti

255 2087 389 2130 solent,
412 2092 451 2121 ut
470 2086 505 2120 in
527 2087 598 2121 alto
619 2086 758 2121 versari
782 2099 843 2121 eos
863 2086 1076 2132 potissimum
1097 2087 1233 2128 dicant,
1255 2087 1315 2132 qui
1339 2099 1360 2121 a
1378 2093 1540 2132 portuum
1556 2086 1705 2132 refugiis
1726 2097 1785 2120 re—

254 2144 339 2178 moti
359 2149 604 2190 tempestatum
624 2156 666 2178 ac
685 2144 851 2178 fluctuum
870 2144 1036 2189 periculis
1056 2143 1199 2177 obnoxii
1218 2143 1299 2179 sint.
1349 2144 1411 2178 Sic
1431 2143 1510 2178 Cic.
1531 2145 1640 2179 Tusc.
1661 2139 1704 2186 4,
1726 2143 1783 2177 18.

254 2203 338 2247 Ipsa
355 2201 417 2235 sibi
432 2201 645 2235 imbecillitas
659 2201 822 2247 indulget
839 2201 876 2234 in
893 2201 1064 2244 altumque
1083 2201 1282 2246 provehitur
1298 2199 1510 2246 imprudens.
1543 2200 1649 2234 Orat.
1668 2198 1704 2242 3,
1720 2198 1780 2235 36.

253 2259 409 2303 Repente
427 2264 461 2292 te
486 2258 587 2302 quasi
610 2258 745 2302 quidem
765 2263 880 2292 aestus
904 2257 1038 2304 ingenii
1057 2257 1110 2291 tui
1126 2257 1248 2302 procul
1264 2270 1286 2291 a
1305 2262 1403 2291 terra
1423 2256 1593 2301 abripuit,
1623 2260 1727 2299 atque
1744 2255 1783 2290 in

255 2317 365 2349 altum
392 2315 493 2358 quasi
509 2326 531 2348 a
552 2319 737 2360 conspectu
764 2326 879 2361 paene
898 2314 1048 2349 omnium
1073 2313 1255 2347 abstraxit.
1305 2313 1440 2348 Deinde
1459 2313 1551 2347 inter
1567 2317 1695 2346 cuncta
1714 2323 1781 2357 pro

254 2371 399 2406 libidine
419 2371 596 2416 explicant
614 2372 820 2417 praecipue,
844 2376 927 2405 ante
956 2371 1082 2405 omnia.
1125 2370 1197 2404 Sed
1225 2380 1355 2415 quaeso
1384 2380 1532 2416 quonam
1559 2365 1649 2402 illud
1669 2367 1782 2413 Jure?

254 2440 321 2474 quo
341 2428 518 2473 exemplo,
540 2439 608 2473 qua
627 2427 782 2471 ratione,
804 2439 871 2473 qua
890 2426 1052 2473 analogia
1069 2426 1180 2461 freti?
1211 2425 1369 2471 quoniam
1392 2425 1566 2461 diversius
1589 2424 1674 2472 quid
1693 2422 1782 2470 fingi

252 2491 390 2530 potest,
412 2496 511 2531 quam
529 2484 723 2530 particulae
743 2485 835 2519 inter
850 2489 887 2519 et
902 2490 995 2523 ante.
1034 2482 1133 2519 Nihil
1148 2483 1240 2517 aliud
1256 2488 1310 2516 est
1324 2484 1414 2518 inter
1430 2488 1555 2517 cuncta
1571 2493 1670 2527 quam
1686 2480 1784 2515 omni

253 2548 425 2587 tempore,
448 2542 539 2576 sicut
554 2543 646 2576 inter
664 2543 750 2576 haec
768 2546 829 2576 est*
849 2541 915 2575 hoc
938 2545 1113 2586 tempore,
1138 2551 1236 2586 quum
1257 2540 1344 2574 alias
1364 2552 1469 2584 saepe
1489 2538 1581 2584 apud
1601 2538 1778 2580 Tacitum,

252 2603 322 2631 tum
338 2599 431 2644 apud
446 2599 559 2644 ipsum
574 2599 772 2633 Horatium.
797 2599 914 2644 Epod.
928 2600 960 2640 2,
973 2598 1031 2632 39.
1060 2596 1148 2638 Quis
1163 2609 1230 2631 non
1244 2616 1301 2623 —
1314 2597 1410 2631 Haec
1421 2596 1512 2631 inter
1527 2592 1780 2630 obliviscitur?

252 2655 389 2694 Quodsi
409 2657 579 2700 trajectos
602 2655 822 2689 librariorum
842 2655 978 2689 incuria
1003 2662 1077 2689 tres
1095 2653 1288 2688 versiculos
1309 2651 1493 2697 statueris,
1515 2658 1551 2686 et
1567 2652 1634 2686 hoc
1654 2649 1779 2686 ordine

251 2710 295 2743 ab
314 2712 465 2746 Horatio
486 2712 639 2757 scriptos
656 2724 735 2746 esse
751 2711 911 2746 censebis
936 2723 956 2745 a
979 2723 1013 2746 v.
1039 2711 1096 2746 93.
1119 2710 1227 2745 Deme
1250 2730 1306 2736 —
1334 2711 1489 2756 Occupat
1510 2729 1566 2736 —-
1588 2707 1707 2742 Dulcis
1723 2706 1777 2740 in-

251 2778 327 2810 exp·
345 2787 399 2794 ἡ
420 2769 595 2813 Empertus
625 2788 669 2794 —·
700 2770 776 2802 Hoc
800 2782 870 2815 age
890 2788 944 2793 —
966 2769 1063 2802 Inter
1086 2773 1212 2802 cuncta
1233 2786 1280 2792 —
1307 2769 1385 2811 Qua
1410 2766 1547 2801 ratione
1563 2782 1621 2791 —-
1639 2773 1773 2796 aevum·

250 2833 318 2855 non
334 2824 441 2858 solum
456 2823 729 2869 amovebuntur,
750 2837 838 2870 quae
858 2823 1099 2870 praecipiendi
1120 2823 1273 2859 ordinem
1293 2834 1476 2869 perperam
1489 2819 1703 2860 turbabunt,
1722 2821 1772 2860 et,

251 2879 410 2923 quoniam
434 2880 651 2925 aphoristica
675 2887 730 2915 est
754 2881 968 2927 singulorum
992 2880 1225 2926 enumeratio,
1256 2878 1343 2915 nihil
1366 2878 1464 2914 hiare
1483 2875 1661 2911 videbitur
1678 2872 1773 2907 inter

249 2946 383 2969 sumere
404 2936 490 2970 vires
510 2942 546 2971 et
569 2938 726 2973 Oderunt
750 2939 897 2973 hilarem
917 2939 1049 2982 tristes,
1071 2938 1132 2972 scd
1158 2937 1328 2972 transitus
1352 2935 1456 2971 etiam
1483 2928 1774 2968 commodissimus
