1910 3138
68 170 122 212 31

502 164 645 205 LIBRI
671 165 703 206 1.
759 161 1023 203 EPISTOLA
1050 162 1149 204 xlv,

1499 158 1579 202 191

136 295 237 341 Non
263 291 415 338 cadem
446 291 672 349 miramur3
703 303 760 336 eo
788 290 1050 335 disconvenit
1080 289 1191 333 inter

131 373 291 432 licque
320 373 364 416 ct
393 372 463 416 tc:
494 383 594 416 nan
621 382 730 430 quac
760 369 932 414 deserta
967 370 1011 413 ct
1043 368 1255 428 inhospita
1282 369 1436 426 tesqua

131 451 314 512 Credis,
349 463 531 496 amoena
563 452 694 494 vocat
726 462 891 494 mecum
922 449 991 507 qui
1025 447 1155 491 sentit
1179 449 1226 490 et
1258 445 1349 492 odit

1521 447 1578 488 20

132 531 258 589 Quae
289 533 338 576 tu
369 529 549 591 pulchra
583 531 728 589 putas.
784 529 949 573 Fornix
970 527 1044 571 tibi
1064 528 1110 571 et
1130 528 1262 571 uncta.
1286 526 1444 587 popina

128 611 340 656 Incutiunt
371 609 487 654 urbis
520 607 803 668 desiderium,
837 606 990 667 video,
1026 609 1071 650 et
1103 605 1217 664 quod

110 685 332 752 'Angulus
364 691 447 734 iste
479 687 592 732 feret
623 689 746 747 piper
778 689 824 731 et
855 686 955 730 thus
987 687 1108 731 ocius
1139 699 1243 746 uva,

61 837 215 874 vehent.
237 837 341 871 Gott.
361 837 395 871 1.
418 855 474 861 —-
494 845 625 870 vesunu
637 834 798 880 magoch.

61 893 133 929 ΜΒ.
146 893 183 927 in
195 905 258 928 ora
271 893 327 927 ed.
338 892 419 926 Ald.
431 891 511 927 519.
526 892 563 925 in
574 891 661 926 bibl.
672 890 798 935 Angel.

62 951 176 995 (teste
193 949 287 993 Fea)
303 953 341 983 et
355 948 468 983 Orell.
483 947 518 982 d.
533 967 589 974 --
602 947 648 991 V.
665 947 720 982 19.
736 946 800 982 Me

61 1011 96 1041 et
109 1012 154 1041 tc.
170 1005 267 1040 Mon.
279 1005 314 1039 d.
330 1014 414 1040 nun
423 1005 483 1050 qui
492 1005 558 1039 Fe.
570 1005 605 1048 2,
617 1003 645 1038 i.
656 1014 741 1038 nam
754 1008 799 1038 et.

61 1061 160 1097 Mon.
174 1073 219 1096 m.
230 1061 435 1098 ——aimta.
450 1061 594 1096 Mon.b.
604 1065 801 1104 -tesqum

60 1121 118 1153 Ita
140 1129 221 1153 msa.
246 1117 386 1164 plurim.
414 1118 536 1152 Lamb.
567 1128 658 1151 omn.
688 1117 797 1151 Torr.

61 1177 225 1221 (uterque
250 1179 347 1208 tesca
365 1175 514 1220 probat)
537 1173 672 1207 Bel-sm.
699 1175 798 1218 quat.

60 1226 187 1266 Barih.
210 1227 316 1276 (Adv.
341 1229 404 1275 15,
428 1230 479 1275 3.)
501 1241 560 1264 un.
575 1229 683 1264 Orell.
700 1233 797 1263 certe

60 1286 153 1330 Ed.;
174 1298 207 1322 e.
227 1289 343 1323 nostr.
365 1293 455 1321 omn.
478 1286 523 1321 ad
545 1285 688 1321 eandem
711 1286 797 1320 scri-

59 1344 170 1380 bendi
192 1338 362 1390 rationein
383 1348 422 1394 et
444 1343 480 1377 in
506 1343 710 1390 sphalmatis
734 1342 797 1376 du-

59 1405 158 1444 cunt,
171 1396 269 1435 Mon.
284 1398 318 1434 d.
331 1411 462 1445 reaque,
477 1400 647 1434 sed'corr.
663 1405 796 1444 tesqua.

58 1451 156 1493 Edd.
183 1457 284 1503 vulg.
311 1461 417 1491 tesca.
450 1454 540 1491 Mss.
565 1456 678 1491 Pulm.
707 1467 798 1489 omn.

58 1508 266 1549 Burmanni
286 1512 369 1547 dno.
396 1510 492 1547 Edd.
517 1513 653 1547 Bersm.
683 1512 796 1546 chab.

61 1564 175 1605 Oress.
197 1569 249 1614 (in
268 1568 326 1603 ed.
342 1570 377 1605 2.
396 1573 546 1614 propter
559 1565 730 1604 Varronis
750 1567 796 1603 1..

60 1625 107 1660 L.
120 1626 157 1660 7.
171 1626 207 1660 9.
221 1623 495 1668 auctofitatem).
517 1625 574 1659 Ita
588 1630 626 1660 et
638 1626 798 1660 Lauren-

61 1683 166 1727 berg.
174 1680 295 1727 Antiq.
303 1693 344 1727 p.
354 1677 436 1716 460.
447 1686 484 1716 et
493 1680 606 1717 Ottfr.
621 1681 750 1716 Miiller
760 1681 797 1715 in

61 1738 167 1772 Varr.
181 1743 219 1772 et
231 1737 340 1772 Festo
357 1748 432 1772 cum
445 1738 681 1773 Lindemanno
694 1738 797 1783 ibid„

61 1798 187 1829 contra
195 1799 316 1838 tesqua
329 1794 474 1840 scripsit
482 1795 595 1830 Conr.
603 1795 798 1830 Schneider

61 1851 99 1885 in
119 1849 363 1895 „Formenlffl
384 1863 420 1896 p.
442 1848 530 1895 4283
553 1850 598 1886 de
621 1852 797 1886 sententia

59 1904 188 1942 Joanu.
209 1907 254 1941 de
273 1906 340 1942 Jan
359 1918 397 1941 v-
420 1913 514 1942 tesca
534 1920 555 1943 a
575 1919 663 1943 voce
678 1914 797 1944 tescua

61 1963 186 1998 differt
192 1968 230 1998 et
235 1963 409 2008 triptoton
418 1968 483 1998 est.
492 1964 595 2002 Conf.
602 1965 696 1999 infra
704 1976 797 1999 com-

61 2024 209 2055 mentar.
239 2019 405 2054 Ceterum
427 2026 472 2056 te.
490 2020 554 2069 ⁹Tu
578 2033 667 2066 quae
687 2021 798 2056 scribi

60 2076 184 2111 maluit
218 2075 446 2111 Marklandus
478 2077 691 2123 (Explicatt.
720 2082 795 2112 vet.

62 2132 146 2180 aliq.
158 2137 228 2168 etc.
243 2144 281 2179 p.
294 2130 403 2177 308.),
418 2133 480 2167 sed
493 2135 566 2169 vid.
581 2133 737 2169 Schmid.
753 2135 798 2169 ad

61 2187 99 2222 h.
122 2189 147 2224 1.
160 2194 203 2224 et
213 2188 324 2224 Orell.
345 2188 399 2228 *Aad
419 2188 490 2230 od.
505 2190 547 2236 3,
573 2192 638 2236 17,
659 2190 694 2226 5.
717 2191 797 2226 coll.

62 2244 172 2280 Fabr.
188 2245 232 2280 ad
245 2243 392 2280 Sallust.
409 2246 490 2280 cu.
506 2249 570 2292 20,
583 2248 621 2283 7.
630 2259 670 2293 ,p.
682 2244 742 2283 56.

119 2296 165 2336 V.
178 2303 235 2338 20.
256 2302 315 2345 qui
332 2313 476 2337 mecum.
501 2301 573 2340 Ms.
588 2305 724 2338 Bersm.
738 2314 797 2338 un.

63 2357 166 2391 Dess-
180 2357 216 2391 3.
229 2357 326 2391 Mon.
341 2370 374 2391 e.
388 2377 437 2384 —-·
454 2365 555 2395 vocat
569 2372 713 2403 mecum,
729 2360 799 2404 qui.

65 2411 135 2446 Ed.
157 2411 321 2447 Glarean.
338 2432 387 2438 —-
405 2419 443 2448 at
457 2410 540 2450 odit,
562 2416 633 2451 Ed.
652 2415 799 2450 Praedi-

65 2478 146 2502 cov.
166 2485 223 2492 -—
242 2467 287 2505 V.
302 2468 359 2504 21.
385 2469 465 2512 Qua
481 2475 523 2506 tu
536 2483 713 2517 superscr.
730 2471 799 2507 ubi.

65 2523 136 2558 Ms.
151 2522 262 2567 Cruq.
277 2524 295 2557 1
307 2548 318 2566 ,
334 2534 366 2558 a.
379 2541 427 2549 —
443 2531 559 2569 patae.
574 2528 664 2563 Mss.
677 2527 800 2563 Lamb-

50 2622 52 2624 ,
65 2581 84 2615 1
97 2606 108 2624 ‚
122 2580 203 2614 duo.
217 2580 250 2614 2.
262 2577 297 2612 3.
312 2577 348 2621 5.
361 2578 395 2612 6.
411 2578 444 2613 8.
457 2578 492 2615 9.
506 2581 541 2616 7.
558 2584 614 2618 10.
635 2582 744 2628 cruq.
759 2589 801 2618 ut

64 2636 139 2671 vid.
149 2646 238 2670 omn.
247 2633 358 2668 Pulm.
366 2643 442 2668 sex.
449 2634 584 2672 Bersm.
594 2649 683 2674 omn.
692 2639 799 2674 Talb.

67 2692 233 2737 complut.
242 2690 322 2725 val.
334 2690 453 2724 decem
463 2695 500 2724 et
510 2693 584 2727 sine
596 2694 701 2729 dubio
710 2707 799 2729 omn.

67 2759 124 2793 ap.
141 2747 265 2782 Oberl.
280 2744 404 2781 comb.
419 2745 485 2781 F'e.
505 2747 605 2783 Pott.
622 2749 680 2784 Ik.
691 2753 801 2797 (qua-

66 2808 168 2838 tenus
184 2805 318 2847 tacent)
335 2802 449 2838 Orell.
467 2808 565 2837 certe
583 2815 671 2840 omn.
687 2810 725 2840 et
739 2819 800 2841 no-

68 2860 133 2894 stri
153 2871 220 2894 uno
243 2864 404 2906 excepto.
434 2858 527 2897 Edd.
544 2859 632 2894 Ven.
646 2859 727 2897 477.
742 2863 799 2897 79.

841 835 899 869 81.
908 833 971 870 83.
985 834 1044 870 86.
1055 833 1116 868 92.
1133 831 1238 867 Flor.
1252 834 1311 870 82.
1331 831 1390 867 ed.
1406 833 1481 867 vet.
1495 826 1580 866 476.

842 903 901 936 ap.
923 890 1044 925 Maitt.
1056 888 1156 935 Lips.
1171 886 1252 926 498.
1267 888 1347 926 502.
1372 886 1484 923 Loch.
1497 883 1581 922 498.

841 946 923 982 Asc.
943 945 1023 982 519.
1047 944 1209 981 Britann.
1224 947 1304 983 520.
1326 946 1448 980 Lamb.
1469 943 1581 989 Cruq.

842 1002 999 1049 Xylend.
1029 1002 1119 1037 Min.
1153 1002 1268 1037 chab.
1302 1003 1437 1038 Berm.
1473 1000 1582 1036 Talb.

842 1059 959 1095 Bentl.
980 1059 1101 1094 Maitt.
1123 1071 1211 1106 quos
1232 1065 1427 1106 sequuntur
1446 1057 1584 1103 plurim.

842 1122 994 1152 recentt.
1018 1121 1131 1161 putes.
1155 1116 1226 1150 Ms.
1247 1116 1347 1162 Lips.
1370 1118 1403 1150 1.
1425 1115 1523 1149 Mon.
1545 1125 1582 1159 g.

843 1184 957 1207 vocas.
985 1171 1109 1206 Lamb.
1137 1172 1222 1219 aliq.
1252 1176 1292 1206 et
1317 1177 1359 1207 ut
1382 1171 1456 1206 vid.
1491 1180 1584 1206 omn.

843 1228 953 1266 Torr.
962 1240 1021 1263 un.
1030 1230 1111 1274 (11)
1120 1241 1177 1275 ap.
1190 1229 1305 1263 Pulm.
1315 1234 1391 1264 tres
1403 1240 1462 1275 ap.
1474 1226 1582 1263 Talb.

841 1286 921 1321 val.
943 1286 1049 1331 reliq.
1072 1290 1110 1320 et
1130 1298 1150 1320 e
1171 1286 1303 1321 nostris
1323 1286 1425 1322 Mon.
1446 1294 1493 1320 m.
1511 1282 1584 1322 Ed.

839 1343 953 1388 princ.
961 1354 1019 1388 ap.
1031 1342 1153 1378 Comb.
1165 1340 1263 1386 (474.
1274 1354 1331 1388 ap.
1338 1340 1584 1386 Maitt.)1.ips.

840 1397 922 1435 492.
936 1400 1017 1434 Ald.
1033 1398 1112 1435 501.
1130 1399 1186 1434 19.
1200 1399 1296 1434 Junt.
1307 1395 1393 1443 2514.
1409 1399 1467 1434 19.
1483 1397 1584 1432 Gur.

841 1456 975 1491 Muret-
987 1455 1098 1491 Pulm.
1107 1456 1239 1491 Irenic.
1248 1455 1384 1490 Biedm.
1393 1456 1443 1491 H.
1456 1455 1585 1500 Steph.

841 1511 953 1547 Fabr.
970 1512 1081 1547 Torr.
1099 1513 1192 1548 Tan.
1212 1513 1305 1548 Fab.
1325 1513 1453 1548 Heius.
1466 1511 1585 1546 Βοιαὶ.

841 1569 985 1604 Maroll.
1009 1569 1151 1605 Roden.
1178 1569 1269 1604 Dac.
1294 1570 1429 1616 Despr.
1448 1567 1584 1603 Zurek.

843 1625 951 1660 Tart.
973 1624 1067 1660 Phil.
1087 1626 1187 1661 Batt.
1201 1626 1283 1661 val.
1302 1626 1455 1672 Dorigh.
1475 1626 1586 1660 Prae-

841 1683 911 1717 dic.
928 1682 1050 1728 Camp.

895 1738 941 1774 V.
964 1741 1021 1776 22.
1050 1738 1148 1774 video
1168 1741 1272 1784 quod.
1299 1739 1372 1775 Ms.
1394 1737 1463 1774 Fe.
1486 1738 1529 1783 2,
1556 1738 1583 1773 i.

839 1796 940 1831 Mon.
962 1807 995 1830 e.
1017 1801 1057 1831 ut
1070 1795 1169 1830 video
1183 1797 1287 1841 quod.
1306 1796 1379 1831 Ms.
1399 1797 1454 1831 Ik.
1474 1793 1511 1831 4.
1528 1814 1585 1822 -—-

842 1852 1022 1888 desideria.
1051 1853 1172 1887 Guelf.
1196 1850 1232 1887 4.
1252 1871 1307 1880 ν-
1330 1854 1375 1892 V,
1396 1852 1453 1888 23.
1468 1855 1584 1898 serat.

840 1909 911 1944 Ms.
926 1910 1062 1944 Bersm.
1076 1920 1136 1944 un.
1152 1909 1218 1944 Fe.
1237 1911 1270 1955 1,
1285 1921 1323 1955 p.
1340 1909 1461 1944 Guelf.
1478 1911 1513 1945 2.
1531 1928 1580 1934 —

839 1965 910 2001 me.
924 1966 1031 2001 Dess.
1048 1967 1083 2002 2.
1110 1985 1157 1992 —
1184 1967 1264 2001 thus
1278 1966 1363 2012 (pro
1379 1978 1448 2012 quo
1464 1965 1585 2000 Bentl.

842 2021 931 2057 can.
945 2023 1027 2059 val.
1043 2023 1088 2056 al.
1104 2023 1326 2068 scripserunt
1344 2024 1420 2067 tus)
1442 2021 1586 2068 plurimi

841 2090 925 2114 mss.
951 2080 1067 2114 nostri
1088 2080 1221 2114 habent
1244 2083 1392 2125 praeter
1408 2077 1530 2113 Berol.
1546 2078 1582 2111 1.

843 2137 876 2171 2.
886 2136 992 2170 Dess.
1002 2138 1035 2171 2.
1047 2135 1147 2181 Lips.
1156 2136 1349 2180 2.3.-Gott.
1358 2136 1392 2169 1.
1402 2133 1584 2177 Rudolst.,

844 2192 904 2238 qui
913 2198 969 2227 tus
978 2197 1136 2229 servant.
1144 2192 1201 2226 De
1209 2190 1373 2226 Menace.
1382 2202 1453 2224 non
1459 2190 1585 2235 liquet.

844 2249 1106 2294 Aspirationem
1125 2251 1270 2281 tuentur
1292 2247 1370 2281 Fea
1390 2246 1436 2280 ad
1459 2246 1532 2281 Od.
1549 2247 1584 2290 1,

845 2305 907 2349 19,
923 2302 980 2339 14.
997 2309 1034 2339 et
1052 2303 1209 2338 Orellius
1224 2302 1268 2337 ad
1282 2304 1316 2337 h.
1331 2302 1374 2345 l.‚
1390 2304 1490 2336 recte
1506 2302 1585 2348 qui-

844 2362 935 2404 dem,
951 2372 1030 2395 nam
1044 2358 1155 2395 'forma
1166 2363 1343 2404 asperata,
1357 2358 1382 2391 i.
1396 2369 1428 2394 e.
1441 2369 1583 2404 graecu,

840 2420 937 2452 teste
951 2417 1080 2450 Servio
1097 2415 1143 2450 ad
1156 2415 1258 2460 Vug.
1275 2416 1343 2449 Ge.
1361 2416 1394 2458 1,
1410 2413 1468 2450 57.
1493 2414 1583 2452 Aen.

842 2476 884 2517 6,
906 2471 942 2507 3.
966 2472 1145 2516 antiquior
1165 2475 1233 2506 est.
1261 2471 1398 2505 Contra
1414 2476 1471 2507 tm
1490 2482 1584 2508 eom-

842 2529 998 2576 probant
1018 2528 1175 2562 Broukh.
1195 2526 1242 2562 ad
1262 2526 1372 2572 Prop.
1394 2528 1436 2571 2,
1458 2529 1501 2574 8,
1522 2530 1581 2566 28.

842 2585 954 2622 Drak.
972 2584 1017 2618 ad
1031 2583 1112 2617 Liv.
1127 2585 1184 2626 10,
1200 2582 1258 2626 23,
1273 2585 1307 2619 2.
1322 2582 1431 2618 Beier
1443 2585 1489 2620 ad
1503 2585 1581 2621 Cic.

846 2641 920 2676 Off.
944 2639 985 2682 3,
1015 2641 1077 2681 20,
1102 2641 1160 2676 80.
1193 2640 1336 2674 Grotefi.
1358 2641 1424 2675 Gr.
1445 2641 1510 2677 lat.
1532 2642 1579 2679 11.

844 2699 865 2739 S
882 2697 961 2730 181.
978 2695 1036 2746 eq.
1050 2691 1086 2728 4.
1110 2695 1240 2741 Wagn.
1255 2694 1428 2744 orthogr.
1445 2698 1580 2744 Vergil.

844 2763 882 2796 p.
891 2748 937 2785 47
939 2752 972 2786 6.
984 2750 1063 2796 (qni
1071 2751 1123 2786 ibi
1133 2751 1177 2786 de
1186 2753 1346 2798 patronis
1356 2755 1459 2800 huius
1467 2756 1581 2802 scrip-

843 2812 945 2840 turae
960 2807 1074 2850 errat)
1089 2807 1136 2843 0.
1147 2807 1256 2848 Jnhn.
1273 2811 1331 2846 ad.
1346 2811 1449 2847 Pers.
1466 2813 1485 2848 1
1495 2839 1506 2858 ‚
1520 2809 1580 2849 43.

843 2862 930 2897 Rem
949 2863 984 2897 in
1010 2862 1114 2899 dubio
1137 2865 1305 2913 relinquit
1323 2867 1366 2904 C.
1381 2868 1580 2906 schneider
