1910 3138
277 215 363 258 404

343 334 557 390 Vitaeque
587 335 631 376 et
659 331 882 391 membris,
918 334 1171 392 praesertim
1203 346 1330 390 quum
1363 336 1512 380 valeas
1548 338 1592 380 et
1631 367 1633 369 -

854 216 1307 257 HORATII.

1757 222 1812 263 56

1754 336 1808 378 50

343 413 426 457 Vel
457 426 583 455 cursu
614 425 823 470 superare
851 425 1002 456 canem
1030 412 1103 456 vel
1131 412 1289 456 viribus
1315 427 1466 472 aprum

344 492 508 536 Possis.
559 491 687 535 Adde
716 492 858 536 virilia
884 491 996 551 quod
1026 493 1264 551 speciosius
1295 507 1417 538 arma

341 570 442 615 Non
474 573 540 614 est
569 572 638 629 qui
664 574 844 616 tractet:
879 573 990 632 sciS,
1027 585 1108 630 quo
1145 573 1332 616 clamore
1367 586 1552 619 coronae

341 650 517 694 Proelia
551 651 763 694 sustineas
797 653 1080 711 campestria3
1119 651 1299 710 denique
1329 666 1506 696 saevam

340 728 541 774 Militiam
575 743 684 789 puer
721 733 765 774 et
801 730 1062 776 Cantabrica
1099 731 1213 775 bella
1249 732 1385 775 tulisti

1753 733 1808 776 55

339 807 432 855 Sub
469 809 606 868 duce,
651 814 721 868 qui
758 812 927 871 templis
955 811 1215 856 Parthorum
1247 812 1376 871 signa
1410 810 1554 871 refigit

337 889 492 949 Nune,
531 892 599 949 et,
641 891 678 933 si
718 890 817 949 quid
850 891 998 951 abest,
1037 890 1159 935 llalis
1195 891 1412 949 adjudicat
1445 892 1593 936 armis.

270 1051 384 1082 terum
404 1046 495 1081 hunc
514 1058 654 1081 versum
675 1059 696 1081 a
726 1048 1015 1096 Dillenburgero,

272 1105 332 1150 qui
352 1105 427 1149 ejus
459 1104 526 1139 vim
550 1104 593 1138 ad
624 1105 695 1139 Od.
718 1105 752 1150 3,
780 1107 835 1150 20,
859 1108 894 1142 7.
924 1109 1016 1142 bene

268 1162 534 1207 perspexisset,
558 1167 689 1208 puncto
711 1163 756 1196 ab
780 1165 1016 1199 antecedente

270 1220 466 1264 sejunctum
485 1231 564 1253 esse
582 1219 704 1253 miror.
731 1239 779 1245 —-
806 1221 850 1256 V.
867 1219 925 1256 50.
948 1222 980 1256 V
978 1234 1017 1256 a-

268 1277 342 1310 leas
356 1282 389 1310 et
404 1276 477 1310 Vel.
496 1276 550 1310 De
564 1275 741 1321 particula
756 1283 789 1311 et
802 1277 838 1311 in
854 1278 924 1312 fine
934 1290 1016 1313 ver-

269 1343 328 1366 sus
344 1338 384 1367 ut
404 1334 459 1376 17,
478 1333 534 1367 19.
555 1332 676 1378 posita
691 1332 762 1368 vid.
785 1334 900 1370 Orell.
919 1335 964 1370 ad
979 1347 1014 1370 v.

270 1388 326 1424 15.
347 1395 385 1423 et
406 1389 555 1423 Kirchn.
577 1391 621 1425 ad
636 1391 715 1426 Sat.
735 1403 772 1436 p.
787 1390 957 1426 XXXIV.

325 1447 368 1480 V.
385 1446 443 1481 53.
463 1452 606 1483 tractat.
629 1447 714 1488 Var,
735 1447 819 1482 lect.
841 1447 878 1483 in
903 1460 1014 1494 marg.

269 1515 328 1549 ap.
348 1503 437 1538 Min.
459 1504 525 1537 Or.
551 1504 588 1538 b.
614 1503 706 1540 Edd.
729 1505 859 1539 Zurck.
881 1506 1013 1541 Sanad.

267 1560 417 1605 Dorigh.
445 1578 494 1585 —
520 1561 640 1595 Verba
661 1562 745 1606 scis,
766 1574 833 1606 quo
853 1582 901 1588 -—-
921 1576 1016 1598 cam-

265 1619 398 1661 pestria
413 1617 620 1663 parenthesi
629 1618 778 1653 includit
787 1620 950 1655 Bothius.
959 1639 1017 1646 -—

263 1677 388 1714 favore
405 1687 568 1709 coronae.
587 1675 658 1710 Ms.
680 1677 751 1710 Gu.
770 1678 801 1712 2.
824 1697 873 1702 —
897 1679 941 1713 V.
957 1674 1016 1712 54.

268 1730 434 1764 Praemia
458 1732 580 1766 sustin.
613 1732 668 1766 Ita
683 1733 765 1767 Jani
794 1746 829 1780 p.
846 1736 926 1770 227.
954 1746 1015 1768 ne-

268 1787 342 1820 scio
377 1799 445 1832 qua
478 1789 706 1828 auctoritate,
747 1809 794 1815 ·—
833 1797 1013 1826 sustentes.

267 1843 363 1877 Edd.
396 1845 541 1878 Cadom.
572 1843 654 1880 480.
697 1847 782 1880 San.
818 1847 898 1893 (qui
924 1848 1014 1890 def.)

266 1900 386 1934 Merv.
420 1901 512 1935 Phil.
547 1903 657 1937 Bask.
705 1903 802 1937 Sivr.
851 1905 926 1939 Sed
967 1904 1013 1940 cf.

268 1956 422 1991 Schmid.
439 1958 484 1991 ad
500 1958 535 1992 h.
551 1958 576 1994 l.
600 1964 637 1992 et
660 1959 774 1994 Orell.
800 1960 844 1994 ad
865 1963 897 2004 2,
926 1965 955 2005 l,
977 1963 1010 1996 1.

267 2013 435 2048 Doederl.
457 2015 547 2059 Syn.
565 2015 626 2049 VI.
642 2027 680 2060 p.
697 2016 779 2050 360.

323 2071 367 2103 V.
388 2070 446 2105 55.
467 2072 671 2106 Cantabria.
701 2072 771 2106 Ms.
794 2072 865 2106 Gu.
885 2074 919 2106 1.
945 2072 1013 2106 Be-

265 2127 334 2162 rol.
356 2129 389 2163 1.
421 2128 519 2163 Mon.
547 2140 580 2162 e.
602 2147 656 2153 ——
678 2128 813 2163 Versus
836 2125 1012 2163 49—55

266 2184 363 2219 delet
376 2186 552 2230 Guyetus,
567 2203 623 2210 —
638 2186 681 2220 V.
697 2185 755 2221 56.
771 2186 900 2231 rffigit·
922 2185 1011 2219 Mss.

267 2242 386 2276 decem
410 2254 466 2287 ap.
493 2242 616 2278 Lamb.
646 2242 756 2288 Cruq.
778 2254 868 2278 omn.
897 2243 1010 2276 Pulm.

267 2301 298 2333 2.
314 2299 350 2333 3.
373 2296 408 2334 4.
435 2301 492 2335 10.
524 2300 632 2334 Torr.
655 2311 746 2334 omn.
768 2300 906 2334 Bersm.
928 2299 1010 2333 duo.

264 2355 382 2390 Bentl.
400 2358 432 2392 2.
449 2358 482 2392 6.
504 2353 540 2391 4.
562 2356 641 2392 Val.
668 2368 751 2391 nov.
767 2356 889 2391 Oberl.
906 2356 948 2389 C.
963 2357 1009 2390 D.

266 2413 391 2447 Comb.
406 2414 449 2447 C.
472 2414 517 2451 G,
534 2413 624 2448 Bad.
648 2415 680 2447 1.
699 2414 765 2458 [?!]
788 2414 854 2447 Fe.
868 2415 901 2456 1,
923 2425 956 2448 a.
971 2413 1008 2447 b.

267 2470 306 2512 (a
323 2472 354 2504 2.
372 2470 431 2514 m.)
452 2482 483 2503 c.
500 2470 536 2505 d.
557 2482 589 2505 e.
607 2482 650 2504 m.
672 2474 701 2508 t,
723 2473 756 2515 2,
777 2483 809 2510 c,
823 2470 859 2504 d.
880 2482 911 2505 e.
933 2470 958 2503 i.
973 2470 1011 2517 3,

265 2525 299 2561 d.
318 2526 350 2570 5,
371 2539 404 2561 a.
426 2527 451 2561 s.
477 2528 511 2570 6,
526 2538 558 2560 a.
580 2528 615 2570 7,
632 2539 663 2561 a.
685 2528 719 2571 9,
741 2539 771 2562 c.
794 2532 952 2562 notatum
967 2538 1011 2560 ex

265 2593 327 2617 ms.
352 2582 389 2617 in
414 2595 475 2617 ora
502 2583 557 2617 ed.
577 2584 656 2618 Ald.
681 2584 763 2618 509.
787 2585 880 2619 Bibl.
900 2583 1008 2618 Barb.

266 2638 318 2671 lk.
335 2641 368 2673 1.
383 2639 416 2674 5.
434 2642 468 2675 6.
490 2640 587 2674 Pott.
604 2646 644 2674 ut
658 2640 772 2679 videt.
789 2653 877 2675 omn.
896 2640 1009 2675 Orell.

264 2695 407 2729 bSEcd.
420 2722 429 2740 ‚
447 2708 491 2730 ex
507 2698 639 2731 nostris
659 2698 765 2732 Dess.
790 2700 823 2732 1.
843 2700 875 2733 2.
897 2698 1009 2732 Dorv.

266 2752 298 2783 1.
316 2752 425 2786 Goth.
446 2754 551 2788 Gott.
570 2756 603 2788 1.
624 2756 694 2788 Gu.
710 2755 744 2788 3.
759 2751 793 2792 4.
810 2755 911 2799 Lips.
928 2756 960 2792 1.
976 2756 1008 2790 2.

263 2805 298 2840 3.
323 2806 416 2841 Mon.
443 2821 475 2842 a.
493 2810 528 2843 b.
550 2810 584 2845 d.
604 2811 631 2843 f.
658 2811 682 2844 i.
704 2811 728 2848 l,
754 2812 831 2845 cod.
860 2811 1008 2845 Mentel.

266 2861 330 2903 (de
344 2874 406 2897 ms.
424 2865 526 2899 Dess.
542 2867 577 2900 3.
593 2879 661 2900 non
676 2868 820 2913 liquet).
840 2867 906 2902 Ed.
923 2869 1008 2903 zar.

212 2960 213 2963 Ἴ
264 2917 378 2962 (teste
394 2921 575 2966 Gesnero)
590 2923 671 2958 Ald.
687 2926 719 2957 1.
737 2925 844 2969 Cruq.
860 2925 1007 2958 Baxter.

1062 1050 1181 1085 Bentl.
1205 1045 1284 1099 (qui
1303 1044 1394 1097 def.)
1420 1059 1522 1096 quem
1538 1059 1616 1095 seq.
1646 1059 1806 1093 anonym.

1063 1108 1164 1152 Traj.
1179 1107 1224 1141 ad
1245 1107 1359 1141 Rhen.
1375 1105 1459 1140 713.
1480 1105 1602 1140 Maitt.
1618 1105 1750 1144 Sanad,
1771 1109 1810 1139 et

1062 1175 1134 1197 rec.
1161 1165 1238 1198 fere
1263 1175 1352 1198 omn.
1377 1164 1482 1197 etiam
1501 1162 1566 1198 Fe.
1595 1161 1676 1208 (qui
1695 1161 1809 1208 expli-

1063 1224 1139 1265 cat)
1166 1222 1266 1255 Pott.
1298 1219 1413 1254 Orell.
1440 1220 1562 1264 refixit.
1592 1219 1681 1254 Mss.
1703 1218 1807 1265 reliq.

1063 1289 1166 1324 quum
1182 1278 1283 1311 alior.
1303 1281 1377 1310 tum
1397 1288 1417 1310 e
1435 1275 1565 1310 nostris
1579 1276 1702 1310 Berol.
1721 1278 1755 1310 1.
1772 1277 1807 1311 2.

1061 1336 1173 1369 Dorv.
1196 1336 1230 1370 2.
1260 1335 1362 1367 Gott.
1387 1334 1421 1369 2.
1452 1333 1524 1366 Gn.
1547 1334 1579 1368 1.
1599 1333 1632 1368 2.
1654 1332 1752 1367 Mon.
1773 1344 1806 1367 c.

1062 1403 1093 1425 e.
1114 1403 1148 1436 g.
1182 1391 1244 1435 (ex
1267 1390 1381 1434 corr.)
1412 1401 1456 1424 m.
1483 1389 1580 1423 vict.
1608 1393 1646 1423 et
1671 1395 1712 1423 ut
1730 1388 1805 1423 vid.

1062 1448 1208 1483 Corbei.
1229 1447 1323 1482 Edd.
1344 1446 1441 1490 vulg.
1463 1446 1569 1480 etiam
1589 1446 1695 1482 Talb.
1714 1446 1805 1481 Dae.

1064 1506 1141 1552 (qui
1161 1500 1253 1553 def.)
1288 1505 1378 1538 eun.
1396 1504 1478 1538 Jon.
1501 1503 1576 1536 Val.
1606 1502 1730 1549 Camp.
1752 1514 1808 1537 re-

1060 1562 1184 1598 traxit.
1201 1561 1402 1595 Ms.Comb.
1419 1559 1618 1605 Daq'ulst't.
1634 1560 1688 1594 Ik.
1704 1557 1740 1595 4.
1756 1578 1804 1586 -—

1063 1620 1231 1654 Ceterum
1251 1619 1381 1652 Jahnio
1404 1629 1448 1652 ex
1475 1616 1611 1663 aliquot
1629 1616 1731 1651 codd.
1754 1616 1808 1651 le-

1061 1676 1212 1722 gendum
1241 1687 1320 1710 esse
1341 1675 1503 1709 videtur:
1533 1674 1670 1719 refixit,
1702 1673 1808 1708 Nunc

1061 1739 1094 1768 et
1115 1733 1188 1777 [vel
1203 1733 1250 1767 Et
1264 1731 1372 1775 nunc]
1383 1758 1393 1776 ,
1415 1735 1609 1777 propterea
1626 1730 1719 1776 quod
1732 1729 1808 1776 pri-

1059 1801 1148 1824 mum
1162 1791 1340 1833 Augustus
1361 1800 1394 1824 a.
1410 1785 1494 1824 734.
1514 1786 1617 1832 signa
1629 1798 1651 1821 a
1663 1786 1806 1822 Parthis

1058 1847 1239 1892 receperit
1258 1850 1295 1880 et
1318 1851 1474 1880 extremo
1501 1855 1592 1878 anno
1611 1843 1807 1879 Armeniam

1061 1902 1333 1949 expugnaverit.
1354 1901 1434 1936 Alia
1454 1903 1498 1936 de
1519 1913 1626 1936 causa
1650 1900 1806 1946 scriptu-

1058 1972 1134 1994 ram
1151 1959 1263 2005 refixit
1276 1959 1323 1993 Et
1338 1971 1452 2001 nunc,
1472 1963 1593 1993 tuetur
1613 1957 1807 1992 Grotefen-

1059 2016 1122 2051 dus
1143 2016 1179 2050 in
1201 2015 1376 2060 ,‚Allgem.
1397 2015 1620 2060 Encyclop.“
1651 2014 1700 2049 X.
1715 2018 1804 2048 sect.

1059 2075 1092 2108 2.
1115 2085 1150 2118 p.
1169 2070 1239 2107 475
1259 2073 1313 2115 b.,
1341 2073 1473 2118 quippe
1495 2072 1555 2118 qui
1583 2069 1699 2116 Epist.
1718 2072 1751 2107 2.
1771 2082 1804 2104 a.

1059 2140 1091 2163 u.
1114 2129 1183 2164 733
1214 2134 1294 2162 ante
1323 2130 1539 2164 Cantabrica
1568 2127 1662 2162 bella
1690 2126 1805 2173 scrip-

1057 2191 1127 2220 tam
1149 2190 1264 2231 putet.

1113 2243 1158 2277 V.
1178 2241 1235 2277 57.
1262 2241 1367 2276 Nunc
1382 2247 1428 2275 et.
1461 2241 1550 2275 Mss.
1570 2240 1692 2274 Lamb.
1720 2243 1803 2274 ante

1056 2299 1203 2333 laudati.
1221 2298 1334 2332 Pulm.
1351 2309 1425 2331 sex.
1441 2298 1549 2342 Cruq.
1564 2308 1654 2332 omn.
1667 2297 1803 2332 Bersm.

1058 2368 1132 2390 sex.
1148 2356 1257 2389 Torr.
1274 2355 1354 2389 duo.
1371 2354 1488 2389 Bentl.
1506 2359 1545 2388 ut
1557 2353 1632 2388 vid.
1644 2347 1802 2400 plurimi.

1058 2412 1183 2448 Oberl.
1205 2412 1249 2445 C.
1270 2412 1316 2446 D.
1340 2411 1465 2445 Comb.
1486 2416 1524 2445 ut
1549 2410 1624 2447 vid.
1648 2423 1740 2448 omn.
1764 2415 1803 2445 et

1054 2469 1143 2505 Bad.
1163 2473 1209 2503 et.
1229 2469 1329 2502 Pott.
1350 2474 1386 2502 et
1404 2468 1455 2503 lk.
1476 2468 1541 2502 Fe.
1559 2470 1593 2512 1,
1613 2479 1645 2502 a.
1664 2471 1692 2501 t.
1717 2469 1750 2511 2,
1767 2479 1800 2502 c.

1056 2528 1092 2566 d,
1116 2526 1151 2562 h.
1171 2525 1196 2560 i.
1217 2524 1251 2570 5,
1272 2537 1305 2560 a.
1327 2537 1359 2559 e.
1389 2524 1414 2559 f.
1434 2526 1468 2568 7,
1499 2525 1535 2558 b.
1565 2525 1678 2560 Orell.
1707 2534 1800 2558 omn.

1056 2588 1094 2618 et
1117 2581 1232 2618 nostri
1261 2594 1371 2626 omn„
1417 2581 1446 2616 si
1472 2581 1656 2628 exceperis
1689 2581 1800 2615 Dorv-

1056 2644 1088 2676 1.
1111 2643 1164 2686 2.,
1190 2638 1250 2686 qui
1269 2640 1315 2673 Et
1335 2651 1429 2674 nune
1459 2637 1591 2683 legisse
1619 2637 1798 2673 videntur.

1054 2698 1150 2732 Edd.
1181 2698 1270 2730 Ven.
1290 2693 1372 2730 477.
1402 2697 1459 2731 79.
1481 2697 1540 2731 81.
1568 2695 1625 2731 83.
1655 2692 1712 2729 86.
1739 2693 1796 2727 92.

1053 2755 1153 2789 Flor.
1169 2750 1251 2789 482.
1279 2753 1378 2798 Lips.
1399 2752 1481 2790 492.
1502 2753 1560 2787 98.
1579 2751 1658 2786 502.
1683 2746 1792 2782 Lech.

1054 2807 1136 2848 498.
1155 2811 1264 2855 Cruq.
1281 2810 1386 2844 Baxt.
1402 2808 1517 2843 Bentl.
1534 2803 1791 2841 Maitt.8anad.

1055 2874 1091 2901 et
1118 2873 1262 2913 praeter
1290 2869 1462 2909 recentt.,
1496 2863 1555 2908 qui
1577 2860 1691 2906 refigit
1717 2870 1792 2893 ser-

1052 2930 1156 2968 vant,
1184 2925 1288 2958 etiam
1314 2922 1462 2957 ‚Talboe
1493 2919 1542 2954 Et
1564 2928 1668 2952 nunc·
1701 2915 1789 2950 Mss.
