<?xml version="1.0" encoding="UTF-8"?>
<!DOCTYPE html PUBLIC "-//W3C//DTD XHTML 1.0 Transitional//EN"
    "http://www.w3.org/TR/xhtml1/DTD/xhtml1-transitional.dtd">
<html xmlns="http://www.w3.org/1999/xhtml" xml:lang="en" lang="en">
 <head>
  <title>
</title>
<meta http-equiv="Content-Type" content="text/html;charset=utf-8" />
  <meta name='ocr-system' content='tesseract 3.04.00' />
  <meta name='ocr-capabilities' content='ocr_page ocr_carea ocr_par ocr_line ocrx_word'/>
</head>
<body>
  <div class='ocr_page' id='page_1' title='image "./epistolascomment02horauoft_0388.png"; bbox 0 0 1910 3138; ppageno 0'>
   <div class='ocr_carea' id='block_1_1' title="bbox 303 226 1828 276">
    <p class='ocr_par' dir='ltr' id='par_1_1' title="bbox 303 226 1828 276">
     <span class='ocr_line' id='line_1_1' title="bbox 303 226 1828 276; baseline 0.003 -5"><span class='ocrx_word' id='word_1_1' title='bbox 303 226 388 271; x_wconf 82' lang='lat'><strong>380</strong></span> <span class='ocrx_word' id='word_1_2' title='bbox 468 229 745 270; x_wconf 77' lang='lat' dir='ltr'><strong>COMMENT.</strong></span> <span class='ocrx_word' id='word_1_3' title='bbox 762 229 820 270; x_wconf 87' lang='lat' dir='ltr'><strong>IN</strong></span> <span class='ocrx_word' id='word_1_4' title='bbox 837 229 962 270; x_wconf 83' lang='lat' dir='ltr'><strong>HoR.</strong></span> <span class='ocrx_word' id='word_1_5' title='bbox 980 227 1080 269; x_wconf 86' lang='lat' dir='ltr'><strong>LIB.</strong></span> <span class='ocrx_word' id='word_1_6' title='bbox 1098 230 1129 269; x_wconf 92' lang='grc' dir='ltr'><strong>Ι.</strong></span> <span class='ocrx_word' id='word_1_7' title='bbox 1162 228 1328 272; x_wconf 84' lang='lat' dir='ltr'><strong>EPIST.</strong></span> <span class='ocrx_word' id='word_1_8' title='bbox 1346 229 1494 272; x_wconf 83' lang='lat' dir='ltr'><strong>SEPT.</strong></span> <span class='ocrx_word' id='word_1_9' title='bbox 1512 231 1692 275; x_wconf 77' lang='lat' dir='ltr'><strong>DECIM.</strong></span> <span class='ocrx_word' id='word_1_10' title='bbox 1759 233 1828 276; x_wconf 27' lang='lat'><strong>&gt;32</strong></span> 
     </span>
    </p>
   </div>
   <div class='ocr_carea' id='block_1_2' title="bbox 303 343 1826 398">
    <p class='ocr_par' dir='ltr' id='par_1_2' title="bbox 303 343 1826 398">
     <span class='ocr_line' id='line_1_2' title="bbox 303 343 1826 398; baseline 0.001 -16"><span class='ocrx_word' id='word_1_11' title='bbox 303 344 399 396; x_wconf 91' lang='lat' dir='ltr'><strong>„qui</strong></span> <span class='ocrx_word' id='word_1_12' title='bbox 425 344 566 394; x_wconf 89' lang='lat' dir='ltr'><strong>aliquid</strong></span> <span class='ocrx_word' id='word_1_13' title='bbox 593 343 745 382; x_wconf 86' lang='lat' dir='ltr'><strong>efficere</strong></span> <span class='ocrx_word' id='word_1_14' title='bbox 774 356 817 381; x_wconf 90' lang='lat' dir='ltr'><strong>se</strong></span> <span class='ocrx_word' id='word_1_15' title='bbox 843 356 960 394; x_wconf 88' lang='lat' dir='ltr'><strong>posse</strong></span> <span class='ocrx_word' id='word_1_16' title='bbox 984 343 1185 395; x_wconf 77' lang='lat' dir='ltr'><strong>desperet,</strong></span> <span class='ocrx_word' id='word_1_17' title='bbox 1214 357 1293 383; x_wconf 87' lang='lat' dir='ltr'><strong>rem</strong></span> <span class='ocrx_word' id='word_1_18' title='bbox 1315 345 1442 384; x_wconf 85' lang='lat' dir='ltr'><strong>moliri·</strong></span> <span class='ocrx_word' id='word_1_19' title='bbox 1459 345 1638 385; x_wconf 78' lang='lat' dir='ltr'><strong>desinat“</strong></span> <span class='ocrx_word' id='word_1_20' title='bbox 1661 345 1826 398; x_wconf 75' lang='lat' dir='ltr'><strong>praecipi</strong></span> 
     </span>
    </p>
   </div>
   <div class='ocr_carea' id='block_1_3' title="bbox 305 409 1830 531">
    <p class='ocr_par' dir='ltr' id='par_1_3' title="bbox 305 409 1830 531">
     <span class='ocr_line' id='line_1_3' title="bbox 306 409 1828 464; baseline 0 -14"><span class='ocrx_word' id='word_1_21' title='bbox 306 415 458 461; x_wconf 88' lang='lat' dir='ltr'><strong>censet,</strong></span> <span class='ocrx_word' id='word_1_22' title='bbox 494 415 536 449; x_wconf 85' lang='lat' dir='ltr'><strong>ut</strong></span> <span class='ocrx_word' id='word_1_23' title='bbox 564 409 856 462; x_wconf 75' lang='lat' dir='ltr'><strong>Haberfeldue,</strong></span> <span class='ocrx_word' id='word_1_24' title='bbox 891 421 1007 462; x_wconf 89' lang='lat' dir='ltr'><strong>quum</strong></span> <span class='ocrx_word' id='word_1_25' title='bbox 1041 423 1075 448; x_wconf 87' lang='lat' dir='ltr'><strong>v.</strong></span> <span class='ocrx_word' id='word_1_26' title='bbox 1103 411 1160 452; x_wconf 85' lang='lat'><strong>33</strong></span> <span class='ocrx_word' id='word_1_27' title='bbox 1187 434 1243 440; x_wconf 91' lang='lat'>—</span> <span class='ocrx_word' id='word_1_28' title='bbox 1269 413 1325 454; x_wconf 81' lang='lat'><strong>35</strong></span> <span class='ocrx_word' id='word_1_29' title='bbox 1348 425 1431 462; x_wconf 80' lang='lat' dir='ltr'><strong>„ex</strong></span> <span class='ocrx_word' id='word_1_30' title='bbox 1451 426 1596 453; x_wconf 81' lang='lat' dir='ltr'><strong>summo</strong></span> <span class='ocrx_word' id='word_1_31' title='bbox 1634 426 1679 452; x_wconf 84' lang='lat' dir='ltr'><strong>ac</strong></span> <span class='ocrx_word' id='word_1_32' title='bbox 1705 423 1828 464; x_wconf 78' lang='lat' dir='ltr'><strong>paene</strong></span> 
     </span>
     <span class='ocr_line' id='line_1_4' title="bbox 305 479 1830 531; baseline 0.001 -14"><span class='ocrx_word' id='word_1_33' title='bbox 305 481 430 518; x_wconf 89' lang='lat' dir='ltr'><strong>divino</strong></span> <span class='ocrx_word' id='word_1_34' title='bbox 459 479 627 528; x_wconf 90' lang='lat' dir='ltr'><strong>honore,</strong></span> <span class='ocrx_word' id='word_1_35' title='bbox 664 492 741 530; x_wconf 91' lang='lat' dir='ltr'><strong>quo</strong></span> <span class='ocrx_word' id='word_1_36' title='bbox 769 480 840 516; x_wconf 86' lang='lat' dir='ltr'><strong>viri</strong></span> <span class='ocrx_word' id='word_1_37' title='bbox 867 479 1059 531; x_wconf 85' lang='lat' dir='ltr'><strong>principes</strong></span> <span class='ocrx_word' id='word_1_38' title='bbox 1086 483 1319 529; x_wconf 79' lang='lat' dir='ltr'><strong>mactentur,</strong></span> <span class='ocrx_word' id='word_1_39' title='bbox 1345 480 1384 518; x_wconf 88' lang='lat' dir='ltr'><strong>in</strong></span> <span class='ocrx_word' id='word_1_40' title='bbox 1414 493 1543 520; x_wconf 85' lang='lat' dir='ltr'><strong>eorum</strong></span> <span class='ocrx_word' id='word_1_41' title='bbox 1569 482 1708 520; x_wconf 85' lang='lat' dir='ltr'><strong>amicos</strong></span> <span class='ocrx_word' id='word_1_42' title='bbox 1731 493 1830 531; x_wconf 92' lang='lat' dir='ltr'><strong>quo-</strong></span> 
     </span>
    </p>
   </div>
   <div class='ocr_carea' id='block_1_4' title="bbox 303 547 1843 2508">
    <p class='ocr_par' dir='ltr' id='par_1_4' title="bbox 303 547 1843 2508">
     <span class='ocr_line' id='line_1_5' title="bbox 305 547 1828 599; baseline -0.001 -13"><span class='ocrx_word' id='word_1_43' title='bbox 305 561 378 598; x_wconf 92' lang='lat' dir='ltr'><strong>que</strong></span> <span class='ocrx_word' id='word_1_44' title='bbox 407 548 549 598; x_wconf 87' lang='lat' dir='ltr'><strong>aliquid</strong></span> <span class='ocrx_word' id='word_1_45' title='bbox 576 547 789 599; x_wconf 86' lang='lat' dir='ltr'><strong>splendoris</strong></span> <span class='ocrx_word' id='word_1_46' title='bbox 818 548 1031 586; x_wconf 82' lang='lat' dir='ltr'><strong>redundare</strong></span> <span class='ocrx_word' id='word_1_47' title='bbox 1060 560 1105 585; x_wconf 90' lang='lat' dir='ltr'><strong>ac</strong></span> <span class='ocrx_word' id='word_1_48' title='bbox 1130 548 1238 598; x_wconf 82' lang='lat' dir='ltr'><strong>quasi</strong></span> <span class='ocrx_word' id='word_1_49' title='bbox 1264 547 1488 598; x_wconf 47' lang='lat' dir='ltr'><strong>refulge-«2⁶⁴</strong></span> <span class='ocrx_word' id='word_1_50' title='bbox 1525 549 1599 588; x_wconf 87' lang='lat' dir='ltr'><strong>dici</strong></span> <span class='ocrx_word' id='word_1_51' title='bbox 1628 549 1828 588; x_wconf 86' lang='lat' dir='ltr'><strong>existimat.</strong></span> 
     </span>
     <span class='ocr_line' id='line_1_6' title="bbox 305 611 1829 668; baseline -0.001 -14"><span class='ocrx_word' id='word_1_52' title='bbox 305 616 356 654; x_wconf 87' lang='lat' dir='ltr'><strong>At</strong></span> <span class='ocrx_word' id='word_1_53' title='bbox 386 616 422 654; x_wconf 89' lang='lat' dir='ltr'><strong>hi</strong></span> <span class='ocrx_word' id='word_1_54' title='bbox 459 628 614 665; x_wconf 90' lang='lat' dir='ltr'><strong>versus,</strong></span> <span class='ocrx_word' id='word_1_55' title='bbox 653 615 684 654; x_wconf 90' lang='lat' dir='ltr'><strong>si</strong></span> <span class='ocrx_word' id='word_1_56' title='bbox 722 615 813 666; x_wconf 91' lang='lat' dir='ltr'><strong>quid</strong></span> <span class='ocrx_word' id='word_1_57' title='bbox 847 629 920 667; x_wconf 88' lang='lat' dir='ltr'><strong>ego</strong></span> <span class='ocrx_word' id='word_1_58' title='bbox 947 615 1083 665; x_wconf 82' lang='lat' dir='ltr'><strong>video,</strong></span> <span class='ocrx_word' id='word_1_59' title='bbox 1120 614 1192 653; x_wconf 90' lang='lat' dir='ltr'><strong>hoc</strong></span> <span class='ocrx_word' id='word_1_60' title='bbox 1221 616 1302 654; x_wconf 87' lang='lat' dir='ltr'><strong>fere</strong></span> <span class='ocrx_word' id='word_1_61' title='bbox 1324 611 1579 667; x_wconf 39' lang='lat' dir='ltr'><strong>significantz‘</strong></span> <span class='ocrx_word' id='word_1_62' title='bbox 1600 617 1721 668; x_wconf 78' lang='lat' dir='ltr'><strong>„Etsi</strong></span> <span class='ocrx_word' id='word_1_63' title='bbox 1747 617 1829 654; x_wconf 86' lang='lat' dir='ltr'><strong>laus</strong></span> 
     </span>
     <span class='ocr_line' id='line_1_7' title="bbox 304 682 1830 737; baseline 0.001 -17"><span class='ocrx_word' id='word_1_64' title='bbox 304 683 393 720; x_wconf 87' lang='lat' dir='ltr'><strong>viris</strong></span> <span class='ocrx_word' id='word_1_65' title='bbox 418 682 652 735; x_wconf 89' lang='lat' dir='ltr'><strong>principibus</strong></span> <span class='ocrx_word' id='word_1_66' title='bbox 685 682 872 734; x_wconf 85' lang='lat' dir='ltr'><strong>placuisse</strong></span> <span class='ocrx_word' id='word_1_67' title='bbox 909 697 985 722; x_wconf 91' lang='lat' dir='ltr'><strong>non</strong></span> <span class='ocrx_word' id='word_1_68' title='bbox 1019 695 1163 721; x_wconf 89' lang='lat' dir='ltr'><strong>summa</strong></span> <span class='ocrx_word' id='word_1_69' title='bbox 1197 688 1276 733; x_wconf 86' lang='lat' dir='ltr'><strong>est,</strong></span> <span class='ocrx_word' id='word_1_70' title='bbox 1323 685 1464 736; x_wconf 88' lang='lat' dir='ltr'><strong>quippe</strong></span> <span class='ocrx_word' id='word_1_71' title='bbox 1499 697 1597 737; x_wconf 81' lang='lat' dir='ltr'><strong>quae</strong></span> <span class='ocrx_word' id='word_1_72' title='bbox 1629 685 1702 724; x_wconf 87' lang='lat' dir='ltr'><strong>illis</strong></span> <span class='ocrx_word' id='word_1_73' title='bbox 1737 684 1830 736; x_wconf 84' lang='lat' dir='ltr'><strong>ipsis</strong></span> 
     </span>
     <span class='ocr_line' id='line_1_8' title="bbox 303 751 1831 804; baseline 0.002 -16"><span class='ocrx_word' id='word_1_74' title='bbox 303 755 461 802; x_wconf 88' lang='lat' dir='ltr'><strong>propter</strong></span> <span class='ocrx_word' id='word_1_75' title='bbox 487 764 548 790; x_wconf 90' lang='lat' dir='ltr'><strong>res</strong></span> <span class='ocrx_word' id='word_1_76' title='bbox 577 751 727 789; x_wconf 88' lang='lat' dir='ltr'><strong>sortiter</strong></span> <span class='ocrx_word' id='word_1_77' title='bbox 754 755 884 800; x_wconf 85' lang='lat' dir='ltr'><strong>gestas</strong></span> <span class='ocrx_word' id='word_1_78' title='bbox 919 751 1133 802; x_wconf 87' lang='lat' dir='ltr'><strong>contingat,</strong></span> <span class='ocrx_word' id='word_1_79' title='bbox 1170 754 1299 790; x_wconf 85' lang='lat' dir='ltr'><strong>tamen</strong></span> <span class='ocrx_word' id='word_1_80' title='bbox 1331 765 1415 791; x_wconf 87' lang='lat' dir='ltr'><strong>eam</strong></span> <span class='ocrx_word' id='word_1_81' title='bbox 1449 756 1582 804; x_wconf 78' lang='lat' dir='ltr'><strong>utpote</strong></span> <span class='ocrx_word' id='word_1_82' title='bbox 1615 753 1654 791; x_wconf 84' lang='lat' dir='ltr'><strong>in</strong></span> <span class='ocrx_word' id='word_1_83' title='bbox 1685 752 1831 791; x_wconf 86' lang='lat' dir='ltr'><strong>illorum</strong></span> 
     </span>
     <span class='ocr_line' id='line_1_9' title="bbox 305 806 1831 872; baseline 0 -14"><span class='ocrx_word' id='word_1_84' title='bbox 305 820 580 859; x_wconf 86' lang='lat' dir='ltr'><strong>existimatione</strong></span> <span class='ocrx_word' id='word_1_85' title='bbox 615 832 660 857; x_wconf 89' lang='lat' dir='ltr'><strong>ac</strong></span> <span class='ocrx_word' id='word_1_86' title='bbox 684 818 827 869; x_wconf 89' lang='lat' dir='ltr'><strong>judicio</strong></span> <span class='ocrx_word' id='word_1_87' title='bbox 861 823 1007 858; x_wconf 81' lang='lat' dir='ltr'><strong>tuarum</strong></span> <span class='ocrx_word' id='word_1_88' title='bbox 1037 819 1213 858; x_wconf 85' lang='lat' dir='ltr'><strong>virtutum</strong></span> <span class='ocrx_word' id='word_1_89' title='bbox 1247 806 1409 871; x_wconf 83' lang='lat' dir='ltr'><strong>positam</strong></span> <span class='ocrx_word' id='word_1_90' title='bbox 1437 833 1508 872; x_wconf 91' lang='lat' dir='ltr'><strong>pro</strong></span> <span class='ocrx_word' id='word_1_91' title='bbox 1533 832 1740 872; x_wconf 77' lang='lat' dir='ltr'><strong>permagna</strong></span> <span class='ocrx_word' id='word_1_92' title='bbox 1763 819 1831 859; x_wconf 79' lang='lat' dir='ltr'><strong>lia-</strong></span> 
     </span>
     <span class='ocr_line' id='line_1_10' title="bbox 305 886 1832 940; baseline 0 -13"><span class='ocrx_word' id='word_1_93' title='bbox 305 889 455 928; x_wconf 83' lang='lat' dir='ltr'><strong>bebis.“</strong></span> <span class='ocrx_word' id='word_1_94' title='bbox 524 886 723 926; x_wconf 73' lang='lat' dir='ltr'><strong>Liber-iore</strong></span> <span class='ocrx_word' id='word_1_95' title='bbox 767 891 893 926; x_wconf 90' lang='lat' dir='ltr'><strong>autem</strong></span> <span class='ocrx_word' id='word_1_96' title='bbox 937 888 1219 926; x_wconf 87' lang='lat' dir='ltr'><strong>enunciatorum</strong></span> <span class='ocrx_word' id='word_1_97' title='bbox 1261 888 1537 940; x_wconf 81' lang='lat' dir='ltr'><strong>compositione</strong></span> <span class='ocrx_word' id='word_1_98' title='bbox 1573 887 1694 928; x_wconf 80' lang='lat' dir='ltr'><strong>Poeta</strong></span> <span class='ocrx_word' id='word_1_99' title='bbox 1731 888 1832 927; x_wconf 86' lang='lat' dir='ltr'><strong>viros</strong></span> 
     </span>
     <span class='ocr_line' id='line_1_11' title="bbox 305 954 1834 1008; baseline -0.003 -11"><span class='ocrx_word' id='word_1_100' title='bbox 305 970 450 997; x_wconf 89' lang='lat' dir='ltr'><strong>summo</strong></span> <span class='ocrx_word' id='word_1_101' title='bbox 473 957 559 1000; x_wconf 91' lang='lat' dir='ltr'><strong>loco</strong></span> <span class='ocrx_word' id='word_1_102' title='bbox 587 955 814 1004; x_wconf 83' lang='lat' dir='ltr'><strong>collocatos,</strong></span> <span class='ocrx_word' id='word_1_103' title='bbox 843 959 886 993; x_wconf 91' lang='lat' dir='ltr'><strong>ut</strong></span> <span class='ocrx_word' id='word_1_104' title='bbox 914 954 1148 1006; x_wconf 88' lang='lat' dir='ltr'><strong>Augustum,</strong></span> <span class='ocrx_word' id='word_1_105' title='bbox 1177 957 1410 1008; x_wconf 85' lang='lat' dir='ltr'><strong>Agrippam,</strong></span> <span class='ocrx_word' id='word_1_106' title='bbox 1431 955 1650 1006; x_wconf 85' lang='lat' dir='ltr'><strong>Tiberium,</strong></span> <span class='ocrx_word' id='word_1_107' title='bbox 1678 967 1749 994; x_wconf 77' lang='lat' dir='ltr'><strong>sua</strong></span> <span class='ocrx_word' id='word_1_108' title='bbox 1772 955 1834 1007; x_wconf 88' lang='lat' dir='ltr'><strong>ip·</strong></span> 
     </span>
     <span class='ocr_line' id='line_1_12' title="bbox 306 1022 1835 1076; baseline -0.003 -10"><span class='ocrx_word' id='word_1_109' title='bbox 306 1028 384 1066; x_wconf 88' lang='lat' dir='ltr'><strong>sius</strong></span> <span class='ocrx_word' id='word_1_110' title='bbox 409 1025 518 1064; x_wconf 89' lang='lat' dir='ltr'><strong>laude</strong></span> <span class='ocrx_word' id='word_1_111' title='bbox 547 1024 707 1062; x_wconf 90' lang='lat' dir='ltr'><strong>ornavit.</strong></span> <span class='ocrx_word' id='word_1_112' title='bbox 777 1022 895 1061; x_wconf 89' lang='lat' dir='ltr'><strong>Paulo</strong></span> <span class='ocrx_word' id='word_1_113' title='bbox 928 1024 1039 1062; x_wconf 84' lang='lat' dir='ltr'><strong>aliter</strong></span> <span class='ocrx_word' id='word_1_114' title='bbox 1066 1024 1239 1063; x_wconf 77' lang='lat' dir='ltr'><strong>Bothius</strong></span> <span class='ocrx_word' id='word_1_115' title='bbox 1266 1025 1315 1063; x_wconf 92' lang='lat' dir='ltr'><strong>ad</strong></span> <span class='ocrx_word' id='word_1_116' title='bbox 1346 1025 1484 1074; x_wconf 88' lang='lat' dir='ltr'><strong>Feam,</strong></span> <span class='ocrx_word' id='word_1_117' title='bbox 1524 1036 1638 1076; x_wconf 88' lang='lat' dir='ltr'><strong>quem</strong></span> <span class='ocrx_word' id='word_1_118' title='bbox 1669 1023 1768 1063; x_wconf 82' lang='lat' dir='ltr'><strong>conf.</strong></span> <span class='ocrx_word' id='word_1_119' title='bbox 1795 1036 1835 1076; x_wconf 87' lang='lat' dir='ltr'><strong>p.</strong></span> 
     </span>
     <span class='ocr_line' id='line_1_13' title="bbox 310 1090 1836 1145; baseline -0.005 -7"><span class='ocrx_word' id='word_1_120' title='bbox 310 1096 402 1138; x_wconf 87' lang='grc'><strong>186.</strong></span> <span class='ocrx_word' id='word_1_121' title='bbox 463 1093 547 1130; x_wconf 70' lang='lat' dir='ltr'><strong>Res</strong></span> <span class='ocrx_word' id='word_1_122' title='bbox 573 1096 698 1131; x_wconf 89' lang='lat' dir='ltr'><strong>autem</strong></span> <span class='ocrx_word' id='word_1_123' title='bbox 722 1105 859 1144; x_wconf 79' lang='lat' dir='ltr'><strong>gerere</strong></span> <span class='ocrx_word' id='word_1_124' title='bbox 871 1090 911 1144; x_wconf 84' lang='lat'><strong>*)</strong></span> <span class='ocrx_word' id='word_1_125' title='bbox 938 1091 975 1130; x_wconf 87' lang='lat' dir='ltr'><strong>h.</strong></span> <span class='ocrx_word' id='word_1_126' title='bbox 1002 1092 1027 1134; x_wconf 87' lang='lat'><strong>1.</strong></span> <span class='ocrx_word' id='word_1_127' title='bbox 1051 1106 1129 1131; x_wconf 91' lang='lat' dir='ltr'><strong>non</strong></span> <span class='ocrx_word' id='word_1_128' title='bbox 1159 1097 1240 1143; x_wconf 89' lang='lat' dir='ltr'><strong>est,</strong></span> <span class='ocrx_word' id='word_1_129' title='bbox 1277 1092 1575 1145; x_wconf 84' lang='lat' dir='ltr'><strong>„rempublicam</strong></span> <span class='ocrx_word' id='word_1_130' title='bbox 1601 1093 1641 1131; x_wconf 87' lang='lat' dir='ltr'><strong>in</strong></span> <span class='ocrx_word' id='word_1_131' title='bbox 1671 1091 1836 1144; x_wconf 79' lang='lat' dir='ltr'><strong>persona</strong></span> 
     </span>
     <span class='ocr_line' id='line_1_14' title="bbox 306 1160 1837 1214; baseline -0.001 -12"><span class='ocrx_word' id='word_1_132' title='bbox 306 1163 426 1214; x_wconf 82' lang='lat' dir='ltr'><strong>togati</strong></span> <span class='ocrx_word' id='word_1_133' title='bbox 455 1161 761 1210; x_wconf 83' lang='lat' dir='ltr'><strong>administrare,“</strong></span> <span class='ocrx_word' id='word_1_134' title='bbox 798 1160 900 1211; x_wconf 90' lang='lat' dir='ltr'><strong>quod</strong></span> <span class='ocrx_word' id='word_1_135' title='bbox 927 1160 1080 1212; x_wconf 87' lang='lat' dir='ltr'><strong>quidam</strong></span> <span class='ocrx_word' id='word_1_136' title='bbox 1108 1161 1264 1212; x_wconf 87' lang='lat' dir='ltr'><strong>intelligi</strong></span> <span class='ocrx_word' id='word_1_137' title='bbox 1293 1161 1457 1211; x_wconf 89' lang='lat' dir='ltr'><strong>malunt,</strong></span> <span class='ocrx_word' id='word_1_138' title='bbox 1493 1164 1537 1199; x_wconf 93' lang='lat' dir='ltr'><strong>ut</strong></span> <span class='ocrx_word' id='word_1_139' title='bbox 1560 1161 1778 1199; x_wconf 66' lang='lat' dir='ltr'><strong>Lundinus</strong></span> <span class='ocrx_word' id='word_1_140' title='bbox 1797 1165 1837 1200; x_wconf 89' lang='lat' dir='ltr'><strong>et</strong></span> 
     </span>
     <span class='ocr_line' id='line_1_15' title="bbox 309 1228 1833 1280; baseline 0 -11"><span class='ocrx_word' id='word_1_141' title='bbox 309 1231 493 1269; x_wconf 78' lang='lat' dir='ltr'><strong>Diintzer</strong></span> <span class='ocrx_word' id='word_1_142' title='bbox 503 1258 519 1277; x_wconf 88' lang='lat'><strong>,</strong></span> <span class='ocrx_word' id='word_1_143' title='bbox 547 1230 617 1269; x_wconf 86' lang='lat' dir='ltr'><strong>sed</strong></span> <span class='ocrx_word' id='word_1_144' title='bbox 646 1229 789 1280; x_wconf 88' lang='lat' dir='ltr'><strong>„rebus</strong></span> <span class='ocrx_word' id='word_1_145' title='bbox 809 1228 951 1267; x_wconf 87' lang='lat' dir='ltr'><strong>bellicis</strong></span> <span class='ocrx_word' id='word_1_146' title='bbox 978 1230 1127 1268; x_wconf 87' lang='lat' dir='ltr'><strong>fortiter</strong></span> <span class='ocrx_word' id='word_1_147' title='bbox 1147 1230 1265 1279; x_wconf 90' lang='lat' dir='ltr'><strong>tueri,</strong></span> <span class='ocrx_word' id='word_1_148' title='bbox 1295 1242 1456 1280; x_wconf 85' lang='lat' dir='ltr'><strong>augere,</strong></span> <span class='ocrx_word' id='word_1_149' title='bbox 1484 1230 1535 1268; x_wconf 85' lang='lat' dir='ltr'><strong>ad</strong></span> <span class='ocrx_word' id='word_1_150' title='bbox 1553 1242 1735 1269; x_wconf 86' lang='lat' dir='ltr'><strong>summam</strong></span> <span class='ocrx_word' id='word_1_151' title='bbox 1753 1230 1833 1280; x_wconf 81' lang='lat' dir='ltr'><strong>glo-</strong></span> 
     </span>
     <span class='ocr_line' id='line_1_16' title="bbox 308 1295 1838 1348; baseline -0.003 -9"><span class='ocrx_word' id='word_1_152' title='bbox 308 1301 401 1339; x_wconf 86' lang='lat' dir='ltr'><strong>riam</strong></span> <span class='ocrx_word' id='word_1_153' title='bbox 430 1298 632 1338; x_wconf 83' lang='lat' dir='ltr'><strong>evehere.“</strong></span> <span class='ocrx_word' id='word_1_154' title='bbox 689 1298 773 1335; x_wconf 80' lang='lat' dir='ltr'><strong>Res</strong></span> <span class='ocrx_word' id='word_1_155' title='bbox 797 1296 975 1334; x_wconf 72' lang='lat' dir='ltr'><strong>urbanas</strong></span> <span class='ocrx_word' id='word_1_156' title='bbox 1010 1301 1142 1348; x_wconf 85' lang='lat' dir='ltr'><strong>utpote</strong></span> <span class='ocrx_word' id='word_1_157' title='bbox 1170 1295 1311 1336; x_wconf 90' lang='lat' dir='ltr'><strong>bellicis</strong></span> <span class='ocrx_word' id='word_1_158' title='bbox 1339 1297 1516 1336; x_wconf 86' lang='lat' dir='ltr'><strong>confusas</strong></span> <span class='ocrx_word' id='word_1_159' title='bbox 1546 1298 1675 1348; x_wconf 87' lang='lat' dir='ltr'><strong>eisque</strong></span> <span class='ocrx_word' id='word_1_160' title='bbox 1703 1301 1838 1335; x_wconf 84' lang='lat' dir='ltr'><strong>natura</strong></span> 
     </span>
     <span class='ocr_line' id='line_1_17' title="bbox 308 1365 1837 1418; baseline -0.002 -11"><span class='ocrx_word' id='word_1_161' title='bbox 308 1368 543 1407; x_wconf 83' lang='lat' dir='ltr'><strong>inhaerentes</strong></span> <span class='ocrx_word' id='word_1_162' title='bbox 572 1379 681 1405; x_wconf 90' lang='lat' dir='ltr'><strong>nemo</strong></span> <span class='ocrx_word' id='word_1_163' title='bbox 710 1366 802 1416; x_wconf 88' lang='lat' dir='ltr'><strong>erit,</strong></span> <span class='ocrx_word' id='word_1_164' title='bbox 838 1366 901 1417; x_wconf 88' lang='lat' dir='ltr'><strong>qui</strong></span> <span class='ocrx_word' id='word_1_165' title='bbox 931 1365 1122 1418; x_wconf 70' lang='lat' dir='ltr'><strong>excludat3</strong></span> <span class='ocrx_word' id='word_1_166' title='bbox 1157 1366 1227 1404; x_wconf 91' lang='lat' dir='ltr'><strong>sed</strong></span> <span class='ocrx_word' id='word_1_167' title='bbox 1254 1365 1397 1404; x_wconf 84' lang='lat' dir='ltr'><strong>Poetae</strong></span> <span class='ocrx_word' id='word_1_168' title='bbox 1431 1369 1534 1416; x_wconf 91' lang='lat' dir='ltr'><strong>erat,</strong></span> <span class='ocrx_word' id='word_1_169' title='bbox 1571 1378 1753 1405; x_wconf 77' lang='lat' dir='ltr'><strong>summam</strong></span> <span class='ocrx_word' id='word_1_170' title='bbox 1780 1366 1837 1404; x_wconf 84' lang='lat' dir='ltr'><strong>rei</strong></span> 
     </span>
     <span class='ocr_line' id='line_1_18' title="bbox 310 1432 1838 1487; baseline -0.002 -13"><span class='ocrx_word' id='word_1_171' title='bbox 310 1441 479 1487; x_wconf 80' lang='lat' dir='ltr'><strong>tangere,</strong></span> <span class='ocrx_word' id='word_1_172' title='bbox 541 1434 676 1474; x_wconf 88' lang='lat' dir='ltr'><strong>Cicero</strong></span> <span class='ocrx_word' id='word_1_173' title='bbox 707 1434 807 1473; x_wconf 89' lang='lat' dir='ltr'><strong>enim</strong></span> <span class='ocrx_word' id='word_1_174' title='bbox 842 1447 902 1486; x_wconf 90' lang='lat' dir='ltr'><strong>pr.</strong></span> <span class='ocrx_word' id='word_1_175' title='bbox 930 1433 1078 1472; x_wconf 82' lang='lat' dir='ltr'><strong>Muren.</strong></span> <span class='ocrx_word' id='word_1_176' title='bbox 1107 1432 1157 1483; x_wconf 88' lang='lat'><strong>9,</strong></span> <span class='ocrx_word' id='word_1_177' title='bbox 1186 1435 1255 1476; x_wconf 87' lang='lat'><strong>22.</strong></span> <span class='ocrx_word' id='word_1_178' title='bbox 1283 1435 1342 1471; x_wconf 84' lang='lat' dir='ltr'><strong>rei</strong></span> <span class='ocrx_word' id='word_1_179' title='bbox 1362 1433 1549 1472; x_wconf 72' lang='lat' dir='ltr'><strong>militaris</strong></span> <span class='ocrx_word' id='word_1_180' title='bbox 1583 1433 1738 1480; x_wconf 67' lang='lat' dir='ltr'><strong>virm,</strong></span> <span class='ocrx_word' id='word_1_181' title='bbox 1777 1433 1838 1471; x_wconf 87' lang='lat' dir='ltr'><strong>in·</strong></span> 
     </span>
     <span class='ocr_line' id='line_1_19' title="bbox 309 1500 1838 1557; baseline -0.003 -13"><span class='ocrx_word' id='word_1_182' title='bbox 309 1506 411 1557; x_wconf 91' lang='lat' dir='ltr'><strong>quit,</strong></span> <span class='ocrx_word' id='word_1_183' title='bbox 431 1510 615 1556; x_wconf 76' lang='lat' dir='ltr'><strong>praestat</strong></span> <span class='ocrx_word' id='word_1_184' title='bbox 643 1503 779 1541; x_wconf 74' lang='lat' dir='ltr'><strong>ceteris</strong></span> <span class='ocrx_word' id='word_1_185' title='bbox 806 1500 1001 1540; x_wconf 76' lang='lat' dir='ltr'><strong>omnibus.</strong></span> <span class='ocrx_word' id='word_1_186' title='bbox 1057 1501 1167 1540; x_wconf 89' lang='lat' dir='ltr'><strong>Adde</strong></span> <span class='ocrx_word' id='word_1_187' title='bbox 1201 1502 1316 1541; x_wconf 87' lang='lat' dir='ltr'><strong>Offic.</strong></span> <span class='ocrx_word' id='word_1_188' title='bbox 1343 1505 1382 1552; x_wconf 90' lang='lat'><strong>1,</strong></span> <span class='ocrx_word' id='word_1_189' title='bbox 1412 1505 1481 1554; x_wconf 86' lang='lat'><strong>22,</strong></span> <span class='ocrx_word' id='word_1_190' title='bbox 1506 1501 1572 1544; x_wconf 84' lang='grc'><strong>74.</strong></span> <span class='ocrx_word' id='word_1_191' title='bbox 1601 1504 1643 1552; x_wconf 87' lang='grc'><strong>2,</strong></span> <span class='ocrx_word' id='word_1_192' title='bbox 1673 1502 1742 1552; x_wconf 90' lang='grc'><strong>13,</strong></span> <span class='ocrx_word' id='word_1_193' title='bbox 1770 1500 1838 1542; x_wconf 83' lang='grc'><strong>45.</strong></span> 
     </span>
     <span class='ocr_line' id='line_1_20' title="bbox 310 1570 1838 1623; baseline -0.003 -12"><span class='ocrx_word' id='word_1_194' title='bbox 310 1572 392 1613; x_wconf 88' lang='lat' dir='ltr'><strong>coll.</strong></span> <span class='ocrx_word' id='word_1_195' title='bbox 423 1575 464 1623; x_wconf 92' lang='lat'><strong>1,</strong></span> <span class='ocrx_word' id='word_1_196' title='bbox 494 1574 561 1622; x_wconf 87' lang='lat'><strong>18,</strong></span> <span class='ocrx_word' id='word_1_197' title='bbox 590 1572 657 1613; x_wconf 88' lang='grc'><strong>61.</strong></span> <span class='ocrx_word' id='word_1_198' title='bbox 704 1571 798 1610; x_wconf 91' lang='lat' dir='ltr'><strong>Inde</strong></span> <span class='ocrx_word' id='word_1_199' title='bbox 826 1571 1031 1621; x_wconf 89' lang='lat' dir='ltr'><strong>descriptio</strong></span> <span class='ocrx_word' id='word_1_200' title='bbox 1059 1582 1222 1622; x_wconf 86' lang='lat' dir='ltr'><strong>pompae</strong></span> <span class='ocrx_word' id='word_1_201' title='bbox 1259 1570 1512 1622; x_wconf 84' lang='lat' dir='ltr'><strong>triumphalis:</strong></span> <span class='ocrx_word' id='word_1_202' title='bbox 1544 1577 1680 1622; x_wconf 71' lang='lat' dir='ltr'><strong>capto-rt</strong></span> <span class='ocrx_word' id='word_1_203' title='bbox 1707 1576 1838 1608; x_wconf 57' lang='lat' dir='ltr'><strong>osten.-</strong></span> 
     </span>
     <span class='ocr_line' id='line_1_21' title="bbox 312 1637 1837 1689; baseline -0.001 -11"><span class='ocrx_word' id='word_1_204' title='bbox 312 1641 400 1679; x_wconf 80' lang='lat' dir='ltr'><strong>dere</strong></span> <span class='ocrx_word' id='word_1_205' title='bbox 427 1639 581 1678; x_wconf 76' lang='lat' dir='ltr'><strong>civibus</strong></span> <span class='ocrx_word' id='word_1_206' title='bbox 609 1638 761 1687; x_wconf 71' lang='lat' dir='ltr'><strong>hostes;</strong></span> <span class='ocrx_word' id='word_1_207' title='bbox 803 1639 880 1677; x_wconf 85' lang='lat' dir='ltr'><strong>vid.</strong></span> <span class='ocrx_word' id='word_1_208' title='bbox 918 1638 1044 1677; x_wconf 87' lang='lat' dir='ltr'><strong>Schm.</strong></span> <span class='ocrx_word' id='word_1_209' title='bbox 1075 1638 1125 1676; x_wconf 92' lang='lat' dir='ltr'><strong>ad</strong></span> <span class='ocrx_word' id='word_1_210' title='bbox 1155 1639 1195 1688; x_wconf 83' lang='lat'><strong>2,</strong></span> <span class='ocrx_word' id='word_1_211' title='bbox 1225 1639 1266 1689; x_wconf 91' lang='grc'><strong>2,</strong></span> <span class='ocrx_word' id='word_1_212' title='bbox 1299 1640 1378 1680; x_wconf 89' lang='grc'><strong>191</strong></span> <span class='ocrx_word' id='word_1_213' title='bbox 1408 1660 1466 1668; x_wconf 91' lang='grc'><strong>-·</strong></span> <span class='ocrx_word' id='word_1_214' title='bbox 1488 1640 1558 1681; x_wconf 88' lang='grc'><strong>93.</strong></span> <span class='ocrx_word' id='word_1_215' title='bbox 1607 1637 1761 1678; x_wconf 79' lang='lat' dir='ltr'><strong>Mitsch.</strong></span> <span class='ocrx_word' id='word_1_216' title='bbox 1788 1638 1837 1676; x_wconf 82' lang='lat' dir='ltr'><strong>ad</strong></span> 
     </span>
     <span class='ocr_line' id='line_1_22' title="bbox 312 1704 1839 1760; baseline -0.001 -13"><span class='ocrx_word' id='word_1_217' title='bbox 312 1709 389 1747; x_wconf 87' lang='lat' dir='ltr'><strong>od.</strong></span> <span class='ocrx_word' id='word_1_218' title='bbox 419 1711 458 1760; x_wconf 86' lang='lat'><strong>2,</strong></span> <span class='ocrx_word' id='word_1_219' title='bbox 491 1711 558 1758; x_wconf 87' lang='grc'><strong>12,</strong></span> <span class='ocrx_word' id='word_1_220' title='bbox 590 1709 656 1748; x_wconf 92' lang='grc'><strong>11.</strong></span> <span class='ocrx_word' id='word_1_221' title='bbox 694 1707 819 1748; x_wconf 90' lang='lat' dir='ltr'><strong>Beier.</strong></span> <span class='ocrx_word' id='word_1_222' title='bbox 854 1708 904 1745; x_wconf 90' lang='lat' dir='ltr'><strong>ad</strong></span> <span class='ocrx_word' id='word_1_223' title='bbox 939 1707 1021 1745; x_wconf 91' lang='lat' dir='ltr'><strong>Cic.</strong></span> <span class='ocrx_word' id='word_1_224' title='bbox 1057 1706 1170 1748; x_wconf 87' lang='lat' dir='ltr'><strong>Offic.</strong></span> <span class='ocrx_word' id='word_1_225' title='bbox 1201 1707 1241 1756; x_wconf 88' lang='lat'><strong>2,</strong></span> <span class='ocrx_word' id='word_1_226' title='bbox 1279 1707 1320 1756; x_wconf 87' lang='grc'><strong>8,</strong></span> <span class='ocrx_word' id='word_1_227' title='bbox 1350 1707 1417 1749; x_wconf 88' lang='grc'><strong>28.</strong></span> <span class='ocrx_word' id='word_1_228' title='bbox 1463 1704 1602 1746; x_wconf 81' lang='lat' dir='ltr'><strong>Loers.</strong></span> <span class='ocrx_word' id='word_1_229' title='bbox 1636 1707 1686 1746; x_wconf 91' lang='lat' dir='ltr'><strong>ad</strong></span> <span class='ocrx_word' id='word_1_230' title='bbox 1725 1707 1839 1745; x_wconf 78' lang='lat' dir='ltr'><strong>Ovid-</strong></span> 
     </span>
     <span class='ocr_line' id='line_1_23' title="bbox 312 1773 1838 1828; baseline -0.001 -14"><span class='ocrx_word' id='word_1_231' title='bbox 312 1776 430 1818; x_wconf 83' lang='lat' dir='ltr'><strong>Trist.</strong></span> <span class='ocrx_word' id='word_1_232' title='bbox 459 1775 500 1827; x_wconf 91' lang='lat'><strong>4,</strong></span> <span class='ocrx_word' id='word_1_233' title='bbox 531 1779 572 1826; x_wconf 88' lang='lat'><strong>2,</strong></span> <span class='ocrx_word' id='word_1_234' title='bbox 603 1776 668 1817; x_wconf 90' lang='lat'><strong>20.</strong></span> <span class='ocrx_word' id='word_1_235' title='bbox 709 1776 759 1815; x_wconf 90' lang='lat' dir='ltr'><strong>O.</strong></span> <span class='ocrx_word' id='word_1_236' title='bbox 787 1776 898 1815; x_wconf 87' lang='lat' dir='ltr'><strong>Jahn.</strong></span> <span class='ocrx_word' id='word_1_237' title='bbox 927 1775 975 1813; x_wconf 80' lang='lat' dir='ltr'><strong>ad</strong></span> <span class='ocrx_word' id='word_1_238' title='bbox 1003 1775 1111 1813; x_wconf 81' lang='lat' dir='ltr'><strong>Pers.</strong></span> <span class='ocrx_word' id='word_1_239' title='bbox 1141 1775 1182 1824; x_wconf 93' lang='lat'><strong>6,</strong></span> <span class='ocrx_word' id='word_1_240' title='bbox 1213 1773 1280 1815; x_wconf 84' lang='lat'><strong>46.</strong></span> <span class='ocrx_word' id='word_1_241' title='bbox 1327 1774 1511 1813; x_wconf 72' lang='lat' dir='ltr'><strong>Diintzer</strong></span> <span class='ocrx_word' id='word_1_242' title='bbox 1538 1779 1731 1828; x_wconf 84' lang='lat' dir='ltr'><strong>comparat</strong></span> <span class='ocrx_word' id='word_1_243' title='bbox 1757 1773 1838 1814; x_wconf 87' lang='lat' dir='ltr'><strong>Lu-</strong></span> 
     </span>
     <span class='ocr_line' id='line_1_24' title="bbox 313 1842 1840 1895; baseline 0.001 -14"><span class='ocrx_word' id='word_1_244' title='bbox 313 1848 405 1883; x_wconf 86' lang='lat' dir='ltr'><strong>cret.</strong></span> <span class='ocrx_word' id='word_1_245' title='bbox 433 1844 473 1893; x_wconf 86' lang='lat'><strong>5,</strong></span> <span class='ocrx_word' id='word_1_246' title='bbox 505 1845 628 1884; x_wconf 87' lang='lat'><strong>1126.</strong></span> <span class='ocrx_word' id='word_1_247' title='bbox 665 1866 720 1872; x_wconf 85' lang='lat'>—</span> <span class='ocrx_word' id='word_1_248' title='bbox 757 1844 805 1882; x_wconf 88' lang='lat' dir='ltr'><strong>V.</strong></span> <span class='ocrx_word' id='word_1_249' title='bbox 832 1843 901 1885; x_wconf 87' lang='lat'><strong>34.</strong></span> <span class='ocrx_word' id='word_1_250' title='bbox 940 1843 1121 1894; x_wconf 78' lang='lat' dir='ltr'><strong>Attingit</strong></span> <span class='ocrx_word' id='word_1_251' title='bbox 1158 1842 1302 1880; x_wconf 76' lang='lat' dir='ltr'><strong>solium</strong></span> <span class='ocrx_word' id='word_1_252' title='bbox 1329 1844 1442 1881; x_wconf 76' lang='lat' dir='ltr'><strong>Iovis</strong></span> <span class='ocrx_word' id='word_1_253' title='bbox 1476 1844 1599 1895; x_wconf 80' lang='lat' dir='ltr'><strong>(Virg.</strong></span> <span class='ocrx_word' id='word_1_254' title='bbox 1635 1843 1734 1883; x_wconf 86' lang='lat' dir='ltr'><strong>Aen.</strong></span> <span class='ocrx_word' id='word_1_255' title='bbox 1771 1844 1840 1893; x_wconf 83' lang='grc'><strong>10,</strong></span> 
     </span>
     <span class='ocr_line' id='line_1_25' title="bbox 315 1911 1837 1962; baseline 0 -9"><span class='ocrx_word' id='word_1_256' title='bbox 315 1914 408 1954; x_wconf 85' lang='grc'><strong>116.</strong></span> <span class='ocrx_word' id='word_1_257' title='bbox 441 1912 555 1951; x_wconf 86' lang='lat' dir='ltr'><strong>ovid.</strong></span> <span class='ocrx_word' id='word_1_258' title='bbox 579 1911 672 1950; x_wconf 84' lang='lat' dir='ltr'><strong>Met.</strong></span> <span class='ocrx_word' id='word_1_259' title='bbox 700 1912 739 1958; x_wconf 97' lang='lat'><strong>3,</strong></span> <span class='ocrx_word' id='word_1_260' title='bbox 765 1913 858 1953; x_wconf 89' lang='lat'><strong>273.</strong></span> <span class='ocrx_word' id='word_1_261' title='bbox 897 1911 1005 1949; x_wconf 82' lang='lat' dir='ltr'><strong>Fast.</strong></span> <span class='ocrx_word' id='word_1_262' title='bbox 1030 1912 1072 1959; x_wconf 89' lang='lat'><strong>6,</strong></span> <span class='ocrx_word' id='word_1_263' title='bbox 1104 1912 1198 1952; x_wconf 88' lang='grc'><strong>188.</strong></span> <span class='ocrx_word' id='word_1_264' title='bbox 1235 1912 1334 1952; x_wconf 89' lang='lat' dir='ltr'><strong>Stat.</strong></span> <span class='ocrx_word' id='word_1_265' title='bbox 1364 1911 1457 1950; x_wconf 86' lang='lat' dir='ltr'><strong>Silv.</strong></span> <span class='ocrx_word' id='word_1_266' title='bbox 1481 1912 1524 1962; x_wconf 89' lang='lat'><strong>3,</strong></span> <span class='ocrx_word' id='word_1_267' title='bbox 1556 1914 1593 1961; x_wconf 93' lang='lat'><strong>1,</strong></span> <span class='ocrx_word' id='word_1_268' title='bbox 1621 1912 1686 1955; x_wconf 87' lang='lat'><strong>25.</strong></span> <span class='ocrx_word' id='word_1_269' title='bbox 1714 1911 1837 1954; x_wconf 82' lang='lat' dir='ltr'><strong>Theb.</strong></span> 
     </span>
     <span class='ocr_line' id='line_1_26' title="bbox 316 1978 1839 2031; baseline -0.003 -10"><span class='ocrx_word' id='word_1_270' title='bbox 316 1980 356 2030; x_wconf 86' lang='lat'><strong>1,</strong></span> <span class='ocrx_word' id='word_1_271' title='bbox 386 1979 482 2021; x_wconf 86' lang='lat'><strong>203.</strong></span> <span class='ocrx_word' id='word_1_272' title='bbox 521 1979 600 2016; x_wconf 90' lang='lat' dir='ltr'><strong>Cic.</strong></span> <span class='ocrx_word' id='word_1_273' title='bbox 628 1979 676 2017; x_wconf 90' lang='lat' dir='ltr'><strong>de</strong></span> <span class='ocrx_word' id='word_1_274' title='bbox 704 1980 801 2031; x_wconf 89' lang='lat' dir='ltr'><strong>Rep.</strong></span> <span class='ocrx_word' id='word_1_275' title='bbox 839 1980 879 2029; x_wconf 88' lang='lat'><strong>3,</strong></span> <span class='ocrx_word' id='word_1_276' title='bbox 916 1980 957 2020; x_wconf 89' lang='lat'><strong>8.</strong></span> <span class='ocrx_word' id='word_1_277' title='bbox 992 1978 1148 2016; x_wconf 87' lang='lat' dir='ltr'><strong>Petron.</strong></span> <span class='ocrx_word' id='word_1_278' title='bbox 1180 1979 1248 2020; x_wconf 84' lang='lat'><strong>51.</strong></span> <span class='ocrx_word' id='word_1_279' title='bbox 1287 1979 1445 2019; x_wconf 87' lang='lat' dir='ltr'><strong>Sueton.</strong></span> <span class='ocrx_word' id='word_1_280' title='bbox 1474 1978 1598 2030; x_wconf 86' lang='lat' dir='ltr'><strong>Calig.</strong></span> <span class='ocrx_word' id='word_1_281' title='bbox 1627 1978 1715 2031; x_wconf 84' lang='lat'><strong>57.)</strong></span> <span class='ocrx_word' id='word_1_282' title='bbox 1751 1980 1774 2018; x_wconf 86' lang='lat' dir='ltr'><strong>i.</strong></span> <span class='ocrx_word' id='word_1_283' title='bbox 1805 1993 1839 2017; x_wconf 85' lang='lat' dir='ltr'><strong>e.</strong></span> 
     </span>
     <span class='ocr_line' id='line_1_27' title="bbox 314 2046 1839 2096; baseline 0 -12"><span class='ocrx_word' id='word_1_284' title='bbox 314 2047 477 2085; x_wconf 89' lang='lat' dir='ltr'><strong>divinum</strong></span> <span class='ocrx_word' id='word_1_285' title='bbox 505 2046 684 2096; x_wconf 90' lang='lat' dir='ltr'><strong>quiddam</strong></span> <span class='ocrx_word' id='word_1_286' title='bbox 713 2051 772 2085; x_wconf 86' lang='lat' dir='ltr'><strong>est</strong></span> <span class='ocrx_word' id='word_1_287' title='bbox 798 2051 840 2085; x_wconf 91' lang='lat' dir='ltr'><strong>ut</strong></span> <span class='ocrx_word' id='word_1_288' title='bbox 869 2047 945 2084; x_wconf 92' lang='lat' dir='ltr'><strong>Od.</strong></span> <span class='ocrx_word' id='word_1_289' title='bbox 976 2048 1015 2096; x_wconf 86' lang='lat'><strong>1,</strong></span> <span class='ocrx_word' id='word_1_290' title='bbox 1046 2047 1086 2096; x_wconf 93' lang='lat'><strong>1,</strong></span> <span class='ocrx_word' id='word_1_291' title='bbox 1116 2047 1154 2086; x_wconf 91' lang='lat'><strong>6.</strong></span> <span class='ocrx_word' id='word_1_292' title='bbox 1182 2046 1250 2086; x_wconf 86' lang='lat'><strong>36.</strong></span> <span class='ocrx_word' id='word_1_293' title='bbox 1275 2046 1319 2096; x_wconf 88' lang='grc'><strong>3,</strong></span> <span class='ocrx_word' id='word_1_294' title='bbox 1346 2047 1388 2096; x_wconf 88' lang='lat'><strong>3,</strong></span> <span class='ocrx_word' id='word_1_295' title='bbox 1419 2046 1484 2087; x_wconf 89' lang='grc'><strong>10.</strong></span> <span class='ocrx_word' id='word_1_296' title='bbox 1508 2047 1593 2089; x_wconf 84' lang='lat' dir='ltr'><strong>con.</strong></span> <span class='ocrx_word' id='word_1_297' title='bbox 1623 2047 1713 2086; x_wconf 85' lang='lat' dir='ltr'><strong>Car.</strong></span> <span class='ocrx_word' id='word_1_298' title='bbox 1731 2047 1839 2085; x_wconf 76' lang='lat' dir='ltr'><strong>Pass.</strong></span> 
     </span>
     <span class='ocr_line' id='line_1_28' title="bbox 313 2114 1838 2164; baseline 0.001 -10"><span class='ocrx_word' id='word_1_299' title='bbox 313 2115 367 2154; x_wconf 90' lang='lat' dir='ltr'><strong>N.</strong></span> <span class='ocrx_word' id='word_1_300' title='bbox 394 2114 462 2156; x_wconf 90' lang='lat'><strong>70.</strong></span> <span class='ocrx_word' id='word_1_301' title='bbox 493 2119 531 2153; x_wconf 87' lang='lat' dir='ltr'><strong>et</strong></span> <span class='ocrx_word' id='word_1_302' title='bbox 559 2114 742 2152; x_wconf 81' lang='lat' dir='ltr'><strong>coelestia</strong></span> <span class='ocrx_word' id='word_1_303' title='bbox 770 2122 896 2152; x_wconf 79' lang='lat' dir='ltr'><strong>tentat</strong></span> <span class='ocrx_word' id='word_1_304' title='bbox 930 2127 1013 2152; x_wconf 91' lang='lat' dir='ltr'><strong>cum</strong></span> <span class='ocrx_word' id='word_1_305' title='bbox 1042 2114 1197 2151; x_wconf 87' lang='lat' dir='ltr'><strong>notione</strong></span> <span class='ocrx_word' id='word_1_306' title='bbox 1224 2114 1279 2151; x_wconf 89' lang='lat' dir='ltr'><strong>rei</strong></span> <span class='ocrx_word' id='word_1_307' title='bbox 1317 2115 1482 2164; x_wconf 85' lang='lat' dir='ltr'><strong>arduae,</strong></span> <span class='ocrx_word' id='word_1_308' title='bbox 1518 2119 1560 2153; x_wconf 90' lang='lat' dir='ltr'><strong>ut</strong></span> <span class='ocrx_word' id='word_1_309' title='bbox 1586 2116 1662 2155; x_wconf 85' lang='lat' dir='ltr'><strong>Od.</strong></span> <span class='ocrx_word' id='word_1_310' title='bbox 1693 2116 1738 2163; x_wconf 91' lang='lat'><strong>1,</strong></span> <span class='ocrx_word' id='word_1_311' title='bbox 1769 2116 1838 2164; x_wconf 83' lang='lat'><strong>28,</strong></span> 
     </span>
     <span class='ocr_line' id='line_1_29' title="bbox 315 2182 1838 2233; baseline -0.001 -10"><span class='ocrx_word' id='word_1_312' title='bbox 315 2183 355 2224; x_wconf 81' lang='lat'><strong>5.</strong></span> <span class='ocrx_word' id='word_1_313' title='bbox 381 2183 423 2233; x_wconf 88' lang='lat'><strong>3,</strong></span> <span class='ocrx_word' id='word_1_314' title='bbox 453 2184 492 2233; x_wconf 89' lang='lat'><strong>2,</strong></span> <span class='ocrx_word' id='word_1_315' title='bbox 524 2185 586 2226; x_wconf 88' lang='lat'><strong>12.</strong></span> <span class='ocrx_word' id='word_1_316' title='bbox 616 2182 700 2222; x_wconf 92' lang='lat' dir='ltr'><strong>coll.</strong></span> <span class='ocrx_word' id='word_1_317' title='bbox 730 2183 903 2222; x_wconf 84' lang='lat' dir='ltr'><strong>Lactant.</strong></span> <span class='ocrx_word' id='word_1_318' title='bbox 931 2183 1024 2223; x_wconf 91' lang='lat' dir='ltr'><strong>Inst.</strong></span> <span class='ocrx_word' id='word_1_319' title='bbox 1053 2183 1090 2230; x_wconf 90' lang='lat'><strong>1,</strong></span> <span class='ocrx_word' id='word_1_320' title='bbox 1119 2182 1186 2231; x_wconf 91' lang='grc'><strong>18,</strong></span> <span class='ocrx_word' id='word_1_321' title='bbox 1217 2183 1242 2222; x_wconf 92' lang='grc'><strong>8</strong></span> <span class='ocrx_word' id='word_1_322' title='bbox 1265 2204 1321 2211; x_wconf 85' lang='lat'><strong>·—</strong></span> <span class='ocrx_word' id='word_1_323' title='bbox 1347 2184 1417 2224; x_wconf 90' lang='lat'><strong>16.</strong></span> <span class='ocrx_word' id='word_1_324' title='bbox 1447 2182 1515 2220; x_wconf 88' lang='lat' dir='ltr'><strong>Sil.</strong></span> <span class='ocrx_word' id='word_1_325' title='bbox 1542 2183 1626 2225; x_wconf 77' lang='lat' dir='ltr'><strong>Ital.</strong></span> <span class='ocrx_word' id='word_1_326' title='bbox 1651 2183 1718 2233; x_wconf 83' lang='lat'><strong>15,</strong></span> <span class='ocrx_word' id='word_1_327' title='bbox 1746 2184 1838 2224; x_wconf 90' lang='grc'><strong>100.</strong></span> 
     </span>
     <span class='ocr_line' id='line_1_30' title="bbox 314 2250 1841 2301; baseline 0 -11"><span class='ocrx_word' id='word_1_328' title='bbox 314 2251 445 2290; x_wconf 86' lang='lat' dir='ltr'><strong>Barth.</strong></span> <span class='ocrx_word' id='word_1_329' title='bbox 471 2251 521 2289; x_wconf 87' lang='lat' dir='ltr'><strong>ad</strong></span> <span class='ocrx_word' id='word_1_330' title='bbox 549 2251 680 2290; x_wconf 85' lang='lat' dir='ltr'><strong>Claud.</strong></span> <span class='ocrx_word' id='word_1_331' title='bbox 707 2252 746 2290; x_wconf 92' lang='lat' dir='ltr'><strong>in</strong></span> <span class='ocrx_word' id='word_1_332' title='bbox 770 2251 897 2291; x_wconf 85' lang='lat' dir='ltr'><strong>Rufin.</strong></span> <span class='ocrx_word' id='word_1_333' title='bbox 923 2253 964 2301; x_wconf 91' lang='lat'><strong>2,</strong></span> <span class='ocrx_word' id='word_1_334' title='bbox 993 2253 1030 2293; x_wconf 91' lang='lat'><strong>2.</strong></span> <span class='ocrx_word' id='word_1_335' title='bbox 1072 2250 1173 2289; x_wconf 90' lang='lat' dir='ltr'><strong>Hinc</strong></span> <span class='ocrx_word' id='word_1_336' title='bbox 1196 2250 1415 2300; x_wconf 89' lang='lat' dir='ltr'><strong>Hieronym.</strong></span> <span class='ocrx_word' id='word_1_337' title='bbox 1447 2251 1497 2288; x_wconf 88' lang='lat' dir='ltr'><strong>ad</strong></span> <span class='ocrx_word' id='word_1_338' title='bbox 1514 2250 1698 2289; x_wconf 73' lang='lat' dir='ltr'><strong>Joviniun.</strong></span> <span class='ocrx_word' id='word_1_339' title='bbox 1725 2250 1762 2293; x_wconf 86' lang='lat'><strong>1,</strong></span> <span class='ocrx_word' id='word_1_340' title='bbox 1793 2251 1841 2290; x_wconf 85' lang='lat'><strong>11.</strong></span> 
     </span>
     <span class='ocr_line' id='line_1_31' title="bbox 315 2317 1841 2374; baseline -0.003 -13"><span class='ocrx_word' id='word_1_341' title='bbox 315 2333 356 2371; x_wconf 86' lang='lat' dir='ltr'><strong>p.</strong></span> <span class='ocrx_word' id='word_1_342' title='bbox 396 2320 464 2361; x_wconf 87' lang='grc'><strong>38.</strong></span> <span class='ocrx_word' id='word_1_343' title='bbox 497 2319 545 2360; x_wconf 89' lang='lat' dir='ltr'><strong>F.</strong></span> <span class='ocrx_word' id='word_1_344' title='bbox 590 2319 774 2358; x_wconf 76' lang='lat' dir='ltr'><strong>militaris</strong></span> <span class='ocrx_word' id='word_1_345' title='bbox 808 2319 943 2372; x_wconf 83' lang='lat' dir='ltr'><strong>gloria</strong></span> <span class='ocrx_word' id='word_1_346' title='bbox 971 2317 1273 2370; x_wconf 76' lang='lat' dir='ltr'><strong>triumphusque</strong></span> <span class='ocrx_word' id='word_1_347' title='bbox 1309 2331 1435 2356; x_wconf 75' lang='lat' dir='ltr'><strong>novae</strong></span> <span class='ocrx_word' id='word_1_348' title='bbox 1467 2319 1598 2369; x_wconf 71' lang='lat' dir='ltr'><strong>gentis</strong></span> <span class='ocrx_word' id='word_1_349' title='bbox 1629 2326 1841 2374; x_wconf 70' lang='lat' dir='ltr'><strong>consecrat.</strong></span> 
     </span>
     <span class='ocr_line' id='line_1_32' title="bbox 317 2386 1843 2440; baseline -0.001 -14"><span class='ocrx_word' id='word_1_350' title='bbox 317 2388 505 2427; x_wconf 66' lang='lat' dir='ltr'><strong>coelestis</strong></span> <span class='ocrx_word' id='word_1_351' title='bbox 538 2389 635 2426; x_wconf 89' lang='lat' dir='ltr'><strong>enim</strong></span> <span class='ocrx_word' id='word_1_352' title='bbox 663 2389 867 2440; x_wconf 87' lang='lat' dir='ltr'><strong>majestatis</strong></span> <span class='ocrx_word' id='word_1_353' title='bbox 894 2388 1091 2438; x_wconf 86' lang='lat' dir='ltr'><strong>imaginem</strong></span> <span class='ocrx_word' id='word_1_354' title='bbox 1115 2387 1340 2438; x_wconf 86' lang='lat' dir='ltr'><strong>triumphum</strong></span> <span class='ocrx_word' id='word_1_355' title='bbox 1370 2391 1516 2426; x_wconf 90' lang='lat' dir='ltr'><strong>veteres</strong></span> <span class='ocrx_word' id='word_1_356' title='bbox 1540 2386 1733 2425; x_wconf 86' lang='lat' dir='ltr'><strong>Romanos</strong></span> <span class='ocrx_word' id='word_1_357' title='bbox 1757 2399 1843 2425; x_wconf 85' lang='lat' dir='ltr'><strong>esse</strong></span> 
     </span>
     <span class='ocr_line' id='line_1_33' title="bbox 316 2454 1842 2508; baseline 0.003 -15"><span class='ocrx_word' id='word_1_358' title='bbox 316 2456 483 2494; x_wconf 77' lang='lat' dir='ltr'><strong>voluisse</strong></span> <span class='ocrx_word' id='word_1_359' title='bbox 511 2460 677 2508; x_wconf 89' lang='lat' dir='ltr'><strong>constat,</strong></span> <span class='ocrx_word' id='word_1_360' title='bbox 709 2456 810 2496; x_wconf 86' lang='lat' dir='ltr'><strong>conf.</strong></span> <span class='ocrx_word' id='word_1_361' title='bbox 837 2456 887 2499; x_wconf 89' lang='lat' dir='ltr'><strong>O.</strong></span> <span class='ocrx_word' id='word_1_362' title='bbox 916 2456 1064 2495; x_wconf 80' lang='lat' dir='ltr'><strong>Miiller.</strong></span> <span class='ocrx_word' id='word_1_363' title='bbox 1093 2455 1336 2506; x_wconf 82' lang='lat' dir='ltr'><strong>‚,Etmsker“</strong></span> <span class='ocrx_word' id='word_1_364' title='bbox 1365 2457 1405 2506; x_wconf 91' lang='lat'><strong>2,</strong></span> <span class='ocrx_word' id='word_1_365' title='bbox 1427 2455 1521 2497; x_wconf 87' lang='lat'><strong>218.</strong></span> <span class='ocrx_word' id='word_1_366' title='bbox 1554 2454 1580 2494; x_wconf 89' lang='lat' dir='ltr'><strong>l.</strong></span> <span class='ocrx_word' id='word_1_367' title='bbox 1607 2468 1646 2507; x_wconf 91' lang='lat' dir='ltr'><strong>p.</strong></span> <span class='ocrx_word' id='word_1_368' title='bbox 1669 2455 1766 2497; x_wconf 84' lang='lat'><strong>372.</strong></span> <span class='ocrx_word' id='word_1_369' title='bbox 1785 2476 1842 2484; x_wconf 89' lang='lat'><strong>--</strong></span> 
     </span>
    </p>
   </div>
   <div class='ocr_carea' id='block_1_5' title="bbox 316 2541 593 2548">
    <p class='ocr_par' dir='ltr' id='par_1_5' title="bbox 316 2541 593 2548">
     <span class='ocr_line' id='line_1_34' title="bbox 316 2541 593 2548; baseline 0 0"><span class='ocrx_word' id='word_1_370' title='bbox 316 2541 593 2548; x_wconf 95' lang='lat' dir='ltr'><strong> </strong></span> 
     </span>
    </p>
   </div>
   <div class='ocr_carea' id='block_1_6' title="bbox 309 2590 1843 2980">
    <p class='ocr_par' dir='ltr' id='par_1_6' title="bbox 309 2590 1843 2980">
     <span class='ocr_line' id='line_1_35' title="bbox 430 2590 1842 2642; baseline -0.002 -12"><span class='ocrx_word' id='word_1_371' title='bbox 430 2594 466 2640; x_wconf 84' lang='lat'><strong>*)</strong></span> <span class='ocrx_word' id='word_1_372' title='bbox 488 2595 710 2642; x_wconf 85' lang='lat' dir='ltr'><strong>Porphyrio:</strong></span> <span class='ocrx_word' id='word_1_373' title='bbox 732 2596 826 2640; x_wconf 85' lang='lat' dir='ltr'><strong>„Res</strong></span> <span class='ocrx_word' id='word_1_374' title='bbox 843 2607 970 2642; x_wconf 82' lang='lat' dir='ltr'><strong>gerere</strong></span> <span class='ocrx_word' id='word_1_375' title='bbox 988 2594 1126 2629; x_wconf 81' lang='lat' dir='ltr'><strong>scilicet</strong></span> <span class='ocrx_word' id='word_1_376' title='bbox 1143 2593 1325 2639; x_wconf 56' lang='lat' dir='ltr'><strong>magnust</strong></span> <span class='ocrx_word' id='word_1_377' title='bbox 1364 2593 1466 2627; x_wconf 81' lang='lat' dir='ltr'><strong>Varr.</strong></span> <span class='ocrx_word' id='word_1_378' title='bbox 1482 2593 1526 2630; x_wconf 86' lang='lat' dir='ltr'><strong>L.</strong></span> <span class='ocrx_word' id='word_1_379' title='bbox 1541 2593 1583 2627; x_wconf 91' lang='lat' dir='ltr'><strong>L.</strong></span> <span class='ocrx_word' id='word_1_380' title='bbox 1601 2590 1636 2627; x_wconf 88' lang='lat'><strong>5.</strong></span> <span class='ocrx_word' id='word_1_381' title='bbox 1657 2604 1694 2638; x_wconf 81' lang='lat' dir='ltr'><strong>p.</strong></span> <span class='ocrx_word' id='word_1_382' title='bbox 1713 2593 1770 2628; x_wconf 85' lang='lat'><strong>72.</strong></span> <span class='ocrx_word' id='word_1_383' title='bbox 1790 2591 1842 2635; x_wconf 82' lang='lat'><strong>(6,</strong></span> 
     </span>
     <span class='ocr_line' id='line_1_36' title="bbox 318 2650 1843 2698; baseline -0.003 -11"><span class='ocrx_word' id='word_1_384' title='bbox 318 2653 376 2687; x_wconf 90' lang='lat'><strong>77.</strong></span> <span class='ocrx_word' id='word_1_385' title='bbox 397 2652 469 2697; x_wconf 90' lang='lat' dir='ltr'><strong>M.)</strong></span> <span class='ocrx_word' id='word_1_386' title='bbox 501 2654 635 2687; x_wconf 81' lang='lat' dir='ltr'><strong>Contra</strong></span> <span class='ocrx_word' id='word_1_387' title='bbox 656 2653 868 2698; x_wconf 77' lang='lat' dir='ltr'><strong>imperator,</strong></span> <span class='ocrx_word' id='word_1_388' title='bbox 898 2653 958 2697; x_wconf 81' lang='lat' dir='ltr'><strong>qui</strong></span> <span class='ocrx_word' id='word_1_389' title='bbox 979 2652 1102 2687; x_wconf 73' lang='lat' dir='ltr'><strong>dicitur</strong></span> <span class='ocrx_word' id='word_1_390' title='bbox 1126 2662 1181 2685; x_wconf 76' lang='lat' dir='ltr'><strong>res</strong></span> <span class='ocrx_word' id='word_1_391' title='bbox 1198 2661 1344 2696; x_wconf 81' lang='lat' dir='ltr'><strong>gerere,</strong></span> <span class='ocrx_word' id='word_1_392' title='bbox 1369 2650 1407 2684; x_wconf 76' lang='lat' dir='ltr'><strong>in</strong></span> <span class='ocrx_word' id='word_1_393' title='bbox 1422 2661 1461 2684; x_wconf 85' lang='lat' dir='ltr'><strong>eo</strong></span> <span class='ocrx_word' id='word_1_394' title='bbox 1478 2661 1591 2694; x_wconf 72' lang='lat' dir='ltr'><strong>neque</strong></span> <span class='ocrx_word' id='word_1_395' title='bbox 1609 2650 1709 2695; x_wconf 73' lang='lat' dir='ltr'><strong>agit,</strong></span> <span class='ocrx_word' id='word_1_396' title='bbox 1732 2658 1843 2691; x_wconf 77' lang='lat' dir='ltr'><strong>neque</strong></span> 
     </span>
     <span class='ocr_line' id='line_1_37' title="bbox 309 2701 1841 2755; baseline -0.003 -14"><span class='ocrx_word' id='word_1_397' title='bbox 309 2708 424 2752; x_wconf 75' lang='lat' dir='ltr'><strong>facit,</strong></span> <span class='ocrx_word' id='word_1_398' title='bbox 452 2710 513 2744; x_wconf 73' lang='lat' dir='ltr'><strong>sed</strong></span> <span class='ocrx_word' id='word_1_399' title='bbox 527 2710 645 2755; x_wconf 83' lang='lat' dir='ltr'><strong>gerit,</strong></span> <span class='ocrx_word' id='word_1_400' title='bbox 674 2709 710 2744; x_wconf 79' lang='lat' dir='ltr'><strong>id</strong></span> <span class='ocrx_word' id='word_1_401' title='bbox 733 2715 782 2744; x_wconf 68' lang='lat' dir='ltr'><strong>est</strong></span> <span class='ocrx_word' id='word_1_402' title='bbox 806 2709 960 2744; x_wconf 77' lang='lat' dir='ltr'><strong>sustinet.</strong></span> <span class='ocrx_word' id='word_1_403' title='bbox 1000 2709 1054 2743; x_wconf 90' lang='lat' dir='ltr'><strong>De</strong></span> <span class='ocrx_word' id='word_1_404' title='bbox 1075 2707 1290 2751; x_wconf 84' lang='lat' dir='ltr'><strong>discrimine,</strong></span> <span class='ocrx_word' id='word_1_405' title='bbox 1324 2706 1416 2752; x_wconf 89' lang='lat' dir='ltr'><strong>quod</strong></span> <span class='ocrx_word' id='word_1_406' title='bbox 1438 2706 1624 2741; x_wconf 73' lang='lat' dir='ltr'><strong>Chabott’us</strong></span> <span class='ocrx_word' id='word_1_407' title='bbox 1646 2705 1747 2748; x_wconf 78' lang='lat' dir='ltr'><strong>hujus</strong></span> <span class='ocrx_word' id='word_1_408' title='bbox 1771 2701 1841 2737; x_wconf 79' lang='lat' dir='ltr'><strong>loci</strong></span> 
     </span>
     <span class='ocr_line' id='line_1_38' title="bbox 320 2758 1841 2810; baseline -0.003 -13"><span class='ocrx_word' id='word_1_409' title='bbox 320 2774 387 2798; x_wconf 88' lang='lat' dir='ltr'><strong>non</strong></span> <span class='ocrx_word' id='word_1_410' title='bbox 406 2766 582 2800; x_wconf 85' lang='lat' dir='ltr'><strong>immemor</strong></span> <span class='ocrx_word' id='word_1_411' title='bbox 602 2766 647 2800; x_wconf 88' lang='lat' dir='ltr'><strong>ad</strong></span> <span class='ocrx_word' id='word_1_412' title='bbox 667 2766 738 2801; x_wconf 89' lang='lat' dir='ltr'><strong>Od.</strong></span> <span class='ocrx_word' id='word_1_413' title='bbox 763 2767 794 2810; x_wconf 87' lang='lat'><strong>1,</strong></span> <span class='ocrx_word' id='word_1_414' title='bbox 816 2767 850 2810; x_wconf 91' lang='lat'><strong>6,</strong></span> <span class='ocrx_word' id='word_1_415' title='bbox 870 2766 906 2800; x_wconf 85' lang='lat'><strong>3.</strong></span> <span class='ocrx_word' id='word_1_416' title='bbox 938 2766 1032 2800; x_wconf 83' lang='lat' dir='ltr'><strong>inter</strong></span> <span class='ocrx_word' id='word_1_417' title='bbox 1045 2764 1211 2800; x_wconf 79' lang='lat' dir='ltr'><strong>formulas</strong></span> <span class='ocrx_word' id='word_1_418' title='bbox 1230 2776 1305 2798; x_wconf 87' lang='lat' dir='ltr'><strong>rem</strong></span> <span class='ocrx_word' id='word_1_419' title='bbox 1329 2768 1366 2798; x_wconf 88' lang='lat' dir='ltr'><strong>et</strong></span> <span class='ocrx_word' id='word_1_420' title='bbox 1380 2775 1436 2798; x_wconf 77' lang='lat' dir='ltr'><strong>res</strong></span> <span class='ocrx_word' id='word_1_421' title='bbox 1455 2773 1583 2810; x_wconf 79' lang='lat' dir='ltr'><strong>gerere</strong></span> <span class='ocrx_word' id='word_1_422' title='bbox 1601 2760 1704 2803; x_wconf 82' lang='lat' dir='ltr'><strong>fecit,</strong></span> <span class='ocrx_word' id='word_1_423' title='bbox 1722 2758 1841 2804; x_wconf 81' lang='lat' dir='ltr'><strong>dispu-</strong></span> 
     </span>
     <span class='ocr_line' id='line_1_39' title="bbox 320 2815 1841 2865; baseline -0.002 -14"><span class='ocrx_word' id='word_1_424' title='bbox 320 2825 397 2853; x_wconf 81' lang='lat' dir='ltr'><strong>tant</strong></span> <span class='ocrx_word' id='word_1_425' title='bbox 421 2823 600 2865; x_wconf 73' lang='lat' dir='ltr'><strong>Bentlejus</strong></span> <span class='ocrx_word' id='word_1_426' title='bbox 620 2822 709 2857; x_wconf 73' lang='lat' dir='ltr'><strong>ibid.</strong></span> <span class='ocrx_word' id='word_1_427' title='bbox 731 2828 769 2857; x_wconf 82' lang='lat' dir='ltr'><strong>et</strong></span> <span class='ocrx_word' id='word_1_428' title='bbox 787 2822 966 2857; x_wconf 77' lang='lat' dir='ltr'><strong>Drakenb.</strong></span> <span class='ocrx_word' id='word_1_429' title='bbox 984 2822 1026 2856; x_wconf 84' lang='lat' dir='ltr'><strong>ad</strong></span> <span class='ocrx_word' id='word_1_430' title='bbox 1050 2821 1130 2856; x_wconf 84' lang='lat' dir='ltr'><strong>Liv.</strong></span> <span class='ocrx_word' id='word_1_431' title='bbox 1149 2823 1204 2865; x_wconf 92' lang='grc'><strong>10,</strong></span> <span class='ocrx_word' id='word_1_432' title='bbox 1222 2817 1281 2864; x_wconf 82' lang='lat'><strong>43,</strong></span> <span class='ocrx_word' id='word_1_433' title='bbox 1303 2822 1336 2856; x_wconf 91' lang='grc'><strong>6.</strong></span> <span class='ocrx_word' id='word_1_434' title='bbox 1349 2846 1359 2863; x_wconf 89' lang='grc'><strong>,</strong></span> <span class='ocrx_word' id='word_1_435' title='bbox 1381 2820 1582 2865; x_wconf 82' lang='lat' dir='ltr'><strong>quibuscum</strong></span> <span class='ocrx_word' id='word_1_436' title='bbox 1602 2817 1724 2851; x_wconf 79' lang='lat' dir='ltr'><strong>confer</strong></span> <span class='ocrx_word' id='word_1_437' title='bbox 1741 2815 1841 2860; x_wconf 67' lang='lat' dir='ltr'><strong>Segr-</strong></span> 
     </span>
     <span class='ocr_line' id='line_1_40' title="bbox 311 2873 1843 2924; baseline -0.003 -14"><span class='ocrx_word' id='word_1_438' title='bbox 311 2878 447 2918; x_wconf 79' lang='lat' dir='ltr'><strong>sertum</strong></span> <span class='ocrx_word' id='word_1_439' title='bbox 469 2878 512 2911; x_wconf 90' lang='lat' dir='ltr'><strong>ad</strong></span> <span class='ocrx_word' id='word_1_440' title='bbox 533 2878 610 2913; x_wconf 87' lang='lat' dir='ltr'><strong>Cic.</strong></span> <span class='ocrx_word' id='word_1_441' title='bbox 631 2880 730 2914; x_wconf 88' lang='lat' dir='ltr'><strong>Lael.</strong></span> <span class='ocrx_word' id='word_1_442' title='bbox 755 2880 810 2922; x_wconf 84' lang='lat'><strong>17,</strong></span> <span class='ocrx_word' id='word_1_443' title='bbox 832 2881 889 2914; x_wconf 88' lang='lat'><strong>61.</strong></span> <span class='ocrx_word' id='word_1_444' title='bbox 909 2891 944 2924; x_wconf 90' lang='lat' dir='ltr'><strong>p.</strong></span> <span class='ocrx_word' id='word_1_445' title='bbox 961 2878 1043 2914; x_wconf 82' lang='lat'><strong>385.</strong></span> <span class='ocrx_word' id='word_1_446' title='bbox 1075 2879 1129 2913; x_wconf 89' lang='lat' dir='ltr'><strong>De</strong></span> <span class='ocrx_word' id='word_1_447' title='bbox 1155 2877 1257 2912; x_wconf 85' lang='lat' dir='ltr'><strong>simili</strong></span> <span class='ocrx_word' id='word_1_448' title='bbox 1286 2877 1432 2911; x_wconf 80' lang='lat' dir='ltr'><strong>formula</strong></span> <span class='ocrx_word' id='word_1_449' title='bbox 1450 2873 1694 2920; x_wconf 76' lang='lat' dir='ltr'><strong>rempublicam</strong></span> <span class='ocrx_word' id='word_1_450' title='bbox 1715 2882 1843 2918; x_wconf 81' lang='lat' dir='ltr'><strong>gerere</strong></span> 
     </span>
     <span class='ocr_line' id='line_1_41' title="bbox 323 2929 1458 2980; baseline 0.004 -18"><span class='ocrx_word' id='word_1_451' title='bbox 323 2929 394 2964; x_wconf 90' lang='lat' dir='ltr'><strong>vid.</strong></span> <span class='ocrx_word' id='word_1_452' title='bbox 411 2933 525 2968; x_wconf 80' lang='lat' dir='ltr'><strong>Kritz.</strong></span> <span class='ocrx_word' id='word_1_453' title='bbox 548 2935 603 2969; x_wconf 85' lang='lat' dir='ltr'><strong>ad.</strong></span> <span class='ocrx_word' id='word_1_454' title='bbox 625 2935 711 2969; x_wconf 87' lang='lat' dir='ltr'><strong>Sall.</strong></span> <span class='ocrx_word' id='word_1_455' title='bbox 727 2933 809 2980; x_wconf 75' lang='lat' dir='ltr'><strong>Jug.</strong></span> <span class='ocrx_word' id='word_1_456' title='bbox 826 2938 903 2978; x_wconf 89' lang='grc'><strong>100,</strong></span> <span class='ocrx_word' id='word_1_457' title='bbox 925 2935 959 2970; x_wconf 85' lang='grc'><strong>5.</strong></span> <span class='ocrx_word' id='word_1_458' title='bbox 990 2937 1100 2970; x_wconf 82' lang='lat' dir='ltr'><strong>Fabr.</strong></span> <span class='ocrx_word' id='word_1_459' title='bbox 1116 2935 1160 2970; x_wconf 86' lang='lat' dir='ltr'><strong>ad</strong></span> <span class='ocrx_word' id='word_1_460' title='bbox 1176 2934 1257 2969; x_wconf 85' lang='lat' dir='ltr'><strong>Liv.</strong></span> <span class='ocrx_word' id='word_1_461' title='bbox 1275 2936 1332 2977; x_wconf 88' lang='lat'><strong>22,</strong></span> <span class='ocrx_word' id='word_1_462' title='bbox 1348 2933 1403 2976; x_wconf 83' lang='lat'><strong>25,</strong></span> <span class='ocrx_word' id='word_1_463' title='bbox 1424 2933 1458 2967; x_wconf 88' lang='lat'><strong>6.</strong></span> 
     </span>
    </p>
   </div>
  </div>
 </body>
</html>
