1910 3138
221 191 306 236 548
365 194 643 235 COMMENT.
675 195 733 234 IN
761 194 888 235 HOR.
917 194 1018 234 LIB.
1040 195 1070 234 1.
1119 194 1284 235 EPlST.
1313 195 1607 236 VIOESIMAM.
1663 196 1749 239 2⁰0

222 310 394 347 dicuntur
422 313 554 360 utpote
588 309 828 347 remotissimi
867 309 927 361 (1,
957 306 1025 350 45.
1057 308 1097 356 6,
1126 309 1215 359 6.),
1245 310 1333 360 qnia
1358 310 1398 348 in
1427 309 1561 348 talibus
1588 314 1748 362 propter

219 377 458 429 pergularum
485 381 524 415 et
553 377 751 416 domorum
786 378 968 415 modicum
994 377 1154 428 pretium
1181 377 1274 415 viles
1299 377 1547 429 ludimagistri
1570 378 1651 416 sere
1679 379 1748 417 ha-

220 445 405 492 bitarunt;
433 445 481 482 de
509 446 695 483 sententia
712 445 980 496 Porphyrionis
1011 445 1079 494 „in
1108 445 1236 483 ultima
1263 446 1426 484 vicorum
1445 450 1577 497 parte,
1606 450 1647 484 ut
1665 445 1702 484 Τ
1705 459 1748 485 e-

219 513 362 551 rentius
386 513 429 549 in
457 513 600 550 ultima
622 513 762 564 platea
787 514 907 550 diciv‘
935 512 1104 565 [Phorm.
1135 514 1174 564 1,
1202 512 1244 563 4,
1271 513 1379 566 38.]‚
1419 527 1531 565 quam
1558 514 1747 566 interpre-

218 581 399 619 tationem
427 585 467 618 et
495 586 654 633 propter
683 581 993 620 consuetudinem
1019 581 1167 619 dicendi
1200 586 1239 620 et
1265 581 1336 619 loci
1373 586 1543 621 naturam
1570 585 1747 634 pauperi-

219 648 288 686 bus
316 649 586 698 grammatistis
626 663 746 701 aeque
783 649 1101 688 accommodatam
1140 662 1218 686 non
1253 661 1411 700 prorsus
1444 650 1745 702 improbaverim.

217 716 342 767 Atque
376 716 474 754 haud
511 718 590 756 scio
619 731 668 756 an
695 718 796 756 idem
822 717 1011 755 senserint
1041 716 1252 754 Rodelliue
1280 721 1321 755 et
1353 717 1592 756 Sanadonu'e
1603 748 1620 768 ,
1649 731 1747 770 quo-

216 798 299 822 rum
339 783 402 822 ilie
451 785 528 834 „in
563 787 730 824 vicorum
769 784 1014 837 capitibus‚“
1065 785 1127 822 hic
1173 785 1235 835 „a
1270 784 1497 825 l'extremite
1534 786 1604 826 des
1639 788 1747 825 faux-

216 852 391 903 bourgs“
417 852 499 890 illas
527 852 676 890 scholas
704 854 822 904 ponit.
877 852 1032 891 Librum
1059 857 1186 891 autem
1209 866 1356 904 pueros
1383 854 1573 892 elementa
1601 854 1748 892 decm-

215 926 292 957 tem
322 920 454 958 volunt
480 933 584 967 esse,
615 933 661 959 ex
689 934 765 971 quo
791 922 899 973 pueri
928 921 1059 970 legere
1087 920 1147 959 vel
1170 922 1306 972 prima
1324 921 1529 961 literarum
1557 916 1748 961 clemerita

213 988 368 1039 (Heind.
399 988 447 1026 ad
477 990 560 1027 Sat.
587 991 625 1037 1,
654 990 693 1039 1,
725 990 811 1042 26.)
825 1019 836 1039 ,
860 990 1037 1040 primam
1063 989 1311 1027 literaturam
1339 988 1493 1040 (Senec.
1520 990 1641 1042 Epist.
1661 991 1747 1041 88.)

214 1056 381 1106 discant,
413 1057 473 1095 vel
500 1058 586 1108 qui,
612 1061 655 1095 ut
681 1057 742 1095 alii
768 1059 994 1109 opinantur,
1023 1070 1161 1109 pueros
1189 1058 1412 1097 carminibus
1435 1072 1458 1097 a
1481 1058 1750 1110 ludimagistris

214 1125 273 1163 vel
311 1125 458 1164 dictatis
494 1126 554 1163 vel
590 1126 789 1178 praelectis
829 1127 947 1176 fingat
987 1126 1070 1164 coll.
1104 1127 1184 1166 Sat.
1216 1127 1255 1177 1,
1283 1127 1351 1176 10,
1379 1127 1448 1168 75.
1485 1127 1608 1179 Epist.
1638 1129 1677 1177 2,
1707 1129 1748 1177 1,

215 1195 269 1234 69
294 1216 348 1221 -
374 1196 444 1235 71.
479 1195 572 1236 126.
621 1193 762 1231 Rader.
797 1194 847 1230 ad
884 1193 996 1232 Mart.
1024 1196 1065 1244 8,
1089 1194 1131 1245 3,
1159 1193 1222 1234 15.
1252 1207 1292 1245 p.
1318 1193 1414 1235 546.
1441 1200 1482 1235 et
1509 1196 1558 1234 de
1587 1196 1748 1235 Graecis

213 1261 453 1313 Bernhardy
479 1262 720 1312 „Grundriss
747 1262 816 1299 ‹ler
837 1260 987 1299 Griech.
1014 1259 1140 1300 Litt'.“
1171 1261 1198 1302 l.
1224 1275 1261 1313 p.
1283 1263 1338 1302 66
1361 1275 1464 1314 sqq„
1486 1263 1547 1301 vel
1570 1263 1656 1314 qui,
1685 1277 1749 1302 se-

210 1331 374 1368 cundum
414 1330 507 1368 alios
526 1330 589 1382 *)‚
638 1343 776 1381 pueros
823 1329 1015 1367 literarum
1054 1328 1239 1367 elementa
1274 1330 1433 1381 pingere
1477 1331 1634 1379 doceat,
1682 1330 1747 1368 ubi

209 1390 476 1451 praeceptores
513 1412 644 1437 versus
674 1412 720 1437 ex
748 1412 793 1437 eo
821 1397 1034 1448 descriptos
1074 1396 1148 1434 illis
1181 1402 1358 1447 tanquam
1385 1399 1594 1450 scripturae
1617 1411 1747 1437 exem—

209 1468 293 1520 plar
316 1469 514 1506 imitandos
543 1470 771 1519 proponant.
822 1466 899 1504 Sed
918 1469 1085 1517 praestat
1108 1465 1228 1516 prima
1254 1466 1528 1518 interpretatio.
1579 1467 1621 1507 In
1650 1467 1746 1506 banc

211 1602 335 1630 contra
354 1597 561 1630 Torrentius
575 1600 746 1629 extremos
758 1594 849 1628 vicos
864 1593 934 1634 dici
953 1594 1118 1639 opinatur
1134 1593 1255 1637 ‚‚loca‚
1277 1593 1338 1628 ubi
1356 1594 1475 1639 plures
1491 1592 1564 1629 vici
1580 1593 1617 1629 in
1636 1592 1747 1630 trivia

211 1659 273 1687 aut
294 1653 481 1699 quadrivia
500 1652 683 1695 desinant,
714 1649 766 1686 ibi
788 1651 878 1685 enim
899 1651 1211 1686 Grammaticorum
1230 1650 1368 1685 scholas
1388 1650 1518 1695 fuisse,
1538 1662 1606 1696 quo
1625 1651 1745 1698 plures

211 1710 469 1744 confluerent.“
515 1710 664 1744 Scholas
684 1708 719 1742 in
749 1707 865 1742 triviis
885 1714 923 1743 ut
942 1709 1028 1742 locis
1049 1708 1195 1742 maxime
1225 1707 1460 1753 frequentatis
1480 1708 1621 1743 habitas
1640 1707 1746 1745 ctiam

210 1767 411 1812 Rappoltus
436 1774 473 1800 et
493 1766 700 1812 Desprezius
720 1764 934 1810 intelligunt.
978 1766 1091 1799 Recte
1108 1771 1222 1799 autem
1246 1765 1396 1800 Orellins
1415 1770 1504 1799 extr.
1525 1765 1617 1800 vicos
1635 1764 1747 1800 minus

210 1813 478 1869 frequentatos,
503 1823 560 1856 ubi
581 1822 684 1867 egeni
703 1822 884 1857 dumtaxat
903 1821 1118 1863 habitarint,
1153 1821 1251 1856 dicit.
1283 1821 1441 1856 Melioris
1459 1821 1550 1856 enim
1573 1821 1747 1857 conditio-

209 1880 264 1914 nis
285 1881 468 1915 literarum
487 1880 561 1913 ludi
577 1880 613 1912 in
627 1880 780 1913 tabernis
796 1878 891 1913 circa
908 1880 1020 1914 forum
1039 1880 1148 1913 fuisse
1169 1878 1353 1922 videntur,
1372 1878 1445 1912 vid.
1462 1879 1573 1916 Drak.
1594 1879 1638 1914 ad
1660 1879 1744 1915 biv·

210 1937 244 1979 3,
263 1934 321 1979 44,
341 1938 388 1979 6.‚
409 1935 478 1970 nisi
499 1947 573 1969 cum
593 1936 787 1969 Sanadono
803 1936 949 1970 credere
964 1936 1072 1970 mavis
1084 1962 1094 1979 ,
1113 1936 1150 1969 in
1165 1934 1368 1980 regionibus
1384 1935 1588 1971 clarissimis
1602 1937 1746 1982 quibus·

209 2005 277 2039 que
297 1993 453 2038 insignes
475 1992 611 2027 scholas
632 1993 826 2027 exstitisse.
867 1993 919 2026 De
940 1993 1027 2027 locis
1047 1992 1242 2027 scholarum
1256 1992 1338 2026 vide
1358 1993 1463 2038 Leop.
1479 1993 1631 2028 Roederi
1646 1993 1744 2029 Diss-

210 2053 254 2085 ue
275 2051 487 2085 scholastica
510 2050 656 2083 Roman.
685 2048 920 2083 institutione.
944 2051 1055 2086 Bonn.
1077 2049 1119 2083 ad
1139 2050 1254 2083 Rben.
1276 2049 1377 2083 1828.
1397 2062 1433 2094 p.
1454 2050 1488 2084 8.
1507 2050 1588 2084 coll.
1606 2050 1747 2086 Kranae

209 2107 245 2142 in
268 2106 393 2152 Paulyi
421 2105 777 2151 ‚‚Real-Encyclop.“
805 2106 872 2140 111.
903 2118 940 2151 p.
961 2104 1019 2143 50,
1059 2105 1240 2139 Institutio
1270 2111 1384 2140 autem
1415 2105 1560 2151 puerilis
1586 2111 1624 2141 et
1650 2105 1745 2152 apud

210 2166 371 2199 Graecos
390 2168 426 2197 et
447 2164 540 2210 apud
560 2163 736 2196 Romanos
756 2174 868 2208 paene
891 2164 926 2196 in
947 2162 1134 2208 propatulo
1156 2167 1254 2204 erat,
1275 2163 1349 2196 vid.
1371 2163 1479 2198 Drak.
1500 2164 1544 2198 ad
1569 2163 1651 2198 Liv.
1673 2163 1695 2198 l.
1719 2162 1743 2196 l.

206 2222 338 2256 Justin.
354 2223 410 2265 21,
433 2219 468 2265 5,
491 2222 526 2257 9.
554 2219 636 2254 coll.
664 2219 806 2256 Becker.
835 2219 995 2253 Charikl.
1026 2221 1055 2253 I.
1078 2231 1112 2264 p.
1131 2215 1176 2253 46
1192 2231 1246 2265 sq.
1278 2225 1315 2253 et
1343 2219 1530 2265 Chrysost.
1550 2231 1603 2258 or.
1621 2222 1680 2256 20.
1702 2231 1740 2265 p.

207 2277 288 2314 492.
311 2278 355 2312 R.
389 2274 426 2312 οἴ
445 2277 519 2312 τῶν
539 2275 760 2322 γραμμάτων
782 2276 993 2310 διδάσκαλοι
1018 2271 1107 2319 μετὰ
1131 2275 1203 2308 τῶν
1225 2275 1371 2310 παίδων
1390 2272 1429 2309 ἐν
1455 2278 1536 2315 ταῖς
1555 2271 1660 2316 ὁδοῖς
1678 2272 1743 2310 κά·

207 2337 347 2378 θηνται
363 2339 432 2369 etc.
485 2335 651 2368 Ceterum
682 2338 812 2367 sortem
840 2333 932 2367 illam
963 2344 1064 2379 quum
1088 2332 1262 2377 Virgilio,
1286 2338 1355 2366 tum
1386 2332 1536 2367 Horatio
1567 2332 1743 2380 obtigisse

207 2396 363 2426 testatur
382 2391 564 2426 Juvenalis
584 2392 618 2435 7,
635 2392 715 2426 226.
731 2390 811 2427 coll.
832 2389 981 2431 Quintil.
999 2390 1087 2424 Inst.
1109 2390 1140 2434 1,
1160 2390 1194 2433 8,
1214 2389 1247 2423 5.
1270 2388 1305 2423 6.
1329 2391 1460 2424 Auson.
1486 2388 1604 2434 Edyu.
1625 2386 1660 2433 4,
1684 2388 1740 2425 56.

322 2445 359 2492 ¹⁸)
380 2449 568 2482 Auctorem
589 2449 690 2492 hujus
710 2446 1015 2493 interpretationis
1030 2445 1202 2480 Lubinum
1220 2444 1353 2483 inveni.
1388 2444 1542 2479 Similem
1562 2456 1668 2480 ausus
1687 2450 1744 2480 est

210 2506 292 2540 Chr.
310 2506 418 2539 Gottl.
437 2505 654 2539 Schwarzius
682 2505 705 2541 l.
729 2504 753 2539 l.
776 2517 813 2550 p.
834 2505 890 2539 69.
911 2504 966 2538 his
988 2514 1069 2538 usus
1090 2503 1228 2536 verbis:
1257 2513 1385 2547 „quum
1407 2501 1580 2537 vilescere
1603 2501 1742 2548 coepis-

210 2568 288 2595 sent
311 2561 393 2595 libri
412 2561 447 2595 in
468 2561 701 2595 voluminibus
723 2561 881 2604 exarati,
907 2560 1092 2606 aliquando
1111 2559 1380 2593 invertebantur
1403 2564 1440 2593 et
1459 2561 1503 2593 ab
1525 2559 1638 2595 altera
1657 2570 1744 2605 quo-

210 2629 277 2662 que
311 2624 413 2662 parte
448 2618 776 2652 conscribebantur.
826 2617 997 2662 Imprimis
1020 2629 1105 2651 vero
1136 2617 1279 2658 charta,
1310 2626 1401 2661 quae
1420 2628 1440 2650 a
1461 2623 1563 2660 tergo
1593 2616 1743 2650 nondum

210 2672 420 2717 scripturam
445 2680 669 2720 susceperat,
690 2674 767 2708 usui
788 2685 974 2719 puerorum
996 2673 1166 2717 cedebat,
1188 2678 1227 2706 ut
1246 2672 1282 2706 in
1299 2672 1361 2707 illa
1387 2672 1574 2707 scribendo
1601 2683 1742 2707 exerce-

209 2736 339 2764 rentur.
384 2732 496 2772 Quem
517 2743 632 2766 casum
652 2731 821 2765 Horatius
842 2731 934 2765 libro
956 2742 1018 2765 suo
1041 2729 1250 2766 vaticinatus
1271 2730 1418 2764 cecinit:
1451 2731 1528 2764 Hoc
1541 2741 1674 2774 quoque
1689 2747 1739 2753 —

208 2792 375 2820 senectus.
398 2788 429 2819 b.
453 2800 483 2821 e.
504 2788 703 2833 interprete
725 2787 980 2833 Porphyrione:
1000 2780 1159 2832 ,‚„neino
1180 2792 1216 2821 te
1236 2787 1378 2821 ornabit
1397 2798 1438 2821 ac
1458 2786 1656 2828 describet,
1676 2783 1739 2818 sed

209 2847 270 2875 aut
290 2842 384 2875 carie
407 2845 642 2889 consumeris,
673 2851 733 2878 aut
763 2845 851 2879 fient
880 2836 922 2878 ex
950 2850 986 2878 te
1011 2844 1287 2889 opistograpbae
1316 2843 1564 2890 epistolae,““
1603 2841 1737 2876 Eodem

210 2897 368 2942 respexit
390 2899 493 2938 Mart,
515 2898 548 2944 4,
569 2902 625 2944 87,
650 2903 703 2938 10.
734 2903 788 2936 11.
827 2902 898 2936 Sed
919 2900 1119 2936 Scholiasta
1141 2899 1294 2946 explicat
1316 2911 1437 2935 versus
1454 2901 1494 2934 11
1516 2917 1562 2923 —-
1582 2896 1637 2932 13.
