1910 3138
262 226 345 269 422
389 227 669 268 COMMENT.
689 227 746 267 IN
765 226 891 267 HOR.
910 226 1009 270 LIB.
1031 229 1060 266 1.
1103 228 1270 268 EPIST.
1291 226 1699 270 DUODEVICESIM.
1739 229 1798 273 74

263 345 322 380 ita
345 349 474 393 potest
495 353 701 378 resonare.-
730 339 954 378 moderatas
979 354 1060 378 esse
1086 343 1248 379 virtutes
1257 369 1274 388 ,
1303 343 1524 382 aecedentes
1549 343 1714 381 modum
1730 349 1797 380 ab·

265 425 340 463 que
363 421 590 447 mensuram
609 409 711 445 inter
737 409 837 446 vitia
865 408 1060 460 deputari,
1107 409 1161 448 ld.
1189 410 1238 447 ad
1269 409 1447 452 Eustoch.
1475 412 1571 463 virg.
1600 413 1669 455 27.
1695 411 1728 454 I.
1757 423 1798 464 p.

266 480 360 520 116.
390 477 436 516 Ε.
477 477 520 514 In
547 476 770 514 sententiam
800 475 990 515 Plutarch.
1032 478 1081 515 de
1113 477 1222 515 Adul.
1256 481 1293 515 et
1324 477 1440 519 Amic.
1472 477 1597 519 Dim.
1635 479 1702 518 Vl.
1729 480 1798 520 66.

263 536 427 598 &244
469 540 644 595 Αἰσχρόν
668 542 739 593 δέ,
770 541 973 596 φεύγοντα
999 545 1209 586 κολακείαν
1234 544 1460 597 παρῥησίας
1486 542 1675 603 ἆμετρίᾳ,
1710 547 1798 587 δια-

265 615 434 663 φθεῖραι
458 608 502 651 τό
534 609 692 662 φιλικὸν
720 611 787 652 καὶ
807 613 1095 663 κηδεμονικόν·
1126 614 1189 654 δεῖ
1205 611 1247 652 δὲ
1273 612 1487 665 μηδέτερον
1510 618 1683 664 παθεῖν,
1712 609 1800 655 ἄλλ’

267 677 399 730 ὥσπερ
429 676 535 735 ἄλλῳ
563 678 642 719 τινὶ
670 678 739 719 καὶ
762 682 812 734 τῇ
835 680 1040 736 παρῤησίᾳ
1069 678 1113 720 τό
1138 679 1259 722 καλὸν
1289 681 1332 722 ἐκ
1359 684 1435 723 τοῦ
1461 682 1622 734 μετρίου
1648 683 1798 735 λάβοῖν.

265 746 444 803 Dictione
472 751 597 785 autem
635 748 819 799 utrinque
845 749 1052 786 reductum
1082 763 1172 788 usus
1207 754 1267 788 est
1301 749 1502 789 Lucretius
1532 751 1584 799 5,
1616 751 1712 792 837.
1748 749 1799 791 ib.

265 815 414 854 Wakef.
450 816 645 853 Virtutem
665 821 789 854 autem
813 817 935 867 ipsam
961 817 1019 856 hic
1042 817 1224 873 intellexit
1249 813 1507 869 εὕτραπελίαν
1529 839 1587 851 ·-
1610 814 1800 871 μεσότητα

265 883 513 936 βωμολοχίας
540 882 608 923 καὶ
638 880 846 938 ἀγροικίας
884 898 945 937 ap.
977 886 1086 925 Stob.
1118 887 1157 924 in
1184 887 1264 925 Ecl.
1296 890 1339 936 2,
1369 889 1408 927 7.
1437 901 1477 939 1).
1505 887 1604 928 318.
1643 886 1799 927 Arist«.

266 952 357 993 Eth.
387 953 428 999 2,
458 953 499 1001 7,
531 952 594 992 13.
623 950 666 1001 4,
693 954 735 1002 8,
762 955 785 994 2
811 975 868 981 -
893 955 933 993 4.
978 954 1040 992 De
1067 968 1134 1004 ea,
1164 968 1261 1006 quae
1286 955 1366 993 fere
1395 956 1529 995 eadem
1555 953 1803 1001 mamerto

268 1034 357 1072 opp.
389 1015 627 1076 ἀπαιδευσίᾳ
662 1021 837 1073 (Isocrat.
870 1022 918 1058 ad
944 1020 1136 1063 Demonic.
1167 1036 1228 1074 ap.
1269 1023 1386 1061 Orell.
1422 1022 1468 1061 ll.
1502 1023 1571 1065 51.
1596 1034 1636 1078 μ.
1656 1018 1732 1072 82.
1762 1025 1805 1059 et

267 1089 383 1136 557.)
412 1092 450 1126 et
474 1083 632 1143 ἀμαθίᾳ
661 1088 883 1138 ,‚Rohheit“
905 1089 970 1136 (F.
998 1090 1042 1130 A.
1064 1090 1178 1130 w01f.
1203 1092 1250 1128 aa
1276 1090 1476 1130 Demosth.
1504 1081 1684 1144 Lapa-'fp-
1702 1089 1800 1131 3³9.

268 1162 306 1196 et
333 1158 417 1195 Ast.
447 1158 498 1195 ad
530 1155 724 1207 Theophr.
765 1157 878 1195 Char.
909 1157 976 1196 IV.
1004 1172 1043 1208 p.
1071 1159 1157 1208 69.)
1194 1159 1363 1210 pluribus
1390 1160 1559 1210 disputat
1593 1157 1806 1195 Vavamr

268 1226 317 1263 de
345 1224 510 1263 Ludicra
544 1225 635 1263 dict.
669 1238 707 1276 p.
737 1226 817 1266 282
845 1238 929 1276 sqq.
960 1226 1020 1264 ed.
1049 1226 1176 1277 Kapp.
1219 1227 1396 1265 Similiter
1423 1225 1582 1266 Tacitus
1611 1224 1730 1277 (Ann.
1759 1221 1803 1274 4,

269 1294 340 1343 20,
370 1295 406 1334 2.
445 1292 660 1343 abruptam
699 1294 992 1330 contumaciam
1028 1293 1196 1345 deformi
1231 1293 1414 1347 obsequio
1453 1294 1614 1346 opponit
1647 1297 1687 1331 et
1714 1292 1803 1331 Cle·

267 1375 375 1400 mens
408 1362 607 1402 Alexandr.
632 1361 817 1412 (Paedag.
840 1362 906 1402 10.
938 1376 976 1413 p.
1005 1363 1099 1405 243.
1124 1363 1190 1412 B.)
1213 1362 1326 1400 vitam
1353 1367 1600 1414 temperatam
1623 1361 1672 1399 ab
1699 1365 1804 1400 utro-

269 1443 343 1481 que
371 1430 462 1467 vitio
491 1430 706 1467 deliciarum
735 1434 775 1467 et
800 1430 994 1481 parcitatis
1018 1436 1201 1469 remotam
1230 1430 1423 1469 describit.

380 1497 426 1538 V.
457 1498 511 1539 10
529 1520 585 1527 -—
606 1498 672 1538 20.
711 1497 795 1535 Jam
819 1499 912 1537 Hor.
939 1499 1150 1538 sententiae
1172 1499 1338 1551 generali
1363 1501 1565 1548 utrumque
1591 1509 1710 1548 genus
1733 1495 1806 1534 ho-

268 1566 406 1604 minum
430 1580 500 1604 suo
528 1567 641 1604 modo
671 1566 862 1616 agentium
890 1567 1084 1618 subjungit
1110 1571 1150 1605 et
1175 1572 1251 1606 tam
1272 1568 1473 1620 perspicua
1500 1569 1541 1605 et
1561 1565 1697 1604 illustri
1714 1577 1804 1603 ora·

268 1634 372 1672 tione
402 1634 599 1685 explanat,
637 1638 679 1671 ut
708 1635 829 1673 omnis
858 1637 996 1686 agendi
1027 1635 1123 1673 ratio
1158 1636 1229 1675 sub
1255 1639 1450 1687 aspectum
1478 1646 1599 1686 paene
1629 1632 1804 1690 subjiciu-

269 1705 342 1740 tur.
385 1702 445 1741 De
471 1703 542 1741 hac
572 1703 788 1753 disputandi
814 1704 1088 1742 consuetudine
1106 1703 1317 1743 Horatiana
1344 1703 1445 1742 conf.
1473 1714 1562 1743 ann.
1586 1701 1636 1740 ad
1666 1702 1706 1751 1,
1734 1701 1803 1741 27.

271 1774 310 1806 et
339 1770 447 1809 Both.
478 1784 541 1822 ap.
569 1771 686 1809 Feam
716 1773 765 1809 ad
795 1772 870 1810 od.
899 1775 941 1821 4,
969 1769 1010 1821 4,
1041 1772 1109 1813 29.
1159 1773 1219 1811 Ad
1246 1772 1537 1823 descriptionem
1559 1768 1715 1808 alterius
1753 1767 1804 1806 de

270 1836 419 1875 duobus
447 1839 522 1875 vid.
549 1839 595 1876 A.
620 1840 664 1877 P.
694 1838 778 1880 420
797 1861 854 1868 —
874 1840 970 1880 433.
1009 1840 1199 1880 Plutarch.
1228 1842 1277 1879 de
1307 1840 1417 1881 Adul.
1446 1843 1486 1878 et
1522 1837 1640 1876 Amic.
1675 1835 1802 1875 Diacr.

270 1894 412 1956 V1.‘p.
451 1907 531 1946 177
557 1919 644 1957 sqq.
687 1906 846 1944 Lucian.
883 1907 931 1945 de
968 1908 1130 1946 Parasit.
1162 1907 1243 1948 vn.
1278 1921 1315 1959 p.
1345 1907 1400 1947 99
1426 1920 1511 1958 sqq.
1554 1905 1708 1956 Nigrin.
1737 1905 1804 1946 12.

271 1972 466 2023 Theophr.
496 1972 610 2011 Char.
638 1977 677 2015 2.
706 1975 774 2026 (ib.
798 1975 983 2027 Casaub.)
1014 1975 1098 2014 coll.
1123 1976 1275 2013 Aristot.
1294 1974 1418 2012 Ethie.
1439 1975 1466 2016 4
1486 1973 1578 2026 (12)
1599 1975 1639 2020 6,
1661 1973 1804 2013 1—8.

271 2046 310 2079 et
339 2040 387 2091 4,
414 2039 508 2093 (14)
539 2042 590 2090 8,
626 2041 677 2081 10
696 2063 752 2069 —-
773 2044 836 2083 12.
866 2041 1047 2080 Athenae.
1079 2045 1119 2092 6,
1150 2045 1215 2084 12.
1253 2056 1294 2093 p.
1327 2040 1422 2083 248.
1462 2041 1552 2083 Cas.
1579 2041 1639 2091 (6,
1668 2040 1734 2081 53.
1762 2053 1803 2090 p.

271 2108 352 2150 452
385 2122 469 2159 sqq.
510 2108 705 2160 schwgh.)
747 2110 832 2148 Juv.
859 2110 901 2159 3,
930 2110 996 2150 86.
1032 2111 1110 2150 100
1137 2124 1221 2160 sqq.
1263 2110 1331 2162 (ib.
1360 2108 1541 2160 Rupert.)
1583 2108 1663 2147 cie„
1690 2106 1802 2147 ιω.
1880 2091 1885 2095 ”

274 2178 343 2227 25,
373 2179 426 2218 91
455 2199 506 2206 -
530 2178 584 2218 93
625 2176 694 2228 (ib.
723 2176 881 2228 Beier.).
926 2177 1036 2215 Mart.
1067 2179 1113 2227 9,
1144 2178 1238 2229 (11)
1280 2178 1346 2218 15.
1379 2178 1429 2215 ib.
1465 2177 1605 2216 Rader.
1635 2189 1674 2227 p.
1701 2176 1799 2215 619.

273 2246 408 2283 Seuec.
438 2245 529 2283 Nat.
562 2245 637 2289 Qu.
663 2245 726 2283 IV.
751 2246 870 2296 praef.
900 2245 1082 2284 Ammian.
1113 2243 1280 2286 Marcell.
1308 2246 1378 2293 28,
1403 2242 1442 2284 4.
1470 2258 1511 2296 p,
1531 2243 1610 2284 431
1642 2243 1702 2281 ed.
1729 2241 1802 2280 Er-

273 2318 370 2354 nest.
393 2315 573 2355 Ammian.
605 2314 642 2351 in
666 2314 778 2352 Auth.
806 2314 887 2352 Pal.
912 2313 958 2353 ΙΙ.
979 2327 1017 2364 p.
1038 2311 1133 2354 204.
1163 2312 1288 2364 (Anal.
1317 2312 1380 2350 Br.
1400 2311 1448 2349 11.
1479 2325 1517 2363 p.
1536 2312 1634 2352 389.
1650 2309 1802 2366 XXV).

274 2381 394 2417 Alter
422 2382 495 2418 imi
522 2382 688 2419 Derisor
722 2381 814 2419 lecti
853 2382 989 2420 dicitur
1028 2383 1159 2431 utpote
1196 2380 1259 2430 qui
1295 2381 1334 2418 iu
1368 2381 1446 2416 imo
1483 2379 1579 2417 lecto
1616 2387 1689 2416 unzi
1719 2391 1804 2416 cum
1859 2372 1861 2374 ¹

275 2450 432 2487 convivii
471 2451 623 2488 domino
661 2454 772 2501 atque
807 2450 943 2488 ceteris
978 2448 1114 2487 scurris
1143 2446 1364 2486 accumbens
1402 2446 1614 2486 scurrilibus
1641 2447 1738 2498 jocis
1765 2449 1805 2484 et

274 2519 488 2556 scommatis
518 2531 648 2556 omnes
676 2522 831 2569 praeter
858 2519 982 2569 ipsum
1015 2517 1288 2554 convivatorem
1318 2516 1419 2564 (Sat.
1459 2518 1495 2566 1,
1528 2514 1569 2564 4,
1597 2516 1671 2562 87)
1702 2513 1804 2552 deri-

275 2587 398 2624 dendo
427 2587 561 2624 ceteris
593 2587 758 2624 convivis
786 2587 900 2624 risum
929 2591 1090 2624 moveat.
1136 2583 1297 2636 [contra
1328 2584 1537 2622 Mamilius
1575 2583 1623 2621 de
1651 2595 1725 2620 scr.
1758 2585 1806 2618 ut

277 2654 349 2689 imi
378 2655 540 2703 „generi
570 2655 772 2692 amicorum
802 2654 1010 2704 asperitate
1038 2652 1245 2704 peccanti“
1274 2651 1429 2690 alterum
1458 2652 1560 2689 videt
1588 2649 1802 2702 oppositum

276 2720 493 2767 „blanditiis
521 2736 681 2773 peccans
712 2728 750 2761 et
773 2722 902 2759 simile
930 2722 1097 2759 derisuri
1123 2721 1195 2759 imi
1221 2720 1312 2758 lecti
1337 2721 1415 2759 sive
1439 2718 1622 2767 subsellii,
1651 2716 1714 2768 qui
1741 2727 1803 2753 re-

276 2801 360 2836 gem
390 2802 493 2827 suum
524 2791 605 2828 sive
633 2791 787 2829 divitem
810 2791 965 2841 metuit,
994 2795 1034 2828 ut
1061 2803 1156 2841 puer
1184 2788 1462 2840 magistrum-“J
1503 2786 1657 2826 Lucian.
1685 2782 1803 2822 Para-

276 2855 338 2895 sit.
376 2857 442 2897 51.
486 2859 544 2905 τίς
579 2855 665 2899 δ’ἆῖν
703 2861 860 2914 μᾶλλονι
889 2854 1093 2911 εὐφράναι
1126 2854 1219 2905 τοὺς
1253 2852 1472 2909 συμπόταςς
1506 2847 1670 2902 πότερόν
1704 2863 1800 2890 ποτε

279 2917 396 2970 Οὗτος
426 2922 538 2976 ᾅδων
562 2926 629 2966 καὶ
659 2923 868 2975 σκώπτων,
897 2923 926 2978 ἢ
955 2923 1178 2979 ἅνθρωπος
1202 2922 1256 2978 μή
1281 2927 1403 2977 γελῶν
1426 2926 1498 2962 etc.
1542 2919 1663 2959 Plaut.
1680 2915 1799 2956 Stich.
