<?xml version="1.0" encoding="UTF-8"?>
<!DOCTYPE html PUBLIC "-//W3C//DTD XHTML 1.0 Transitional//EN"
    "http://www.w3.org/TR/xhtml1/DTD/xhtml1-transitional.dtd">
<html xmlns="http://www.w3.org/1999/xhtml" xml:lang="en" lang="en">
 <head>
  <title>
</title>
<meta http-equiv="Content-Type" content="text/html;charset=utf-8" />
  <meta name='ocr-system' content='tesseract 3.04.00' />
  <meta name='ocr-capabilities' content='ocr_page ocr_carea ocr_par ocr_line ocrx_word'/>
</head>
<body>
  <div class='ocr_page' id='page_1' title='image "./epistolascomment02horauoft_0233.png"; bbox 0 0 1910 3138; ppageno 0'>
   <div class='ocr_carea' id='block_1_1' title="bbox 0 0 113 98">
    <p class='ocr_par' dir='ltr' id='par_1_1' title="bbox 0 0 135 98">
     <span class='ocr_line' id='line_1_1' title="bbox 0 0 113 98; baseline 0 -88"><span class='ocrx_word' id='word_1_1' title='bbox 0 0 113 98; x_wconf 54' lang='lat' dir='ltr'><em>W</em></span> 
     </span>
    </p>
   </div>
   <div class='ocr_carea' id='block_1_2' title="bbox 35 212 1606 262">
    <p class='ocr_par' dir='ltr' id='par_1_2' title="bbox 35 212 1606 262">
     <span class='ocr_line' id='line_1_2' title="bbox 35 212 1606 262; baseline -0.002 -4"><span class='ocrx_word' id='word_1_2' title='bbox 35 219 38 222; x_wconf 70' lang='grc'>’</span> <span class='ocrx_word' id='word_1_3' title='bbox 83 219 149 262; x_wconf 71' lang='lat'><strong>86-</strong></span> <span class='ocrx_word' id='word_1_4' title='bbox 195 215 473 259; x_wconf 76' lang='lat' dir='ltr'><strong>GomNT.</strong></span> <span class='ocrx_word' id='word_1_5' title='bbox 493 215 551 256; x_wconf 89' lang='lat' dir='ltr'><strong>IN</strong></span> <span class='ocrx_word' id='word_1_6' title='bbox 569 214 689 255; x_wconf 77' lang='lat' dir='ltr'><strong>ROB.</strong></span> <span class='ocrx_word' id='word_1_7' title='bbox 710 213 811 254; x_wconf 87' lang='lat' dir='ltr'><strong>LIB.</strong></span> <span class='ocrx_word' id='word_1_8' title='bbox 826 214 857 253; x_wconf 87' lang='lat'><strong>1.</strong></span> <span class='ocrx_word' id='word_1_9' title='bbox 887 214 1052 253; x_wconf 85' lang='lat' dir='ltr'><strong>EPIST.</strong></span> <span class='ocrx_word' id='word_1_10' title='bbox 1074 212 1268 261; x_wconf 79' lang='lat' dir='ltr'><strong>QUART.</strong></span> <span class='ocrx_word' id='word_1_11' title='bbox 1288 213 1466 254; x_wconf 81' lang='lat' dir='ltr'><strong>DECIM.</strong></span> <span class='ocrx_word' id='word_1_12' title='bbox 1523 212 1606 255; x_wconf 78' lang='lat'><strong>225</strong></span> 
     </span>
    </p>
   </div>
   <div class='ocr_carea' id='block_1_3' title="bbox 0 338 1606 1660">
    <p class='ocr_par' dir='ltr' id='par_1_3' title="bbox 77 338 1606 1542">
     <span class='ocr_line' id='line_1_3' title="bbox 83 338 1603 392; baseline -0.001 -9"><span class='ocrx_word' id='word_1_13' title='bbox 83 343 142 383; x_wconf 77' lang='lat' dir='ltr'><strong>ld.</strong></span> <span class='ocrx_word' id='word_1_14' title='bbox 170 343 222 383; x_wconf 73' lang='grc'><strong>111</strong></span> <span class='ocrx_word' id='word_1_15' title='bbox 249 341 364 381; x_wconf 73' lang='lat' dir='ltr'><strong>Atfle.</strong></span> <span class='ocrx_word' id='word_1_16' title='bbox 391 338 443 390; x_wconf 73' lang='lat'><strong>59</strong></span> <span class='ocrx_word' id='word_1_17' title='bbox 469 340 546 389; x_wconf 88' lang='lat'><strong>10,</strong></span> <span class='ocrx_word' id='word_1_18' title='bbox 574 339 615 381; x_wconf 82' lang='lat'><strong>3.</strong></span> <span class='ocrx_word' id='word_1_19' title='bbox 643 338 730 381; x_wconf 90' lang='lat' dir='ltr'><strong>coll.</strong></span> <span class='ocrx_word' id='word_1_20' title='bbox 760 341 808 379; x_wconf 89' lang='lat' dir='ltr'><strong>de</strong></span> <span class='ocrx_word' id='word_1_21' title='bbox 837 340 906 378; x_wconf 87' lang='lat' dir='ltr'><strong>Or.</strong></span> <span class='ocrx_word' id='word_1_22' title='bbox 938 339 988 387; x_wconf 90' lang='lat'><strong>1,</strong></span> <span class='ocrx_word' id='word_1_23' title='bbox 1015 339 1093 387; x_wconf 89' lang='lat'><strong>28,</strong></span> <span class='ocrx_word' id='word_1_24' title='bbox 1123 338 1216 380; x_wconf 85' lang='lat'><strong>126.</strong></span> <span class='ocrx_word' id='word_1_25' title='bbox 1243 339 1293 378; x_wconf 82' lang='lat' dir='ltr'><strong>de</strong></span> <span class='ocrx_word' id='word_1_26' title='bbox 1320 339 1434 379; x_wconf 73' lang='lat' dir='ltr'><strong>offic.</strong></span> <span class='ocrx_word' id='word_1_27' title='bbox 1463 342 1504 388; x_wconf 87' lang='lat'><strong>1,</strong></span> <span class='ocrx_word' id='word_1_28' title='bbox 1531 340 1603 392; x_wconf 85' lang='lat'><strong>31,</strong></span> 
     </span>
     <span class='ocr_line' id='line_1_4' title="bbox 85 405 1606 462; baseline -0.005 -8"><span class='ocrx_word' id='word_1_29' title='bbox 85 407 181 454; x_wconf 70' lang='lat'><strong>114.</strong></span> <span class='ocrx_word' id='word_1_30' title='bbox 206 407 323 462; x_wconf 75' lang='lat' dir='ltr'><strong>Prop.</strong></span> <span class='ocrx_word' id='word_1_31' title='bbox 351 412 399 456; x_wconf 88' lang='lat'><strong>2,</strong></span> <span class='ocrx_word' id='word_1_32' title='bbox 430 409 480 457; x_wconf 87' lang='lat'><strong>1,</strong></span> <span class='ocrx_word' id='word_1_33' title='bbox 507 406 576 448; x_wconf 83' lang='lat'><strong>46.</strong></span> <span class='ocrx_word' id='word_1_34' title='bbox 605 405 795 458; x_wconf 84' lang='lat' dir='ltr'><strong>(Lachm.)</strong></span> <span class='ocrx_word' id='word_1_35' title='bbox 827 407 918 458; x_wconf 81' lang='lat' dir='ltr'><strong>Qua</strong></span> <span class='ocrx_word' id='word_1_36' title='bbox 939 413 1035 457; x_wconf 85' lang='lat' dir='ltr'><strong>pote</strong></span> <span class='ocrx_word' id='word_1_37' title='bbox 1062 407 1253 458; x_wconf 78' lang='lat' dir='ltr'><strong>quisque,</strong></span> <span class='ocrx_word' id='word_1_38' title='bbox 1283 407 1328 444; x_wconf 82' lang='lat' dir='ltr'><strong>in</strong></span> <span class='ocrx_word' id='word_1_39' title='bbox 1356 420 1403 445; x_wconf 82' lang='lat' dir='ltr'><strong>ea</strong></span> <span class='ocrx_word' id='word_1_40' title='bbox 1431 414 1606 446; x_wconf 79' lang='lat' dir='ltr'><strong>conterat</strong></span> 
     </span>
     <span class='ocr_line' id='line_1_5' title="bbox 81 473 1604 526; baseline -0.002 -9"><span class='ocrx_word' id='word_1_41' title='bbox 81 484 169 516; x_wconf 66' lang='lat' dir='ltr'><strong>ane</strong></span> <span class='ocrx_word' id='word_1_42' title='bbox 191 476 328 523; x_wconf 66' lang='lat' dir='ltr'><strong>diem..</strong></span> <span class='ocrx_word' id='word_1_43' title='bbox 357 475 471 515; x_wconf 85' lang='lat' dir='ltr'><strong>Conf.</strong></span> <span class='ocrx_word' id='word_1_44' title='bbox 495 474 646 514; x_wconf 84' lang='lat' dir='ltr'><strong>Erasm.</strong></span> <span class='ocrx_word' id='word_1_45' title='bbox 671 474 820 526; x_wconf 80' lang='lat' dir='ltr'><strong>Adagg.</strong></span> <span class='ocrx_word' id='word_1_46' title='bbox 851 477 900 526; x_wconf 88' lang='grc'><strong>2,</strong></span> <span class='ocrx_word' id='word_1_47' title='bbox 929 476 986 525; x_wconf 80' lang='grc'><strong>2,“</strong></span> <span class='ocrx_word' id='word_1_48' title='bbox 1003 474 1071 515; x_wconf 88' lang='grc'><strong>82.</strong></span> <span class='ocrx_word' id='word_1_49' title='bbox 1098 487 1136 524; x_wconf 88' lang='lat' dir='ltr'><strong>p·</strong></span> <span class='ocrx_word' id='word_1_50' title='bbox 1165 473 1263 514; x_wconf 84' lang='lat'><strong>416.</strong></span> <span class='ocrx_word' id='word_1_51' title='bbox 1315 473 1460 520; x_wconf 85' lang='lat' dir='ltr'><strong>Quodsi</strong></span> <span class='ocrx_word' id='word_1_52' title='bbox 1490 476 1604 515; x_wconf 84' lang='lat' dir='ltr'><strong>verba</strong></span> 
     </span>
     <span class='ocr_line' id='line_1_6' title="bbox 81 540 1603 597; baseline -0.002 -12"><span class='ocrx_word' id='word_1_53' title='bbox 81 544 145 585; x_wconf 73' lang='lat' dir='ltr'><strong>ille</strong></span> <span class='ocrx_word' id='word_1_54' title='bbox 167 545 216 583; x_wconf 77' lang='lat' dir='ltr'><strong>ad</strong></span> <span class='ocrx_word' id='word_1_55' title='bbox 239 544 380 583; x_wconf 87' lang='lat' dir='ltr'><strong>domini</strong></span> <span class='ocrx_word' id='word_1_56' title='bbox 398 543 646 593; x_wconf 82' lang='lat' dir='ltr'><strong>sententiam,</strong></span> <span class='ocrx_word' id='word_1_57' title='bbox 676 556 774 594; x_wconf 90' lang='lat' dir='ltr'><strong>quae</strong></span> <span class='ocrx_word' id='word_1_58' title='bbox 797 556 948 594; x_wconf 84' lang='lat' dir='ltr'><strong>semper</strong></span> <span class='ocrx_word' id='word_1_59' title='bbox 969 541 1101 580; x_wconf 88' lang='lat' dir='ltr'><strong>eadem</strong></span> <span class='ocrx_word' id='word_1_60' title='bbox 1123 540 1247 579; x_wconf 85' lang='lat' dir='ltr'><strong>sutura</strong></span> <span class='ocrx_word' id='word_1_61' title='bbox 1270 542 1320 579; x_wconf 88' lang='lat' dir='ltr'><strong>sit</strong></span> <span class='ocrx_word' id='word_1_62' title='bbox 1341 541 1535 597; x_wconf 61' lang='lat' dir='ltr'><strong>(censebo)</strong></span> <span class='ocrx_word' id='word_1_63' title='bbox 1551 542 1603 596; x_wconf 61' lang='lat'><strong>¹⁸),</strong></span> 
     </span>
     <span class='ocr_line' id='line_1_7' title="bbox 82 608 1603 663; baseline -0.001 -12"><span class='ocrx_word' id='word_1_64' title='bbox 82 624 168 651; x_wconf 80' lang='lat' dir='ltr'><strong>cum</strong></span> <span class='ocrx_word' id='word_1_65' title='bbox 197 611 281 650; x_wconf 86' lang='lat' dir='ltr'><strong>aliis</strong></span> <span class='ocrx_word' id='word_1_66' title='bbox 308 611 426 649; x_wconf 81' lang='lat' dir='ltr'>refert</span> <span class='ocrx_word' id='word_1_67' title='bbox 460 610 661 657; x_wconf 64' lang='lat' dir='ltr'><strong>oremus,</strong></span> <span class='ocrx_word' id='word_1_68' title='bbox 693 624 766 663; x_wconf 86' lang='lat' dir='ltr'><strong>ego</strong></span> <span class='ocrx_word' id='word_1_69' title='bbox 795 611 946 662; x_wconf 83' lang='lat' dir='ltr'><strong>quidem</strong></span> <span class='ocrx_word' id='word_1_70' title='bbox 972 608 1031 646; x_wconf 86' lang='lat' dir='ltr'><strong>hic</strong></span> <span class='ocrx_word' id='word_1_71' title='bbox 1058 621 1134 646; x_wconf 90' lang='lat' dir='ltr'><strong>uon</strong></span> <span class='ocrx_word' id='word_1_72' title='bbox 1162 613 1239 647; x_wconf 87' lang='lat' dir='ltr'><strong>tam</strong></span> <span class='ocrx_word' id='word_1_73' title='bbox 1267 609 1380 659; x_wconf 80' lang='lat' dir='ltr'><strong>audio</strong></span> <span class='ocrx_word' id='word_1_74' title='bbox 1405 610 1486 650; x_wconf 84' lang='lat' dir='ltr'><strong>heri</strong></span> <span class='ocrx_word' id='word_1_75' title='bbox 1520 624 1603 650; x_wconf 88' lang='lat' dir='ltr'><strong>mo-</strong></span> 
     </span>
     <span class='ocr_line' id='line_1_8' title="bbox 81 676 1603 730; baseline -0.001 -12"><span class='ocrx_word' id='word_1_76' title='bbox 81 678 226 729; x_wconf 73' lang='lat' dir='ltr'><strong>nitum,</strong></span> <span class='ocrx_word' id='word_1_77' title='bbox 255 692 350 730; x_wconf 90' lang='lat' dir='ltr'><strong>quo,</strong></span> <span class='ocrx_word' id='word_1_78' title='bbox 379 679 470 730; x_wconf 85' lang='lat' dir='ltr'><strong>quid</strong></span> <span class='ocrx_word' id='word_1_79' title='bbox 493 679 644 730; x_wconf 86' lang='lat' dir='ltr'><strong>utrique</strong></span> <span class='ocrx_word' id='word_1_80' title='bbox 671 679 783 718; x_wconf 77' lang='lat' dir='ltr'><strong>servo</strong></span> <span class='ocrx_word' id='word_1_81' title='bbox 806 678 1017 717; x_wconf 82' lang='lat' dir='ltr'><strong>faciendum</strong></span> <span class='ocrx_word' id='word_1_82' title='bbox 1041 677 1113 726; x_wconf 83' lang='lat' dir='ltr'><strong>sit,</strong></span> <span class='ocrx_word' id='word_1_83' title='bbox 1140 676 1295 724; x_wconf 80' lang='lat' dir='ltr'><strong>suadet,</strong></span> <span class='ocrx_word' id='word_1_84' title='bbox 1325 689 1438 727; x_wconf 86' lang='lat' dir='ltr'><strong>quam</strong></span> <span class='ocrx_word' id='word_1_85' title='bbox 1459 679 1499 716; x_wconf 87' lang='lat' dir='ltr'><strong>in</strong></span> <span class='ocrx_word' id='word_1_86' title='bbox 1518 679 1603 717; x_wconf 79' lang='lat' dir='ltr'><strong>vul-</strong></span> 
     </span>
     <span class='ocr_line' id='line_1_9' title="bbox 82 742 1602 799; baseline 0.001 -15"><span class='ocrx_word' id='word_1_87' title='bbox 82 758 155 799; x_wconf 78' lang='lat' dir='ltr'><strong>gus</strong></span> <span class='ocrx_word' id='word_1_88' title='bbox 181 750 376 784; x_wconf 80' lang='lat' dir='ltr'><strong>sonantem</strong></span> <span class='ocrx_word' id='word_1_89' title='bbox 405 745 594 797; x_wconf 82' lang='lat' dir='ltr'><strong>proverbii</strong></span> <span class='ocrx_word' id='word_1_90' title='bbox 621 759 755 784; x_wconf 87' lang='lat' dir='ltr'><strong>vocem</strong></span> <span class='ocrx_word' id='word_1_91' title='bbox 783 745 974 791; x_wconf 87' lang='lat' dir='ltr'><strong>omnibus,</strong></span> <span class='ocrx_word' id='word_1_92' title='bbox 1013 756 1173 794; x_wconf 87' lang='lat' dir='ltr'><strong>qnorum</strong></span> <span class='ocrx_word' id='word_1_93' title='bbox 1201 742 1273 781; x_wconf 89' lang='lat' dir='ltr'><strong>hoc</strong></span> <span class='ocrx_word' id='word_1_94' title='bbox 1301 745 1398 783; x_wconf 87' lang='lat' dir='ltr'><strong>scire</strong></span> <span class='ocrx_word' id='word_1_95' title='bbox 1430 746 1602 792; x_wconf 82' lang='lat' dir='ltr'><strong>interest,</strong></span> 
     </span>
     <span class='ocr_line' id='line_1_10' title="bbox 81 811 1604 867; baseline 0.003 -17"><span class='ocrx_word' id='word_1_96' title='bbox 81 827 107 853; x_wconf 76' lang='lat' dir='ltr'><strong>a</strong></span> <span class='ocrx_word' id='word_1_97' title='bbox 132 812 251 852; x_wconf 82' lang='lat' dir='ltr'><strong>Poeta</strong></span> <span class='ocrx_word' id='word_1_98' title='bbox 278 813 387 863; x_wconf 88' lang='lat' dir='ltr'><strong>quasi</strong></span> <span class='ocrx_word' id='word_1_99' title='bbox 412 815 530 852; x_wconf 79' lang='lat' dir='ltr'><strong>servis</strong></span> <span class='ocrx_word' id='word_1_100' title='bbox 563 813 872 854; x_wconf 82' lang='lat' dir='ltr'><strong>commendatam.</strong></span> <span class='ocrx_word' id='word_1_101' title='bbox 915 813 1096 851; x_wconf 87' lang='lat' dir='ltr'><strong>Ceterum</strong></span> <span class='ocrx_word' id='word_1_102' title='bbox 1123 811 1163 849; x_wconf 91' lang='lat' dir='ltr'><strong>in</strong></span> <span class='ocrx_word' id='word_1_103' title='bbox 1200 823 1296 861; x_wconf 81' lang='lat' dir='ltr'><strong>quas</strong></span> <span class='ocrx_word' id='word_1_104' title='bbox 1330 816 1465 867; x_wconf 78' lang='lat' dir='ltr'><strong>plagas</strong></span> <span class='ocrx_word' id='word_1_105' title='bbox 1495 830 1604 856; x_wconf 87' lang='lat' dir='ltr'><strong>erro-</strong></span> 
     </span>
     <span class='ocr_line' id='line_1_11' title="bbox 81 880 1601 936; baseline 0.003 -16"><span class='ocrx_word' id='word_1_106' title='bbox 81 893 216 932; x_wconf 80' lang='lat' dir='ltr'><strong>resque</strong></span> <span class='ocrx_word' id='word_1_107' title='bbox 243 894 285 919; x_wconf 87' lang='lat' dir='ltr'><strong>se</strong></span> <span class='ocrx_word' id='word_1_108' title='bbox 312 881 337 918; x_wconf 86' lang='lat' dir='ltr'><strong>ii</strong></span> <span class='ocrx_word' id='word_1_109' title='bbox 363 880 523 918; x_wconf 86' lang='lat' dir='ltr'><strong>induant</strong></span> <span class='ocrx_word' id='word_1_110' title='bbox 549 893 708 919; x_wconf 87' lang='lat' dir='ltr'><strong>necesse</strong></span> <span class='ocrx_word' id='word_1_111' title='bbox 737 881 809 928; x_wconf 87' lang='lat' dir='ltr'><strong>sit,</strong></span> <span class='ocrx_word' id='word_1_112' title='bbox 849 881 914 931; x_wconf 89' lang='lat' dir='ltr'><strong>qui</strong></span> <span class='ocrx_word' id='word_1_113' title='bbox 943 881 1060 919; x_wconf 85' lang='lat' dir='ltr'><strong>semel</strong></span> <span class='ocrx_word' id='word_1_114' title='bbox 1086 893 1110 918; x_wconf 83' lang='lat' dir='ltr'><strong>a</strong></span> <span class='ocrx_word' id='word_1_115' title='bbox 1137 881 1198 918; x_wconf 86' lang='lat' dir='ltr'><strong>via</strong></span> <span class='ocrx_word' id='word_1_116' title='bbox 1225 886 1330 920; x_wconf 87' lang='lat' dir='ltr'><strong>recta</strong></span> <span class='ocrx_word' id='word_1_117' title='bbox 1362 883 1601 936; x_wconf 84' lang='lat' dir='ltr'><strong>aberrarunt,</strong></span> 
     </span>
     <span class='ocr_line' id='line_1_12' title="bbox 79 947 1603 1003; baseline 0.003 -16"><span class='ocrx_word' id='word_1_118' title='bbox 79 949 304 987; x_wconf 83' lang='lat' dir='ltr'><strong>documento</strong></span> <span class='ocrx_word' id='word_1_119' title='bbox 331 952 463 998; x_wconf 86' lang='lat' dir='ltr'><strong>potest</strong></span> <span class='ocrx_word' id='word_1_120' title='bbox 490 961 576 987; x_wconf 85' lang='lat' dir='ltr'><strong>esse</strong></span> <span class='ocrx_word' id='word_1_121' title='bbox 603 948 760 986; x_wconf 82' lang='lat' dir='ltr'><strong>ridicula</strong></span> <span class='ocrx_word' id='word_1_122' title='bbox 789 947 975 998; x_wconf 70' lang='lat' dir='ltr'><strong>Zur-chii,</strong></span> <span class='ocrx_word' id='word_1_123' title='bbox 1007 949 1072 999; x_wconf 92' lang='lat' dir='ltr'><strong>qui</strong></span> <span class='ocrx_word' id='word_1_124' title='bbox 1099 947 1261 999; x_wconf 81' lang='lat' dir='ltr'><strong>vestigia</strong></span> <span class='ocrx_word' id='word_1_125' title='bbox 1282 950 1453 989; x_wconf 80' lang='lat' dir='ltr'><strong>Daeerii</strong></span> <span class='ocrx_word' id='word_1_126' title='bbox 1473 953 1603 1003; x_wconf 86' lang='lat' dir='ltr'><strong>sequi-</strong></span> 
     </span>
     <span class='ocr_line' id='line_1_13' title="bbox 78 1015 1601 1069; baseline 0.003 -15"><span class='ocrx_word' id='word_1_127' title='bbox 78 1020 163 1064; x_wconf 86' lang='lat' dir='ltr'><strong>tur,</strong></span> <span class='ocrx_word' id='word_1_128' title='bbox 199 1016 249 1054; x_wconf 88' lang='lat' dir='ltr'><strong>ad</strong></span> <span class='ocrx_word' id='word_1_129' title='bbox 276 1016 315 1053; x_wconf 93' lang='grc'><strong>11.</strong></span> <span class='ocrx_word' id='word_1_130' title='bbox 342 1015 368 1053; x_wconf 93' lang='lat' dir='ltr'><strong>l.</strong></span> <span class='ocrx_word' id='word_1_131' title='bbox 397 1018 610 1056; x_wconf 81' lang='lat' dir='ltr'><strong>annotatio:</strong></span> <span class='ocrx_word' id='word_1_132' title='bbox 645 1015 806 1066; x_wconf 87' lang='lat' dir='ltr'><strong>„Nemo</strong></span> <span class='ocrx_word' id='word_1_133' title='bbox 833 1015 958 1053; x_wconf 84' lang='lat' dir='ltr'><strong>mirari</strong></span> <span class='ocrx_word' id='word_1_134' title='bbox 983 1017 1069 1066; x_wconf 83' lang='lat' dir='ltr'><strong>jure</strong></span> <span class='ocrx_word' id='word_1_135' title='bbox 1094 1019 1247 1067; x_wconf 87' lang='lat' dir='ltr'><strong>potest,</strong></span> <span class='ocrx_word' id='word_1_136' title='bbox 1288 1019 1391 1069; x_wconf 89' lang='lat' dir='ltr'><strong>quod</strong></span> <span class='ocrx_word' id='word_1_137' title='bbox 1425 1020 1473 1058; x_wconf 84' lang='lat' dir='ltr'><strong>ad</strong></span> <span class='ocrx_word' id='word_1_138' title='bbox 1504 1019 1601 1058; x_wconf 79' lang='lat' dir='ltr'><strong>villi-</strong></span> 
     </span>
     <span class='ocr_line' id='line_1_14' title="bbox 80 1082 1600 1133; baseline 0.001 -13"><span class='ocrx_word' id='word_1_139' title='bbox 80 1095 162 1120; x_wconf 86' lang='lat' dir='ltr'><strong>cum</strong></span> <span class='ocrx_word' id='word_1_140' title='bbox 192 1084 248 1121; x_wconf 87' lang='lat' dir='ltr'><strong>sic</strong></span> <span class='ocrx_word' id='word_1_141' title='bbox 271 1082 442 1122; x_wconf 73' lang='lat' dir='ltr'><strong>-scribatz</strong></span> <span class='ocrx_word' id='word_1_142' title='bbox 478 1096 567 1121; x_wconf 86' lang='lat' dir='ltr'><strong>nam</strong></span> <span class='ocrx_word' id='word_1_143' title='bbox 602 1096 735 1122; x_wconf 84' lang='lat' dir='ltr'><strong>servos</strong></span> <span class='ocrx_word' id='word_1_144' title='bbox 772 1095 923 1133; x_wconf 83' lang='lat' dir='ltr'><strong>quoqne</strong></span> <span class='ocrx_word' id='word_1_145' title='bbox 957 1082 1131 1122; x_wconf 80' lang='lat' dir='ltr'><strong>literatos</strong></span> <span class='ocrx_word' id='word_1_146' title='bbox 1168 1084 1288 1123; x_wconf 88' lang='lat' dir='ltr'><strong>fuisse</strong></span> <span class='ocrx_word' id='word_1_147' title='bbox 1326 1090 1366 1124; x_wconf 91' lang='lat' dir='ltr'><strong>et</strong></span> <span class='ocrx_word' id='word_1_148' title='bbox 1399 1088 1437 1125; x_wconf 91' lang='lat' dir='ltr'><strong>in</strong></span> <span class='ocrx_word' id='word_1_149' title='bbox 1473 1087 1600 1126; x_wconf 81' lang='lat' dir='ltr'><strong>multis</strong></span> 
     </span>
     <span class='ocr_line' id='line_1_15' title="bbox 79 1149 1601 1202; baseline 0.004 -15"><span class='ocrx_word' id='word_1_150' title='bbox 79 1149 198 1188; x_wconf 77' lang='lat' dir='ltr'><strong>fuisse</strong></span> <span class='ocrx_word' id='word_1_151' title='bbox 231 1150 398 1201; x_wconf 83' lang='lat' dir='ltr'><strong>peritos,</strong></span> <span class='ocrx_word' id='word_1_152' title='bbox 434 1163 472 1190; x_wconf 88' lang='lat' dir='ltr'><strong>v.</strong></span> <span class='ocrx_word' id='word_1_153' title='bbox 513 1151 550 1189; x_wconf 88' lang='lat' dir='ltr'><strong>in</strong></span> <span class='ocrx_word' id='word_1_154' title='bbox 590 1151 745 1202; x_wconf 85' lang='lat' dir='ltr'><strong>Pignor.</strong></span> <span class='ocrx_word' id='word_1_155' title='bbox 791 1151 841 1189; x_wconf 87' lang='lat' dir='ltr'><strong>de</strong></span> <span class='ocrx_word' id='word_1_156' title='bbox 881 1151 1026 1189; x_wconf 80' lang='lat' dir='ltr'><strong>Servis.</strong></span> <span class='ocrx_word' id='word_1_157' title='bbox 1069 1150 1131 1189; x_wconf 80' lang='lat' dir='ltr'><strong>Ad</strong></span> <span class='ocrx_word' id='word_1_158' title='bbox 1166 1151 1262 1191; x_wconf 83' lang='lat' dir='ltr'><strong>haec</strong></span> <span class='ocrx_word' id='word_1_159' title='bbox 1298 1153 1391 1191; x_wconf 87' lang='lat' dir='ltr'><strong>Hor.</strong></span> <span class='ocrx_word' id='word_1_160' title='bbox 1430 1154 1601 1193; x_wconf 86' lang='lat' dir='ltr'><strong>libertate</strong></span> 
     </span>
     <span class='ocr_line' id='line_1_16' title="bbox 77 1216 1601 1269; baseline 0.004 -14"><span class='ocrx_word' id='word_1_161' title='bbox 77 1216 240 1256; x_wconf 61' lang='lat' dir='ltr'><strong>naturali</strong></span> <span class='ocrx_word' id='word_1_162' title='bbox 266 1230 381 1268; x_wconf 84' lang='lat' dir='ltr'><strong>quum</strong></span> <span class='ocrx_word' id='word_1_163' title='bbox 408 1217 618 1269; x_wconf 81' lang='lat' dir='ltr'><strong>ipse,-tum</strong></span> <span class='ocrx_word' id='word_1_164' title='bbox 648 1223 688 1257; x_wconf 92' lang='lat' dir='ltr'><strong>et</strong></span> <span class='ocrx_word' id='word_1_165' title='bbox 716 1231 759 1256; x_wconf 88' lang='lat' dir='ltr'><strong>se</strong></span> <span class='ocrx_word' id='word_1_166' title='bbox 780 1218 979 1257; x_wconf 80' lang='lat' dir='ltr'><strong>inferiores</strong></span> <span class='ocrx_word' id='word_1_167' title='bbox 1005 1219 1080 1257; x_wconf 82' lang='lat' dir='ltr'><strong>frui</strong></span> <span class='ocrx_word' id='word_1_168' title='bbox 1107 1218 1238 1259; x_wconf 86' lang='lat' dir='ltr'><strong>voluit.</strong></span> <span class='ocrx_word' id='word_1_169' title='bbox 1281 1220 1338 1258; x_wconf 85' lang='lat' dir='ltr'><strong>Ita</strong></span> <span class='ocrx_word' id='word_1_170' title='bbox 1366 1222 1415 1260; x_wconf 83' lang='lat' dir='ltr'><strong>ad</strong></span> <span class='ocrx_word' id='word_1_171' title='bbox 1442 1222 1601 1261; x_wconf 76' lang='lat' dir='ltr'><strong>villicum</strong></span> 
     </span>
     <span class='ocr_line' id='line_1_17' title="bbox 78 1284 1599 1341; baseline 0.003 -18"><span class='ocrx_word' id='word_1_172' title='bbox 78 1284 230 1336; x_wconf 71' lang='lat' dir='ltr'><strong>scripsit</strong></span> <span class='ocrx_word' id='word_1_173' title='bbox 243 1285 320 1322; x_wconf 80' lang='lat' dir='ltr'><strong>¹od.</strong></span> <span class='ocrx_word' id='word_1_174' title='bbox 350 1285 414 1326; x_wconf 83' lang='lat'><strong>23.</strong></span> <span class='ocrx_word' id='word_1_175' title='bbox 442 1285 467 1323; x_wconf 89' lang='lat'><strong>1.</strong></span> <span class='ocrx_word' id='word_1_176' title='bbox 493 1287 535 1327; x_wconf 88' lang='grc'><strong>3.</strong></span> <span class='ocrx_word' id='word_1_177' title='bbox 565 1286 735 1338; x_wconf 78' lang='lat' dir='ltr'><strong>Apparet</strong></span> <span class='ocrx_word' id='word_1_178' title='bbox 760 1298 850 1325; x_wconf 86' lang='lat' dir='ltr'><strong>vero</strong></span> <span class='ocrx_word' id='word_1_179' title='bbox 875 1299 987 1337; x_wconf 88' lang='lat' dir='ltr'><strong>quam</strong></span> <span class='ocrx_word' id='word_1_180' title='bbox 1014 1287 1167 1337; x_wconf 81' lang='lat' dir='ltr'><strong>ingenia</strong></span> <span class='ocrx_word' id='word_1_181' title='bbox 1192 1287 1384 1327; x_wconf 84' lang='lat' dir='ltr'><strong>hominum</strong></span> <span class='ocrx_word' id='word_1_182' title='bbox 1404 1289 1599 1341; x_wconf 81' lang='lat' dir='ltr'><strong>Augusteo</strong></span> 
     </span>
     <span class='ocr_line' id='line_1_18' title="bbox 77 1351 1599 1406; baseline 0.005 -17"><span class='ocrx_word' id='word_1_183' title='bbox 77 1351 157 1390; x_wconf 58' lang='lat' dir='ltr'><strong>iun</strong></span> <span class='ocrx_word' id='word_1_184' title='bbox 177 1365 272 1390; x_wconf 81' lang='lat' dir='ltr'><strong>aevo</strong></span> <span class='ocrx_word' id='word_1_185' title='bbox 309 1353 451 1391; x_wconf 84' lang='lat' dir='ltr'><strong>fuerint</strong></span> <span class='ocrx_word' id='word_1_186' title='bbox 492 1354 791 1406; x_wconf 81' lang='lat' dir='ltr'><strong>defaecatissima</strong></span> <span class='ocrx_word' id='word_1_187' title='bbox 828 1357 868 1393; x_wconf 90' lang='lat' dir='ltr'><strong>et</strong></span> <span class='ocrx_word' id='word_1_188' title='bbox 903 1353 1236 1405; x_wconf 80' lang='lat' dir='ltr'><strong>elegantissima.“</strong></span> <span class='ocrx_word' id='word_1_189' title='bbox 1289 1355 1352 1395; x_wconf 89' lang='lat' dir='ltr'><strong>De</strong></span> <span class='ocrx_word' id='word_1_190' title='bbox 1389 1357 1599 1395; x_wconf 75' lang='lat' dir='ltr'><strong>Boileavio</strong></span> 
     </span>
     <span class='ocr_line' id='line_1_19' title="bbox 77 1419 1599 1475; baseline 0.005 -18"><span class='ocrx_word' id='word_1_191' title='bbox 77 1419 339 1471; x_wconf 64' lang='grc' dir='ltr'><strong>Βαρνέουκ,</strong></span> <span class='ocrx_word' id='word_1_192' title='bbox 374 1421 486 1471; x_wconf 85' lang='lat' dir='ltr'><strong>hujus</strong></span> <span class='ocrx_word' id='word_1_193' title='bbox 515 1421 711 1472; x_wconf 78' lang='lat' dir='ltr'><strong>Epistulae</strong></span> <span class='ocrx_word' id='word_1_194' title='bbox 733 1423 925 1461; x_wconf 78' lang='lat' dir='ltr'><strong>imitatore</strong></span> <span class='ocrx_word' id='word_1_195' title='bbox 959 1422 1151 1474; x_wconf 84' lang='lat' dir='ltr'><strong>(Oeuvres</strong></span> <span class='ocrx_word' id='word_1_196' title='bbox 1184 1424 1233 1461; x_wconf 89' lang='lat' dir='ltr'><strong>de</strong></span> <span class='ocrx_word' id='word_1_197' title='bbox 1259 1423 1306 1466; x_wconf 88' lang='grc' dir='ltr'><strong>Β.</strong></span> <span class='ocrx_word' id='word_1_198' title='bbox 1333 1422 1385 1462; x_wconf 91' lang='lat' dir='ltr'><strong>D.</strong></span> <span class='ocrx_word' id='word_1_199' title='bbox 1424 1426 1449 1464; x_wconf 70' lang='grc' dir='ltr'>ὲ</span> <span class='ocrx_word' id='word_1_200' title='bbox 1476 1425 1599 1475; x_wconf 86' lang='lat' dir='ltr'><strong>Paris,</strong></span> 
     </span>
     <span class='ocr_line' id='line_1_20' title="bbox 77 1487 1600 1542; baseline 0.001 -16"><span class='ocrx_word' id='word_1_201' title='bbox 77 1487 140 1526; x_wconf 80' lang='lat' dir='ltr'><strong>An</strong></span> <span class='ocrx_word' id='word_1_202' title='bbox 162 1487 244 1526; x_wconf 85' lang='lat' dir='ltr'><strong>Vll.</strong></span> <span class='ocrx_word' id='word_1_203' title='bbox 273 1488 386 1526; x_wconf 85' lang='lat' dir='ltr'><strong>Tom.</strong></span> <span class='ocrx_word' id='word_1_204' title='bbox 412 1488 445 1528; x_wconf 89' lang='lat'><strong>1.</strong></span> <span class='ocrx_word' id='word_1_205' title='bbox 474 1502 514 1540; x_wconf 87' lang='lat' dir='ltr'><strong>p.</strong></span> <span class='ocrx_word' id='word_1_206' title='bbox 542 1490 620 1530; x_wconf 87' lang='lat'><strong>181</strong></span> <span class='ocrx_word' id='word_1_207' title='bbox 639 1511 697 1517; x_wconf 83' lang='lat'>—</span> <span class='ocrx_word' id='word_1_208' title='bbox 717 1489 841 1540; x_wconf 57' lang='lat'>184),</span> <span class='ocrx_word' id='word_1_209' title='bbox 868 1494 972 1528; x_wconf 89' lang='lat' dir='ltr'><strong>recte</strong></span> <span class='ocrx_word' id='word_1_210' title='bbox 993 1491 1167 1542; x_wconf 84' lang='lat' dir='ltr'><strong>judicant</strong></span> <span class='ocrx_word' id='word_1_211' title='bbox 1192 1491 1394 1529; x_wconf 66' lang='lat' dir='ltr'><strong>Daeerius</strong></span> <span class='ocrx_word' id='word_1_212' title='bbox 1421 1496 1461 1530; x_wconf 89' lang='lat' dir='ltr'><strong>et</strong></span> <span class='ocrx_word' id='word_1_213' title='bbox 1478 1491 1600 1530; x_wconf 78' lang='lat' dir='ltr'><strong>Wal-</strong></span> 
     </span>
    </p>

    <p class='ocr_par' dir='ltr' id='par_1_4' title="bbox 0 1553 1600 1660">
     <span class='ocr_line' id='line_1_21' title="bbox 0 1553 1600 1611; baseline 0.004 -20"><span class='ocrx_word' id='word_1_214' title='bbox 0 1599 6 1611; x_wconf 54' lang='grc' dir='ltr'>Ι</span> <span class='ocrx_word' id='word_1_215' title='bbox 78 1553 259 1604; x_wconf 65' lang='lat' dir='ltr'><strong>chancer,</strong></span> <span class='ocrx_word' id='word_1_216' title='bbox 302 1567 416 1606; x_wconf 90' lang='lat' dir='ltr'><strong>quum</strong></span> <span class='ocrx_word' id='word_1_217' title='bbox 446 1568 532 1594; x_wconf 92' lang='lat' dir='ltr'><strong>eum</strong></span> <span class='ocrx_word' id='word_1_218' title='bbox 568 1568 593 1593; x_wconf 84' lang='lat' dir='ltr'><strong>a</strong></span> <span class='ocrx_word' id='word_1_219' title='bbox 621 1557 779 1608; x_wconf 88' lang='lat' dir='ltr'><strong>simplici</strong></span> <span class='ocrx_word' id='word_1_220' title='bbox 813 1558 936 1597; x_wconf 84' lang='lat' dir='ltr'><strong>nitore</strong></span> <span class='ocrx_word' id='word_1_221' title='bbox 963 1558 1123 1610; x_wconf 84' lang='lat' dir='ltr'><strong>exempli</strong></span> <span class='ocrx_word' id='word_1_222' title='bbox 1154 1558 1353 1597; x_wconf 85' lang='lat' dir='ltr'><strong>Horatiani</strong></span> <span class='ocrx_word' id='word_1_223' title='bbox 1386 1559 1501 1611; x_wconf 86' lang='lat' dir='ltr'><strong>longe</strong></span> <span class='ocrx_word' id='word_1_224' title='bbox 1527 1559 1600 1599; x_wconf 90' lang='lat' dir='ltr'><strong>ab-</strong></span> 
     </span>
     <span class='ocr_line' id='line_1_22' title="bbox 78 1622 329 1660; baseline 0 0"><span class='ocrx_word' id='word_1_225' title='bbox 78 1634 164 1660; x_wconf 81' lang='lat' dir='ltr'><strong>esse</strong></span> <span class='ocrx_word' id='word_1_226' title='bbox 190 1622 329 1660; x_wconf 87' lang='lat' dir='ltr'><strong>dicunt.</strong></span> 
     </span>
    </p>
   </div>
   <div class='ocr_carea' id='block_1_4' title="bbox 80 1727 353 1734">
    <p class='ocr_par' dir='ltr' id='par_1_5' title="bbox 80 1727 353 1734">
     <span class='ocr_line' id='line_1_23' title="bbox 80 1727 353 1734; baseline 0 1404"><span class='ocrx_word' id='word_1_227' title='bbox 80 1727 353 1734; x_wconf 95' lang='lat' dir='ltr'><strong> </strong></span> 
     </span>
    </p>
   </div>
   <div class='ocr_carea' id='block_1_5' title="bbox 0 1788 1599 2352">
    <p class='ocr_par' dir='ltr' id='par_1_6' title="bbox 188 1788 1598 1836">
     <span class='ocr_line' id='line_1_24' title="bbox 188 1788 1598 1836; baseline 0.007 -12"><span class='ocrx_word' id='word_1_228' title='bbox 188 1788 230 1835; x_wconf 85' lang='lat'><strong>*)</strong></span> <span class='ocrx_word' id='word_1_229' title='bbox 250 1790 472 1836; x_wconf 80' lang='lat' dir='ltr'><strong>Elegantiam</strong></span> <span class='ocrx_word' id='word_1_230' title='bbox 491 1793 594 1828; x_wconf 83' lang='lat' dir='ltr'><strong>verbi</strong></span> <span class='ocrx_word' id='word_1_231' title='bbox 612 1795 753 1828; x_wconf 71' lang='lat' dir='ltr'><strong>censebo</strong></span> <span class='ocrx_word' id='word_1_232' title='bbox 770 1794 994 1830; x_wconf 83' lang='lat' dir='ltr'><strong>illustrarunt</strong></span> <span class='ocrx_word' id='word_1_233' title='bbox 1012 1797 1205 1834; x_wconf 68' lang='lat' dir='ltr'><strong>Schmidim</strong></span> <span class='ocrx_word' id='word_1_234' title='bbox 1223 1802 1262 1834; x_wconf 90' lang='lat' dir='ltr'><strong>et</strong></span> <span class='ocrx_word' id='word_1_235' title='bbox 1283 1797 1433 1834; x_wconf 66' lang='lat' dir='ltr'><strong>Orelli-u</strong></span> <span class='ocrx_word' id='word_1_236' title='bbox 1450 1799 1496 1834; x_wconf 87' lang='lat' dir='ltr'><strong>ad</strong></span> <span class='ocrx_word' id='word_1_237' title='bbox 1516 1798 1552 1834; x_wconf 86' lang='grc'><strong>11.</strong></span> <span class='ocrx_word' id='word_1_238' title='bbox 1573 1799 1598 1834; x_wconf 84' lang='lat' dir='ltr'><strong>l.</strong></span> 
     </span>
    </p>

    <p class='ocr_par' dir='ltr' id='par_1_7' title="bbox 0 1846 1599 1902">
     <span class='ocr_line' id='line_1_25' title="bbox 0 1846 1599 1902; baseline 0.005 -19"><span class='ocrx_word' id='word_1_239' title='bbox 0 1891 2 1896; x_wconf 24' lang='grc'>1</span> <span class='ocrx_word' id='word_1_240' title='bbox 80 1850 118 1883; x_wconf 88' lang='lat' dir='ltr'><strong>et</strong></span> <span class='ocrx_word' id='word_1_241' title='bbox 144 1847 303 1882; x_wconf 59' lang='lat' dir='ltr'><strong>metzam</strong></span> <span class='ocrx_word' id='word_1_242' title='bbox 327 1848 373 1882; x_wconf 83' lang='lat' dir='ltr'><strong>ad</strong></span> <span class='ocrx_word' id='word_1_243' title='bbox 401 1846 477 1884; x_wconf 80' lang='lat' dir='ltr'><strong>cic.</strong></span> <span class='ocrx_word' id='word_1_244' title='bbox 506 1850 617 1884; x_wconf 90' lang='lat' dir='ltr'><strong>Tusc.</strong></span> <span class='ocrx_word' id='word_1_245' title='bbox 639 1851 680 1893; x_wconf 87' lang='lat'><strong>3,</strong></span> <span class='ocrx_word' id='word_1_246' title='bbox 700 1852 741 1884; x_wconf 86' lang='lat'><strong>11</strong></span> <span class='ocrx_word' id='word_1_247' title='bbox 755 1877 765 1894; x_wconf 92' lang='lat'>,</span> <span class='ocrx_word' id='word_1_248' title='bbox 785 1852 842 1887; x_wconf 88' lang='grc'><strong>25.</strong></span> <span class='ocrx_word' id='word_1_249' title='bbox 871 1853 1005 1887; x_wconf 89' lang='lat' dir='ltr'><strong>Dubito</strong></span> <span class='ocrx_word' id='word_1_250' title='bbox 1025 1858 1162 1900; x_wconf 84' lang='lat' dir='ltr'><strong>autem,</strong></span> <span class='ocrx_word' id='word_1_251' title='bbox 1188 1860 1334 1890; x_wconf 86' lang='lat' dir='ltr'><strong>rectene</strong></span> <span class='ocrx_word' id='word_1_252' title='bbox 1363 1855 1422 1890; x_wconf 80' lang='lat' dir='ltr'><strong>hic</strong></span> <span class='ocrx_word' id='word_1_253' title='bbox 1445 1855 1599 1902; x_wconf 78' lang='lat' dir='ltr'><strong>intelligi</strong></span> 
     </span>
    </p>

    <p class='ocr_par' dir='ltr' id='par_1_8' title="bbox 0 1897 1598 1958">
     <span class='ocr_line' id='line_1_26' title="bbox 0 1897 1598 1958; baseline 0.008 -21"><span class='ocrx_word' id='word_1_254' title='bbox 0 1897 3 1918; x_wconf 68' lang='lat'>²</span> <span class='ocrx_word' id='word_1_255' title='bbox 76 1905 201 1949; x_wconf 75' lang='lat' dir='ltr'><strong>iubeat</strong></span> <span class='ocrx_word' id='word_1_256' title='bbox 233 1915 303 1950; x_wconf 81' lang='lat' dir='ltr'><strong>ego</strong></span> <span class='ocrx_word' id='word_1_257' title='bbox 335 1911 480 1949; x_wconf 76' lang='lat' dir='ltr'><strong>contra,</strong></span> <span class='ocrx_word' id='word_1_258' title='bbox 514 1918 582 1952; x_wconf 82' lang='lat' dir='ltr'><strong>ego</strong></span> <span class='ocrx_word' id='word_1_259' title='bbox 615 1918 695 1941; x_wconf 78' lang='lat' dir='ltr'><strong>vero</strong></span> <span class='ocrx_word' id='word_1_260' title='bbox 716 1907 836 1942; x_wconf 78' lang='lat' dir='ltr'><strong>Bauer</strong></span> <span class='ocrx_word' id='word_1_261' title='bbox 855 1909 900 1943; x_wconf 87' lang='lat' dir='ltr'><strong>ad</strong></span> <span class='ocrx_word' id='word_1_262' title='bbox 933 1910 1059 1945; x_wconf 83' lang='lat' dir='ltr'><strong>Sanct.</strong></span> <span class='ocrx_word' id='word_1_263' title='bbox 1080 1910 1234 1946; x_wconf 76' lang='lat' dir='ltr'><strong>Min.11.</strong></span> <span class='ocrx_word' id='word_1_264' title='bbox 1259 1919 1297 1958; x_wconf 85' lang='lat' dir='ltr'><strong>p&#39;.</strong></span> <span class='ocrx_word' id='word_1_265' title='bbox 1326 1911 1429 1955; x_wconf 88' lang='lat'><strong>285.;</strong></span> <span class='ocrx_word' id='word_1_266' title='bbox 1456 1914 1598 1948; x_wconf 75' lang='lat' dir='ltr'><strong>censebo</strong></span> 
     </span>
    </p>

    <p class='ocr_par' dir='ltr' id='par_1_9' title="bbox 80 1960 1598 2015">
     <span class='ocr_line' id='line_1_27' title="bbox 80 1960 1598 2015; baseline 0.006 -21"><span class='ocrx_word' id='word_1_267' title='bbox 80 1960 172 1995; x_wconf 86' lang='lat' dir='ltr'><strong>nude</strong></span> <span class='ocrx_word' id='word_1_268' title='bbox 200 1960 355 2005; x_wconf 81' lang='lat' dir='ltr'><strong>positum</strong></span> <span class='ocrx_word' id='word_1_269' title='bbox 371 1962 518 1997; x_wconf 76' lang='lat' dir='ltr'><strong>mediam</strong></span> <span class='ocrx_word' id='word_1_270' title='bbox 541 1964 729 2010; x_wconf 83' lang='lat' dir='ltr'><strong>disrumpit</strong></span> <span class='ocrx_word' id='word_1_271' title='bbox 748 1964 942 2000; x_wconf 84' lang='lat' dir='ltr'><strong>orationem</strong></span> <span class='ocrx_word' id='word_1_272' title='bbox 962 1966 1060 2012; x_wconf 85' lang='lat' dir='ltr'><strong>(Cic.</strong></span> <span class='ocrx_word' id='word_1_273' title='bbox 1080 1967 1182 2004; x_wconf 86' lang='lat' dir='ltr'><strong>Lael.</strong></span> <span class='ocrx_word' id='word_1_274' title='bbox 1203 1967 1239 2013; x_wconf 86' lang='lat'><strong>5,</strong></span> <span class='ocrx_word' id='word_1_275' title='bbox 1264 1969 1320 2003; x_wconf 89' lang='grc'><strong>17.</strong></span> <span class='ocrx_word' id='word_1_276' title='bbox 1354 1968 1431 2003; x_wconf 81' lang='lat' dir='ltr'><strong>Cic.</strong></span> <span class='ocrx_word' id='word_1_277' title='bbox 1452 1970 1525 2015; x_wconf 86' lang='lat' dir='ltr'><strong>Ep.</strong></span> <span class='ocrx_word' id='word_1_278' title='bbox 1551 1969 1598 2003; x_wconf 88' lang='lat' dir='ltr'><strong>ad</strong></span> 
     </span>
    </p>

    <p class='ocr_par' dir='ltr' id='par_1_10' title="bbox 81 2015 1596 2071">
     <span class='ocr_line' id='line_1_28' title="bbox 81 2015 1596 2071; baseline 0.005 -20"><span class='ocrx_word' id='word_1_279' title='bbox 81 2017 163 2052; x_wconf 80' lang='lat' dir='ltr'><strong>niv.</strong></span> <span class='ocrx_word' id='word_1_280' title='bbox 183 2018 226 2059; x_wconf 89' lang='lat'><strong>8,</strong></span> <span class='ocrx_word' id='word_1_281' title='bbox 244 2015 308 2059; x_wconf 88' lang='grc'><strong>16,</strong></span> <span class='ocrx_word' id='word_1_282' title='bbox 329 2018 426 2063; x_wconf 82' lang='grc'><strong>11.),</strong></span> <span class='ocrx_word' id='word_1_283' title='bbox 446 2024 484 2053; x_wconf 86' lang='lat' dir='ltr'><strong>ut</strong></span> <span class='ocrx_word' id='word_1_284' title='bbox 503 2020 645 2065; x_wconf 75' lang='lat' dir='ltr'><strong>opinor,</strong></span> <span class='ocrx_word' id='word_1_285' title='bbox 665 2022 789 2065; x_wconf 79' lang='lat' dir='ltr'><strong>credo,</strong></span> <span class='ocrx_word' id='word_1_286' title='bbox 810 2018 931 2066; x_wconf 79' lang='grc' dir='ltr'><strong>οἶμαι,</strong></span> <span class='ocrx_word' id='word_1_287' title='bbox 952 2023 1021 2057; x_wconf 74' lang='grc' dir='ltr'><strong>οἴει</strong></span> <span class='ocrx_word' id='word_1_288' title='bbox 1040 2028 1078 2058; x_wconf 91' lang='lat' dir='ltr'><strong>et</strong></span> <span class='ocrx_word' id='word_1_289' title='bbox 1097 2023 1223 2060; x_wconf 78' lang='lat' dir='ltr'><strong>similia</strong></span> <span class='ocrx_word' id='word_1_290' title='bbox 1240 2025 1336 2071; x_wconf 82' lang='lat' dir='ltr'><strong>apud</strong></span> <span class='ocrx_word' id='word_1_291' title='bbox 1355 2027 1515 2060; x_wconf 79' lang='lat' dir='ltr'><strong>Graecos</strong></span> <span class='ocrx_word' id='word_1_292' title='bbox 1534 2025 1596 2069; x_wconf 85' lang='lat' dir='ltr'><strong>(de</strong></span> 
     </span>
    </p>

    <p class='ocr_par' dir='ltr' id='par_1_11' title="bbox 80 2073 1594 2127">
     <span class='ocr_line' id='line_1_29' title="bbox 80 2073 1594 2127; baseline 0.005 -20"><span class='ocrx_word' id='word_1_293' title='bbox 80 2074 207 2119; x_wconf 83' lang='lat' dir='ltr'><strong>quibus</strong></span> <span class='ocrx_word' id='word_1_294' title='bbox 225 2073 271 2108; x_wconf 83' lang='lat' dir='ltr'><strong>cf.</strong></span> <span class='ocrx_word' id='word_1_295' title='bbox 293 2073 414 2110; x_wconf 84' lang='lat' dir='ltr'><strong>Herm.</strong></span> <span class='ocrx_word' id='word_1_296' title='bbox 435 2076 480 2110; x_wconf 88' lang='lat' dir='ltr'><strong>ad</strong></span> <span class='ocrx_word' id='word_1_297' title='bbox 499 2077 645 2111; x_wconf 84' lang='lat' dir='ltr'><strong>Lucian.</strong></span> <span class='ocrx_word' id='word_1_298' title='bbox 666 2077 709 2110; x_wconf 88' lang='lat' dir='ltr'><strong>de</strong></span> <span class='ocrx_word' id='word_1_299' title='bbox 730 2078 907 2113; x_wconf 85' lang='lat' dir='ltr'><strong>conscrib.</strong></span> <span class='ocrx_word' id='word_1_300' title='bbox 934 2079 1071 2115; x_wconf 80' lang='lat' dir='ltr'><strong>Hister.</strong></span> <span class='ocrx_word' id='word_1_301' title='bbox 1090 2081 1148 2116; x_wconf 87' lang='lat'><strong>57.</strong></span> <span class='ocrx_word' id='word_1_302' title='bbox 1171 2093 1209 2127; x_wconf 89' lang='lat' dir='ltr'><strong>p.</strong></span> <span class='ocrx_word' id='word_1_303' title='bbox 1224 2082 1349 2126; x_wconf 84' lang='lat'><strong>337.)‚</strong></span> <span class='ocrx_word' id='word_1_304' title='bbox 1376 2082 1451 2116; x_wconf 77' lang='lat' dir='ltr'><strong>vid.</strong></span> <span class='ocrx_word' id='word_1_305' title='bbox 1477 2081 1594 2116; x_wconf 81' lang='lat' dir='ltr'><strong>Bentl.</strong></span> 
     </span>
    </p>

    <p class='ocr_par' dir='ltr' id='par_1_12' title="bbox 80 2130 1597 2182">
     <span class='ocr_line' id='line_1_30' title="bbox 80 2130 1597 2182; baseline 0.005 -19"><span class='ocrx_word' id='word_1_306' title='bbox 80 2130 227 2165; x_wconf 16' lang='lat' dir='ltr'><strong>adVSat.</strong></span> <span class='ocrx_word' id='word_1_307' title='bbox 243 2132 276 2173; x_wconf 88' lang='lat'><strong>2,</strong></span> <span class='ocrx_word' id='word_1_308' title='bbox 293 2131 327 2174; x_wconf 87' lang='grc'><strong>7,</strong></span> <span class='ocrx_word' id='word_1_309' title='bbox 343 2132 400 2166; x_wconf 90' lang='grc'><strong>68.</strong></span> <span class='ocrx_word' id='word_1_310' title='bbox 419 2133 498 2169; x_wconf 91' lang='lat' dir='ltr'><strong>coll.</strong></span> <span class='ocrx_word' id='word_1_311' title='bbox 516 2133 610 2167; x_wconf 82' lang='lat' dir='ltr'><strong>infra</strong></span> <span class='ocrx_word' id='word_1_312' title='bbox 631 2135 686 2176; x_wconf 89' lang='lat'><strong>16,</strong></span> <span class='ocrx_word' id='word_1_313' title='bbox 705 2134 763 2169; x_wconf 87' lang='lat'><strong>78.</strong></span> <span class='ocrx_word' id='word_1_314' title='bbox 781 2146 859 2170; x_wconf 82' lang='lat' dir='ltr'><strong>ann.</strong></span> <span class='ocrx_word' id='word_1_315' title='bbox 885 2135 999 2172; x_wconf 85' lang='lat' dir='ltr'><strong>critic.</strong></span> <span class='ocrx_word' id='word_1_316' title='bbox 1020 2137 1195 2172; x_wconf 85' lang='lat' dir='ltr'><strong>Similiter</strong></span> <span class='ocrx_word' id='word_1_317' title='bbox 1209 2150 1246 2174; x_wconf 85' lang='lat' dir='ltr'><strong>v.</strong></span> <span class='ocrx_word' id='word_1_318' title='bbox 1262 2140 1320 2174; x_wconf 86' lang='lat'><strong>22.</strong></span> <span class='ocrx_word' id='word_1_319' title='bbox 1335 2138 1433 2171; x_wconf 82' lang='lat' dir='ltr'><strong>video</strong></span> <span class='ocrx_word' id='word_1_320' title='bbox 1444 2164 1454 2182; x_wconf 88' lang='lat'>,</span> <span class='ocrx_word' id='word_1_321' title='bbox 1478 2137 1539 2171; x_wconf 90' lang='lat' dir='ltr'><strong>ubi</strong></span> <span class='ocrx_word' id='word_1_322' title='bbox 1557 2141 1597 2171; x_wconf 78' lang='lat' dir='ltr'><strong>ut</strong></span> 
     </span>
    </p>

    <p class='ocr_par' dir='ltr' id='par_1_13' title="bbox 79 2185 1593 2236">
     <span class='ocr_line' id='line_1_31' title="bbox 79 2185 1593 2236; baseline 0.006 -17"><span class='ocrx_word' id='word_1_323' title='bbox 79 2185 147 2220; x_wconf 72' lang='lat' dir='ltr'><strong>oid.</strong></span> <span class='ocrx_word' id='word_1_324' title='bbox 168 2188 449 2232; x_wconf 81' lang='lat' dir='ltr'><strong>exspectaveris.</strong></span> <span class='ocrx_word' id='word_1_325' title='bbox 502 2190 557 2223; x_wconf 87' lang='lat' dir='ltr'><strong>De</strong></span> <span class='ocrx_word' id='word_1_326' title='bbox 578 2195 748 2235; x_wconf 85' lang='lat' dir='ltr'><strong>sequente</strong></span> <span class='ocrx_word' id='word_1_327' title='bbox 765 2191 1000 2236; x_wconf 79' lang='lat' dir='ltr'><strong>conjunctive</strong></span> <span class='ocrx_word' id='word_1_328' title='bbox 1025 2193 1099 2229; x_wconf 76' lang='lat' dir='ltr'><strong>vid.</strong></span> <span class='ocrx_word' id='word_1_329' title='bbox 1115 2194 1236 2229; x_wconf 85' lang='lat' dir='ltr'><strong>Kritz.</strong></span> <span class='ocrx_word' id='word_1_330' title='bbox 1257 2194 1303 2229; x_wconf 84' lang='lat' dir='ltr'><strong>ad</strong></span> <span class='ocrx_word' id='word_1_331' title='bbox 1323 2194 1410 2227; x_wconf 87' lang='lat' dir='ltr'><strong>Sall.</strong></span> <span class='ocrx_word' id='word_1_332' title='bbox 1431 2194 1512 2227; x_wconf 85' lang='lat' dir='ltr'><strong>Cat.</strong></span> <span class='ocrx_word' id='word_1_333' title='bbox 1535 2191 1593 2234; x_wconf 84' lang='lat'><strong>52,</strong></span> 
     </span>
    </p>

    <p class='ocr_par' dir='ltr' id='par_1_14' title="bbox 18 2242 1594 2352">
     <span class='ocr_line' id='line_1_32' title="bbox 18 2242 1594 2296; baseline 0.003 -19"><span class='ocrx_word' id='word_1_334' title='bbox 18 2243 23 2254; x_wconf 88' lang='grc'><em>“</em></span> <span class='ocrx_word' id='word_1_335' title='bbox 81 2243 136 2278; x_wconf 83' lang='grc'><strong>26.</strong></span> <span class='ocrx_word' id='word_1_336' title='bbox 157 2242 265 2276; x_wconf 80' lang='lat' dir='ltr'><strong>Fabr.</strong></span> <span class='ocrx_word' id='word_1_337' title='bbox 282 2244 327 2277; x_wconf 84' lang='lat' dir='ltr'><strong>ad</strong></span> <span class='ocrx_word' id='word_1_338' title='bbox 338 2243 419 2279; x_wconf 83' lang='lat' dir='ltr'><strong>Liv.</strong></span> <span class='ocrx_word' id='word_1_339' title='bbox 440 2247 496 2289; x_wconf 86' lang='lat'><strong>21,</strong></span> <span class='ocrx_word' id='word_1_340' title='bbox 517 2247 573 2290; x_wconf 87' lang='lat'><strong>19,</strong></span> <span class='ocrx_word' id='word_1_341' title='bbox 593 2248 649 2281; x_wconf 86' lang='lat'><strong>10.</strong></span> <span class='ocrx_word' id='word_1_342' title='bbox 679 2247 845 2282; x_wconf 86' lang='lat' dir='ltr'><strong>Ceterum</strong></span> <span class='ocrx_word' id='word_1_343' title='bbox 866 2249 902 2282; x_wconf 86' lang='lat' dir='ltr'><strong>in</strong></span> <span class='ocrx_word' id='word_1_344' title='bbox 922 2261 1055 2284; x_wconf 91' lang='lat' dir='ltr'><strong>omnem</strong></span> <span class='ocrx_word' id='word_1_345' title='bbox 1074 2262 1148 2284; x_wconf 90' lang='lat' dir='ltr'><strong>rem</strong></span> <span class='ocrx_word' id='word_1_346' title='bbox 1167 2262 1276 2296; x_wconf 89' lang='lat' dir='ltr'><strong>supra</strong></span> <span class='ocrx_word' id='word_1_347' title='bbox 1294 2250 1489 2296; x_wconf 81' lang='lat' dir='ltr'><strong>expositam</strong></span> <span class='ocrx_word' id='word_1_348' title='bbox 1512 2260 1594 2282; x_wconf 84' lang='lat' dir='ltr'><strong>con·</strong></span> 
     </span>
     <span class='ocr_line' id='line_1_33' title="bbox 80 2298 1257 2352; baseline 0.008 -20"><span class='ocrx_word' id='word_1_349' title='bbox 80 2298 174 2333; x_wconf 80' lang='lat' dir='ltr'><strong>ferre</strong></span> <span class='ocrx_word' id='word_1_350' title='bbox 191 2310 260 2333; x_wconf 87' lang='lat' dir='ltr'><strong>non</strong></span> <span class='ocrx_word' id='word_1_351' title='bbox 275 2300 417 2346; x_wconf 81' lang='lat' dir='ltr'><strong>pigebit</strong></span> <span class='ocrx_word' id='word_1_352' title='bbox 435 2302 615 2337; x_wconf 77' lang='lat' dir='ltr'><strong>Limustae</strong></span> <span class='ocrx_word' id='word_1_353' title='bbox 634 2303 828 2349; x_wconf 84' lang='lat' dir='ltr'><strong>exemplum</strong></span> <span class='ocrx_word' id='word_1_354' title='bbox 850 2305 943 2350; x_wconf 83' lang='lat' dir='ltr'><strong>apud</strong></span> <span class='ocrx_word' id='word_1_355' title='bbox 962 2306 1121 2352; x_wconf 85' lang='lat' dir='ltr'><strong>Alciphr.</strong></span> <span class='ocrx_word' id='word_1_356' title='bbox 1142 2306 1178 2351; x_wconf 76' lang='lat'><strong>3,</strong></span> <span class='ocrx_word' id='word_1_357' title='bbox 1199 2308 1257 2342; x_wconf 89' lang='grc'><strong>70.</strong></span> 
     </span>
    </p>
   </div>
   <div class='ocr_carea' id='block_1_6' title="bbox 141 2923 1316 3016">
    <p class='ocr_par' dir='ltr' id='par_1_15' title="bbox 141 2923 1316 3016">
     <span class='ocr_line' id='line_1_34' title="bbox 141 2923 1316 3016; baseline 0.011 -26"><span class='ocrx_word' id='word_1_358' title='bbox 141 2923 282 2993; x_wconf 75' lang='lat' dir='ltr'><strong>Honr.</strong></span> <span class='ocrx_word' id='word_1_359' title='bbox 310 2958 357 2992; x_wconf 88' lang='grc' dir='ltr'><strong>ΙΙ.</strong></span> <span class='ocrx_word' id='word_1_360' title='bbox 1144 2959 1197 3000; x_wconf 85' lang='grc'><strong>15</strong></span> <span class='ocrx_word' id='word_1_361' title='bbox 1252 2963 1316 3016; x_wconf 88' lang='lat'><strong>(5)</strong></span> 
     </span>
    </p>
   </div>
  </div>
 </body>
</html>
