1910 3138
302 248 387 291 494
434 250 712 290 COMMENT.
731 250 788 290 IN
807 250 930 290 HOR.
957 249 1060 294 LIB.
1076 252 1107 290 i.
1149 251 1315 291 EPIST.
1334 252 1703 296 UNDEVICESIM.
1750 252 1834 297 146

414 364 460 400 V.
491 364 518 404 3
546 385 603 392 —-
631 364 670 404 5.
733 364 789 401 Ut
821 363 926 401 male
960 377 1080 401 sanos
1106 386 1163 394 —-
1197 365 1419 411 Camenae,
1450 367 1475 408 i.
1512 379 1546 408 e.
1584 380 1670 418 „ex
1704 366 1834 418 φθῆ

302 431 471 470 Bacchus
500 432 578 482 jam
607 432 696 470 inde
725 445 748 470 a
775 433 895 483 prima
924 433 1069 483 origine
1091 433 1219 484 poesis
1247 437 1383 485 poetas
1406 435 1444 473 in
1468 447 1574 475 suum
1601 434 1832 474 consortium

302 500 456 544 ascivit,
501 499 553 537 illi
590 499 639 536 ad
678 499 841 538 divinum
869 501 1036 538 furorem
1069 499 1141 538 sibi
1173 501 1443 540 conciliandum
1479 501 1565 553 ipso
1600 516 1710 541 mane
1743 504 1831 540 vino

301 567 400 604 uvidi
430 580 514 606 esse
540 580 616 606 non
645 567 887 608 desierunt.“
941 567 1111 619 Apparet
1138 573 1283 619 autem,
1320 570 1412 609 haec
1437 570 1553 620 ipsius
1582 569 1729 619 Flacci,
1770 574 1833 620 qui

301 635 444 684 aliquot
473 635 652 686 exemplis
686 636 886 674 veritatem
914 636 1011 674 illius
1049 636 1140 674 dicti
1168 636 1419 677 illustraturus
1447 642 1532 688 est,
1569 651 1646 676 non
1672 637 1832 686 Cratini,

301 707 343 740 ut
370 706 479 753 putat
503 702 731 750 Dae-erius,
762 708 826 742 aut
845 704 999 744 aliorum
1026 710 1224 755 poetarum
1250 717 1355 745 suam
1383 705 1622 745 vinolentiam
1650 719 1831 744 excusan—

300 771 392 808 tium
421 770 538 808 verba
569 784 676 821 esse,
704 785 828 822 neque
862 773 1057 811 Horatium
1085 776 1303 823 argumenta
1329 773 1499 824 proferre
1525 773 1642 822 velle,
1680 774 1833 824 quibus,

301 843 343 877 ut
375 839 551 890 opinatur
587 839 890 892 Haberseldus‚
935 840 1137 879 vinolentia
1176 843 1376 892 poetarum
1422 840 1629 890 aequalium
1663 842 1833 880 excusari

300 908 436 958 possit.
488 907 538 945 At
567 908 670 958 quod
697 913 893 959 poetarum
920 909 1135 947 vinosorum
1163 913 1223 946 est
1233 908 1293 956 **)
1322 907 1362 946 id
1388 908 1481 958 ipsis
1511 908 1630 949 Musis
1652 923 1698 949 eo
1721 911 1830 960 joco-

302 976 379 1015 sius
408 975 606 1025 tribuitur,
646 990 720 1026 quo
749 977 867 1028 magis
902 977 1032 1015 dulces
1060 976 1144 1014 illae
1172 977 1335 1026 virgines
1361 976 1457 1026 (od.
1490 979 1528 1026 1,
1561 979 1630 1025 26,
1657 977 1716 1028 9.)
1744 990 1831 1016 eae-

303 1057 376 1094 que
404 1043 553 1081 divinae
582 1044 718 1082 sobriis
749 1044 943 1084 mulierum
971 1044 1223 1083 Romanarum
1251 1044 1416 1081 moribus
1445 1044 1507 1094 (A.
1535 1045 1638 1084 Gell.
1660 1046 1726 1094 10,
1747 1045 1834 1096 23.)

305 1114 516 1151 contrariae
555 1112 820 1152 describuntur
853 1114 1084 1163 eaedemque
1125 1117 1164 1150 et
1197 1112 1384 1150 Bacchum
1427 1113 1594 1150 comitari
1633 1113 1833 1164 finguntur.

415 1286 456 1332 *)
479 1287 609 1322 Locum
638 1286 851 1321 luculentum
877 1286 1132 1332 praeeuntibus
1161 1285 1326 1320 Lambino
1353 1290 1391 1320 et
1416 1286 1582 1321 Mun-cilio
1601 1285 1687 1321 mire
1707 1287 1834 1321 obscu-

303 1350 426 1379 rarunt
442 1356 554 1389 prava
568 1344 689 1378 horum
703 1345 891 1378 verborum
907 1343 1134 1378 distinctione
1149 1343 1330 1386 Bentlejus
1340 1369 1348 1385 ‚
1365 1344 1613 1389 Haberffeldus,
1629 1344 1712 1387 alii,
1732 1355 1835 1389 quum

302 1408 343 1437 ut
371 1401 593 1447 explicarent
611 1408 782 1445 tanquam
801 1401 910 1435 hocce
938 1401 1059 1435 modo:
1090 1401 1249 1444 „Poetas
1271 1399 1453 1434 comitatui
1477 1406 1516 1434 et
1540 1401 1649 1435 choro
1676 1411 1740 1434 suo
1769 1401 1832 1434 ad-

304 1459 449 1504 scripsit
466 1458 574 1493 Liber
589 1464 758 1502 tanquam
778 1459 871 1492 male
884 1458 1028 1493 sanos-‘⁴
1060 1458 1110 1492 At
1125 1455 1415 1501 significationem
1433 1463 1619 1502 postquam
1630 1457 1690 1492 vel
1703 1469 1747 1492 a
1765 1469 1834 1502 quo

306 1514 411 1551 etiam
431 1516 540 1550 habes
560 1515 678 1561 Epod.
698 1514 732 1558 3,
753 1515 787 1550 9.
810 1515 845 1559 7,
865 1515 920 1550 19.
941 1515 1018 1548 Sat.
1041 1516 1075 1559 2,
1095 1516 1129 1557 2,
1150 1515 1227 1551 128.
1255 1513 1326 1550 Od.
1340 1511 1376 1558 4,
1393 1512 1428 1558 4,
1442 1511 1503 1551 42.
1532 1514 1604 1549 Alii
1623 1519 1664 1549 ut
1675 1514 1835 1550 Bondimz

305 1574 374 1608 alio
391 1574 493 1608 modo
512 1572 604 1618 lapsi
623 1578 664 1607 ut
685 1591 732 1597 -—
750 1576 874 1617 poetas
892 1572 945 1607 ita
962 1571 1260 1618 praecedentibus
1283 1576 1490 1614 annectunt,
1504 1577 1550 1609 >ut.
1564 1570 1628 1606 sit:
1649 1571 1833 1619 „quando-
1906 1578 1910 1602 ῑ

306 1631 446 1676 quidem
465 1629 576 1664 Liber
596 1629 720 1664 retulit
736 1627 772 1662 in
793 1639 970 1663 numerum
993 1629 1198 1673 Satyrorum
1220 1632 1256 1662 et
1279 1627 1478 1663 Faunorum
1493 1628 1693 1663 vinosornm
1705 1632 1835 1674 poetas
1875 1671 1879 1676 .
1904 1627 1910 1663 ,i

304 1698 426 1732 parum
444 1688 589 1722 sanos.“
622 1686 675 1720 De
689 1689 767 1720 toto
783 1685 862 1719 loco
882 1682 1067 1729 εἰρωνείας
1089 1685 1192 1731 pleno
1212 1690 1311 1719 recte
1321 1685 1460 1730 judicat
1479 1685 1711 1731 Sandan-as,
1730 1695 1834 1731 quem
1905 1691 1910 1696 ·

307 1745 471 1778 conferre
487 1756 556 1778 non
569 1741 717 1788 pigebit.
747 1741 927 1776 Particula
941 1747 1054 1776 autem
1060 1746 1160 1787 sere,
1175 1741 1219 1776 de
1234 1753 1303 1788 qua
1317 1753 1487 1776 nonnemo
1503 1741 1661 1787 ambigit,
1675 1747 1835 1777 nostrum

307 1805 364 1835 est
380 1801 442 1844 „in
458 1800 521 1834 der
535 1801 688 1844 Regel.“
716 1799 820 1834 Conf.
837 1811 917 1834 ann.
934 1799 978 1834 ad
997 1801 1030 1842 6,
1054 1799 1089 1836 9.
1110 1799 1260 1834 Schmid.
1281 1799 1324 1833 ad
1346 1801 1379 1842 2,
1401 1801 1432 1842 1,
1453 1798 1534 1836 236.
1557 1798 1674 1834 Klotz.
1691 1799 1738 1834 ad
1753 1797 1832 1834 Cic.

306 1856 471 1905 Tusc.b5‚
492 1857 551 1901 30,
572 1856 628 1892 85.
658 1857 778 1890 Hand.
798 1856 842 1891 ad
863 1856 1019 1891 Tursell.
1043 1856 1087 1891 ΙΙ.
1106 1867 1142 1901 Ρ.
1158 1855 1238 1892 693.
1278 1856 1331 1890 De
1357 1855 1478 1890 verbis
1503 1866 1592 1900 quae
1617 1855 1837 1901 praecedunt
1894 1901 1898 1907 Ι

308 1925 421 1957 aquae
438 1914 616 1958 potoribus
635 1913 665 1946 si
684 1912 824 1947 dubitat
842 1912 1111 1958 Dillenburger,
1137 1917 1251 1947 utrum
1269 1912 1433 1947 Ablativo
1448 1924 1490 1946 an
1509 1912 1639 1947 Dativo
1658 1912 1834 1956 dicantur,

307 1966 535 2019 ego-quidem
556 1969 651 2002 illum
671 1968 763 2002 haud
781 1969 1047 2014 improbabilem
1064 1980 1141 2003 esse
1166 1975 1250 2014 puto
1272 1981 1315 2003 ex
1338 1969 1426 2003 locis
1458 1969 1528 2004 Od.
1550 1971 1583 2013 1,
1605 1970 1639 2012 6,
1662 1972 1698 2006 2.
1723 1971 1758 2013 2,
1774 1970 1832 2012 12,
1896 1959 1898 1962 v

306 2028 366 2064 27.
384 2023 461 2061 Sat.
477 2029 511 2070 2,
531 2028 563 2070 1,
577 2022 634 2061 84.
659 2025 775 2070 Epist.
794 2027 824 2068 1,
846 2027 878 2068 1,
898 2022 956 2060 94.
977 2025 1059 2059 coll.
1079 2030 1191 2062 nostr.
1207 2037 1286 2060 ann.
1305 2025 1340 2058 in
1357 2025 1515 2060 Secbodii
1530 2025 1712 2069 „Arehiv“
1729 2025 1832 2062 1832.

306 2083 337 2118 I.
357 2083 393 2119 3.
419 2096 455 2129 p.
474 2079 555 2118 456.
594 2082 818 2128 Dillenburg.
839 2081 876 2115 in
903 2080 1089 2117 Horatian.
1111 2083 1158 2115 ΙΙ.
1179 2093 1215 2127 Ρ.
1238 2083 1294 2116 17.
1338 2083 1514 2117 Heinrich.
1543 2083 1589 2117 ad
1613 2081 1697 2117 Juv.
1715 2081 1750 2126 8,
1774 2082 1834 2117 91.

307 2141 451 2175 Hertzb.
469 2140 514 2174 ad
534 2140 640 2185 Prop.
666 2141 698 2183 1,
721 2138 775 2181 13,
798 2138 854 2173 13.
886 2138 1007 2173 Hand.
1022 2138 1067 2173 ad
1090 2138 1246 2174 Turseu.
1272 2139 1303 2172 I.
1323 2150 1360 2184 p.
1380 2141 1436 2177 26.
1472 2138 1620 2174 Beneek.
1641 2138 1685 2176 ad
1704 2138 1835 2174 Justin.

309 2199 365 2241 18,
383 2199 415 2241 2,
430 2199 465 2234 2.
488 2197 636 2243 Rupert.
655 2195 701 2230 ad
720 2195 807 2232 Tac.
826 2195 887 2229 lv.
907 2206 943 2240 p.
963 2195 1044 2230 799.

401 2269 465 2319 **)
486 2273 535 2310 D.
552 2274 711 2309 Heinsius
725 2285 793 2308 non
807 2273 966 2318 dubitat,
985 2272 1068 2320 quin
1079 2272 1136 2307 hic
1148 2273 1314 2320 Aeschyli
1327 2274 1500 2308 vinositas
1513 2276 1694 2318 tangatur.
1721 2273 1837 2318 „Fuit
1880 2263 1882 2266 ’

309 2330 418 2375 enim,
439 2331 573 2376 inquit,
598 2329 892 2375 Σατυρογράφος
916 2336 952 2365 et
971 2331 1153 2365 scribebat
1171 2337 1265 2365 teste
1286 2332 1478 2365 Plutarcho
1501 2325 1697 2375 ἔμπίνωνέ*
1737 2330 1836 2372 Quid

309 2387 491 2422 Heinsium
511 2389 546 2422 in
571 2389 661 2422 hanc
682 2389 917 2433 conjecturam
937 2387 1147 2433 conjecerit,
1167 2387 1260 2422 infra
1283 2387 1432 2422 dicetur.
1477 2387 1564 2421 Rem
1583 2380 1733 2422 narrant
1753 2386 1835 2422 Plu-

309 2446 453 2480 tarchus
468 2444 504 2481 in
519 2446 639 2490 Symp.
658 2446 688 2487 1,
704 2443 737 2479 5.
759 2445 860 2480 VIII.
881 2457 918 2490 p.
935 2442 1001 2482 462
1017 2450 1055 2479 et
1068 2445 1102 2488 7,
1119 2445 1174 2480 10.
1196 2456 1232 2489 p.
1248 2443 1316 2480 856
1332 2449 1368 2479 et
1381 2445 1583 2478 Athenaeus
1596 2446 1652 2487 10,
1669 2444 1704 2479 7.
1717 2455 1751 2489 p.
1765 2440 1836 2480 428

309 2517 366 2535 z:
387 2504 443 2545 10,
459 2501 517 2537 33.
538 2514 574 2547 Ρ.
596 2503 653 2538 68.
675 2501 864 2546 Schwgh.;
886 2501 948 2536 sed
968 2506 1005 2535 et
1024 2500 1085 2536 alii
1098 2506 1226 2546 poetae
1244 2502 1311 2536 hac
1333 2512 1372 2535 re
1388 2506 1553 2535 notantur
1571 2506 1610 2535 ut
1625 2499 1772 2536 Alcaeus
1796 2505 1836 2537 et
1851 2540 1858 2544 ⁷

309 2557 564 2603 Aristophanes
576 2585 586 2602 ,
609 2558 652 2593 de
671 2558 798 2603 quibus
812 2558 1014 2596 Athenaeus
1030 2557 1118 2594 ibid.
1138 2569 1172 2603 p.
1187 2554 1274 2594 429:
1294 2552 1447 2597 Ἀλκαῖος
1467 2554 1506 2591 δὲ
1527 2552 1547 2591 ὁ
1563 2553 1757 2601 μελοποιός
1773 2553 1836 2592 καὶ

308 2609 584 2658 Ἀριστοφάνης,
612 2610 633 2648 ὁ
655 2612 947 2659 κωμωδιοποιός,
974 2615 1171 2658 μεθύοντες
1201 2611 1362 2659 ἔγραφον
1382 2610 1428 2648 τὰ
1452 2613 1655 2659 ποιήματα,
1678 2618 1719 2648 ut
1741 2614 1835 2648 Am-
1866 2643 1869 2650 f

311 2683 418 2706 creon
439 2670 528 2706 ibid.
550 2677 587 2706 et
607 2683 667 2717 ap.
687 2671 818 2708 Julian.
838 2671 964 2716 Epigr.
983 2673 1018 2716 7,
1040 2671 1100 2707 33.
1127 2670 1234 2708 Anth.
1259 2672 1389 2706 Graec.
1415 2671 1498 2716 Lps.
1522 2670 1624 2709 1813.
1647 2670 1680 2705 1.
1698 2681 1735 2714 Ρ.
1749 2669 1832 2704 316.

313 2724 436 2761 Πολλοὶ
463 2723 558 2763 πιών
584 2725 786 2771 τέθνηκας,
819 2721 1026 2772 ’Aminneum
1053 2723 1143 2763 ἀλλὰ
1163 2725 1353 2771 τρυφήσας
1379 2728 1460 2762 coll.
1489 2728 1616 2763 Senem
1634 2724 1752 2770 Epist.
1773 2725 1832 2760 88.

312 2787 349 2817 et
373 2784 498 2831 Loers.
527 2784 572 2819 ad
595 2783 700 2821 ovid.
731 2785 847 2821 Trist.
871 2787 904 2828 2,
930 2781 1011 2821 364.
1070 2783 1201 2822 Nescio
1232 2790 1364 2827 autem,
1392 2796 1470 2820 num
1503 2785 1568 2819 Fr.
1592 2779 1771 2818 Jacobu‘us
1794 2779 1832 2815 in

310 2839 482 2883 „Allgem
499 2838 809 2886 Encyclopaedie“
824 2853 854 2876 s.
876 2853 912 2876 V.
939 2842 1088 2877 Alcaeus
1106 2853 1143 2887 p.
1160 2841 1238 2880 133.
1260 2842 1308 2876 Ν.
1330 2841 1386 2878 23.
1405 2840 1588 2875 Horatium
1606 2837 1642 2871 in
1661 2836 1726 2871 hac
1745 2847 1832 2882 quo-

312 2906 378 2939 que
393 2906 432 2929 re
454 2896 572 2931 Alcaei
593 2898 785 2943 exemplum
809 2902 908 2934 recte
926 2897 1059 2934 dixerit
1077 2903 1233 2935 secutum
1261 2902 1367 2942 atque
1386 2908 1407 2931 a
1425 2894 1560 2932 severis
1585 2892 1835 2928 Grammaticis

312 2956 395 2985 nota
414 2950 707 2997 intemperantiae
721 2958 880 2988 notatum
898 2965 990 2991 esse.
