2034 3224
281 244 309 285 6
425 242 803 284 COMMENTARII
832 244 888 283 IN
917 240 1142 283 HORATII
1169 240 1272 282 LIB.
1303 244 1334 284 Ι.
1375 243 1542 284 EPIST.
1574 244 1700 285 ocT.
1812 247 1841 286 6

285 383 410 422 neque
447 373 487 408 et
527 369 587 407 his
626 369 778 421 quidem
819 365 1054 418 temporibus
1097 371 1251 419 praeter
1281 373 1431 408 ceteros
1471 381 1496 408 a
1535 369 1606 408 Η.
1650 367 1839 407 Ιαοοόοἰο

283 437 348 491 (V.
377 451 416 489 p.
440 437 524 478 336
553 450 613 488 sq.
641 442 680 476 et
706 451 745 489 p.
774 434 903 487 362.).
961 434 1106 475 Dubito
1139 441 1290 487 autem,
1317 440 1441 475 utrum
1483 437 1606 489 magis
1644 438 1759 476 mirer
1789 449 1841 476 an

284 505 457 556 doleam,
489 504 817 556 Doriglzellonem
850 502 950 540 veris
989 503 1237 543 immiscuisse
1280 504 1439 543 ridicula
1473 505 1683 556 quaedam,
1725 517 1842 557 quum

282 574 443 613 Poetam
472 574 574 625 turpi
597 573 721 624 aliquo
748 571 896 624 puellae
923 571 984 610 vel
1007 572 1117 624 pueri
1145 584 1290 623 amore,
1319 585 1432 625 quem
1462 573 1587 612 celare
1610 572 1839 623 studuisset,

283 656 483 682 accensum
513 646 552 681 et
580 644 721 681 tortum
745 640 981 692 opinaretur.
1040 641 1121 679 Sed
1149 643 1282 679 errant
1320 639 1383 679 alii
1421 640 1554 693 aliter,
1595 641 1736 694 quippe
1775 642 1840 693 qui

285 711 440 750 Celsum
466 711 567 749 illam
598 709 953 762 reprehensionem,
998 721 1111 759 quam
1154 708 1226 746 sibi
1263 721 1394 747 errore
1423 710 1609 761 opinionis
1641 711 1681 747 in
1709 708 1838 762 Epist.

285 781 334 830 1,
370 780 423 829 3,
459 780 526 820 15.
575 780 744 830 fingunt,
792 789 907 828 aegre
943 775 1078 815 tulisse
1125 778 1350 828 opinentur,
1397 783 1632 829 quapropter
1675 776 1841 816 Poetam

283 849 429 886 vafrum
443 874 456 898 ,
486 860 646 898 eumque
675 847 815 884 circum
851 845 1079 897 praecordia
1114 843 1332 895 ludentem,
1368 845 1495 885 verbis
1530 846 1707 898 quidem:
1733 845 1841 895 fidis

282 915 466 970 offendar
505 914 669 953 medicis
712 918 786 953 etc.
845 912 1000 951 Celsum
1040 912 1306 952 obstinationis
1339 917 1456 965 atque
1489 913 1696 964 jactantiae
1733 917 1840 953 tecte

283 984 502 1035 coarguisse
543 982 802 1022 dicunt.1n
843 981 918 1020 hoc
960 982 1215 1034 interpretum
1250 994 1409 1021 numero
1450 985 1512 1020 est
1558 979 1835 1020 Welandius.

281 1052 383 1099 Quid
412 1053 460 1090 de
488 1052 563 1091 ista
591 1050 911 1111 reprehensione
907 1049 1150 1111 sentiendum
1174 1050 1249 1100 sit,
1295 1049 1456 1089 diximus
1495 1050 1543 1088 ad
1581 1049 1687 1089 illum
1715 1049 1842 1090 locum

279 1134 319 1172 Ρ
347 1121 443 1163 211.
434 1146 460 1171 .,
488 1125 603 1171 atque
631 1120 766 1169 etiam,
795 1119 853 1156 uti'
874 1119 1015 1169 postea
1040 1108 1312 1169 cognovimus,
1355 1118 1470 1156 istam
1509 1117 1561 1156 ibi
1590 1132 1669 1157 non
1705 1119 1839 1157 vident

279 1188 534 1226 Bianconius
560 1187 588 1225 l.
613 1187 712 1225 infra
741 1187 767 1225 l.
790 1200 831 1239 p.
863 1185 958 1228 155-
992 1187 1088 1227 177.
1113 1191 1154 1225 et
1182 1185 1466 1226 Walckenaer.
1508 1186 1548 1223 in
1577 1186 1758 1223 Histoire
1787 1186 1837 1224 de

279 1256 324 1295 Za
352 1257 416 1295 vie
444 1260 519 1295 etc.
547 1255 595 1294 ΙΙ.
624 1268 663 1308 Ρ.
693 1252 789 1297 144.
847 1258 926 1296 Sed
956 1261 999 1296 ut
1028 1257 1102 1307 sit,
1146 1255 1275 1306 quidni
1311 1253 1493 1294 Horatius
1537 1252 1647 1291 liberi
1692 1265 1839 1292 sermo-

279 1324 339 1363 nis
367 1323 648 1363 amantissimus
678 1323 738 1362 hic
768 1326 816 1363 de
846 1338 889 1364 se
920 1325 1006 1376 ipso
1035 1324 1133 1363 male
1161 1323 1306 1361 affecto
1335 1320 1501 1360 dixerit?
1546 1320 1608 1360 An
1649 1322 1723 1361 fuit
1760 1325 1840 1362 tam

279 1391 407 1444 pusilli
435 1392 613 1430 animiet
639 1395 718 1430 tam
747 1393 909 1431 obscure
931 1393 1072 1444 iniqui,
1102 1396 1145 1431 ut
1172 1403 1269 1443 quae
1297 1390 1417 1428 libere
1437 1402 1484 1428 ac
1503 1386 1841 1442 simpliciter'effe-

278 1459 400 1498 renda
425 1462 579 1510 essent,
615 1460 818 1500 verborum
853 1460 1056 1499 involucris
1094 1459 1306 1499 involveret
1343 1458 1580 1509 animumque
1607 1458 1771 1510 quadam
1799 1458 1840 1496 in

282 1526 437 1566 Celsum
463 1527 727 1567 malevolentia
755 1528 939 1568 suffusum
966 1528 1094 1567 verbis
1123 1528 1244 1567 cautis
1275 1525 1507 1577 obtegeret?
1556 1526 1647 1564 Aliis
1688 1526 1842 1577 quidem

279 1594 376 1634 haec
396 1595 572 1647 Epistola
600 1596 738 1648 frigide
766 1598 910 1649 scripta
935 1597 1107 1647 videtur,
1138 1597 1315 1648 quoniam
1338 1594 1521 1635 Horatius
1551 1606 1573 1632 e
1592 1606 1635 1632 re
1655 1606 1724 1632 sua
1753 1606 1841 1632 esse

281 1663 452 1714 duxerit,
505 1676 589 1702 cum
628 1665 769 1715 juvene
809 1666 903 1705 satis
946 1664 1191 1718 superbiente
1229 1675 1308 1702 non
1351 1662 1576 1701 contrahere
1618 1661 1840 1700 interiorem

281 1732 471 1782 quandam
498 1732 801 1772 familiaritatem.
848 1734 994 1773 Nescio
1020 1737 1168 1783 autem,
1199 1744 1265 1770 cur
1292 1730 1475 1780 Poetam,
1518 1731 1582 1781 qui
1621 1744 1718 1783 quae
1747 1745 1838 1787 sen-

279 1798 404 1837 tiebat
428 1799 554 1850 eloqui
579 1812 772 1851 nunquam
800 1798 1010 1852 dubitavit,
1030 1801 1107 1840 :hac
1140 1801 1295 1852 quidem
1322 1799 1469 1836 ratione
1499 1799 1640 1837 faciant
1664 1794 1841 1839 callidum

281 1867 632 1917 tergiversatorem
688 1868 792 1919 Sed,
832 1873 876 1907 ut
903 1869 1030 1908 ‘semel
1058 1870 1202 1918 dicam,
1245 1868 1278 1905 is
1307 1879 1416 1904 error
1443 1878 1466 1904 a
1500 1879 1618 1917 prava
1641 1867 1710 1906 vel·
1723 1868 1840 1906 :nimis

281 1933 426 1984 subtili,
452 1947 563 1986 quam
587 1935 660 1974 sibi
690 1937 740 1976 de
766 1938 980 1976 Satirarum
1006 1938 1195 1988 scriptore
1223 1934 1427 1985 finxerunt,
1453 1934 1610 1973 notione
1639 1936 1840 1986 profectus

283 2001 370 2041 esse
400 2002 562 2042 videtur.
619 2004 746 2044 Recte
786 2006 902 2056 igitur
945 2004 1231 2043 Hoclzede'ruse
1269 2001 1420 2053 „Dass
1451 2014 1494 2040 es
1532 2016 1646 2041 unser
1670 2001 1842 2043 Dichter

283 2070 426 2109 ehrlich
454 2072 542 2118 und2
561 2075 631 2123 gut
656 2073 727 2111 mit
752 2072 829 2112 ihm
849 2074 1014 2124 meinte,
1041 2073 1255 2112 bewies-er
1280 2071 1332 2110 im
1359 2072 1500 2122 dritten
1523 2071 1664 2110 Briefe.
1688 2070 1841 2110 ‚Daher

284 2138 522 2178 zweifle¹ich
542 2140 659 2190 auch,
689 2139 739 2179 ob
767 2140 899 2180 Horaz
927 2154 968 2180 es
992 2143 1033 2192 je
1061 2142 1131 2179 der
1145 2139 1260 2178 Miihe
1285 2139 1417 2178 werthr
1432 2139 1549 2188 hielt,
1579 2153 1623 2178 so
1641 2139 1744 2178 viele
1760 2139 1842 2192 Po-

284 2207 370 2245 litik
395 2221 466 2246 rzu.
490 2207 636 2259 haben,
679 2207 737 2246 als
773 2209 849 2249 ihm
872 2208 1050 2247 Wieland
1072 2207 1292 2246 bei‘dieser
1317 2208 1571 2259 Gelegenheit
1599 2207 1842 2251 zumuthetf‘

286 2275 390 2314 Idem
415 2275 624 2315 sentit-R.
654 2274 837 2314 Jacobs*
859 2277 905 2314 V.
920 2289 967 2327 p.
998 2274 1097 2316 339.
1120 2288 1195 2326 sq.,
1211 2288 1386 2326 ‘quocum
1412 2276 1556 2314 faciunt
1594 2274 1786 2313 oremus>
1801 2280 1842 2315 et

289 2343 533 2397 Diintzerssffl
588 2343 738 2384 Deinde
765 2347 870 2396 quod
898 2343 1071 2383 nonnulli·
1095 2344 1326 2395 interpretes
1351 2343 1468 2383 verbo
1497 2342 1710 2394 referendi-
1731 2356 1769 2381 v.
1799 2346 1840 2387 2.

403 2505 444 2550 *)
476 2508 554 2542 Jam
578 2520 668 2555 quae
695 2495 1104 2559 hujus'sunth'fasciculi
1142 2506 1380 2559 scripseram,
1399 2501 1401 2503 ’
1418 2516 1522 2552 quum
1562 2505 1647 2540 mihi
1683 2497 1842 2542 traditus

292 2567 350 2597 est
385 2562 560 2598 Di'intzeri
586 2566 699 2600 liber:
740 2565 896 2610 „Kritilc
925 2564 995 2599 u'n'd
1033 2564 1254 2610 Erklarung'
1280 2563 1346 2598 der
1384 2562 1555 2609 Episteln
1584 2562 1650 2597 des
1678 2560 1850 2599 Horazf‘

291 2620 1203 2665 Braunschweig,ver1.von'G.E..·Meye1-'sen
1221 2617 1344 2655 '1843.
1379 2619 1433 2654 Ut
1465 2620 1503 2654 in
1535 2619 1674 2664 lyricis,
1714 2621 1778 2656 ita'
1803 2620 1844 2655 in

292 2676 459 2723 epistolis
479 2675 544 2710 Vir
565 2677 788 2714 doctissimus
815 2677 1081 2725 interpretandi
1102 2677 1277 2713 rationem
1302 2677 1415 2712 hahet
1443 2688 1541 2712 suam
1577 2683 1616 2712 et
1644 2677 1841 2724 propriam,

289 2745 384 2780 quae
420 2731 563 2779 quidem
594 2735 826 2771 subtilissima
853 2735 1051 2784 symbolice
1078 2735 1225 2778 limandi
1256 2733 1480 2780 rimandique
1510 2744 1580 2778 ars
1597 2745 1679 2784 num
1705 2733 1842 2780 sirnpli—

293 2789 398 2825 citati
431 2793 593 2823 veterum
633 2791 847 2837 scriptorum
885 2788 1098 2846 conveniat,
1132 2791 1341 2832 dubitarunt
1374 2791 1488 2836 multi,
1523 2773 1649 2825 dubito
1681 2794 1719 2824 et
1746 2790 1841 2836 ipse.

292 2847 411 2881 Miror
439 2834 556 2880 autem
578 2847 728 2881 hominis
755 2844 1070 2895 inhumanitatem,
1124 2861 1193 2896 qua
1229 2850 1261 2884 is
1301 2849 1450 2884 aliorum
1477 2818 1561 2883 ⁷fere
1591 2842 1843 2893 discrepantes

295 2902 494 2937 sententias
524 2902 712 2949 impugnat
745 2906 805 2939 vel
829 2918 950 2942 eorum
984 2897 1275 2953 explicationes
1283 2916 1327 2941 eo
1363 2913 1473 2952 saepe
1511 2905 1617 2939 modo
1661 2903 1842 2969 interpre-

294 2963 407 3004 tatur,
438 2969 542 3006 quem
562 2970 606 2994 ne
625 2959 695 3005 ipsi
719 2961 861 3006 quidem
881 2967 1046 3005 auctores
1065 2964 1136 2999 sibi
1155 2963 1349 3000 finxerunt.
1408 2964 1464 2998 De
1482 2962 1552 2996 hoc
1570 2961 1663 3006 loco,
1691 2960 1720 2997 i.
1741 2973 1774 2996 e.
1796 2959 1842 2995 de
