1910 3138
231 210 316 252 524
368 211 650 251 COMMENT.
666 212 723 251 IN
743 212 869 251 HOR.
893 211 991 252 LlB.
1010 213 1038 252 I.
1066 213 1231 253 EPIST.
1251 213 1627 254 UNDEVICESIM.
1684 217 1765 257 176

231 327 321 376 bes,
360 329 424 376 ut,
457 325 546 376 quid
576 325 630 362 rei
662 326 735 374 sit,
769 339 847 363 non
874 325 1033 364 videat?
1078 326 1191 364 Conf.
1219 326 1332 377 igitur
1372 327 1548 366 Schmid.
1578 327 1695 377 ad.2,
1727 329 1766 376 1,

233 394 284 435 15
314 416 370 422 —
397 395 461 434 17.
507 392 674 431 Mitsch.
709 393 758 430 ad
794 393 870 432 Od.
903 395 941 442 1,
971 394 1011 443 2,
1040 392 1094 435 45
1114 417 1170 423 -—-
1196 393 1262 435 48.
1296 396 1362 446 12,
1390 394 1445 436 49
1471 417 1528 425 -
1557 398 1623 438 60.
1652 397 1696 446 3,
1723 397 1766 444 3,

233 464 298 503 12.
337 469 376 500 et
404 461 446 509 3,
476 460 517 510 5,
546 463 584 503 2.
622 458 664 511 4,
695 460 734 510 5,
768 462 804 501 1.
841 461 898 501 33
918 483 974 488 -—
995 461 1049 501 36
1065 458 1116 512 *).
1185 462 1412 501 Weicherto
1444 463 1524 502 fere
1562 464 1768 502 assentitur

236 530 326 570 Car,
357 530 579 566 Passovius
615 527 665 566 N.
690 529 801 579 259„
837 528 888 566 ob
925 541 1006 566 eam
1035 542 1114 568 rem
1142 535 1294 569 notatus
1322 543 1345 568 a
1378 522 1613 569 Whero'in
1643 530 1768 568 Jahnii

230 597 429 648 „Archiv“
462 595 584 638 1843.
614 596 677 634 ΙΧ.
709 598 747 637 2.
778 611 816 648 p.
844 597 938 639 283.

342 665 388 704 V.
412 662 478 707 44.
502 664 571 706 45.
601 664 707 712 fidis
726 665 830 701 enim
849 687 903 692 —-
923 663 997 701 tibi
1013 664 1196 715 pulcher.
1238 664 1398 704 Ironiam
1417 666 1621 716 particulae
1643 667 1766 712 enim,

230 747 304 785 qua
326 737 497 771 nostrum
527 732 733 782 „freilich“
763 733 1018 783 significatur,
1047 740 1152 771 recte
1180 733 1299 771 sensit
1326 731 1580 778 Schmidius,
1607 746 1766 784 quocum

228 802 468 840 consentiunt
498 800 691 839 Handius
720 802 770 839 ad
803 800 839 839 T
843 801 968 842 ursell.
994 800 1042 838 ΙΙ.
1073 815 1111 852 p.
1137 801 1234 841 391.
1264 804 1303 839 et
1332 800 1579 839 Schmidtius
1608 801 1657 839 ad
1682 800 1766 838 Juv.

229 872 268 919 7,
301 867 380 911 124
404 883 463 921 sq.
505 869 549 906 In
570 868 695 907 verbis
716 873 842 907 autem
861 882 1027 905 manare
1049 870 1208 919 poetica
1227 868 1349 905 mella
1368 868 1546 920 frequens
1571 870 1631 906 est
1653 880 1767 918 quum

229 937 432 985 orationis,
462 942 541 975 tum
571 938 775 974 carminum
796 950 878 974 cum
898 936 1008 974 melle
1033 941 1096 974 aut
1118 941 1270 976 nectare
1292 937 1536 988 comparatiO.
1583 935 1640 973 lta
1657 934 1766 973 Pind.

230 1006 381 1057 Olymp.
412 1005 450 1054 6,
483 1006 550 1047 21.
579 1005 625 1042 Β.
667 1006 933 1059 μελίφθογγοι
958 1003 1251 1057 δ’ἐπιτρὲψοντι
1282 1009 1454 1046 Μοῖσαι.
1495 1003 1623 1042 Isthm.
1654 1003 1694 1054 5,
1725 1005 1766 1044 2.

228 1075 410 1126 κρητῆρα
441 1073 660 1114 Μοισαίων
695 1072 844 1126 μελέων
877 1073 1079 1126 Κίρναμεν
1109 1078 1179 1112 etc.
1218 1073 1370 1125 Fragm.
1400 1074 1495 1114 163.
1538 1072 1594 1110 lta
1624 1071 1766 1111 Erinna

231 1145 428 1195 Πιερικῆς
454 1136 710 1195 ῤἀθοὲμιγγας
734 1136 1061 1189 οἷποσταλάζουσα
1090 1143 1277 1195 μελίσσης
1305 1142 1390 1195 (Br.
1408 1140 1518 1180 Anal.
1540 1140 1588 1180 11.
1607 1153 1647 1192 p.
1665 1137 1767 1192 460)

340 1334 376 1380 *)
398 1336 534 1371 Morem
554 1336 647 1371 illius
667 1337 747 1371 aevi
765 1335 825 1372 alii
845 1348 983 1384 quoque
1002 1341 1217 1383 sequuntur,
1241 1337 1315 1373 vid.
1330 1348 1417 1382 quos
1431 1336 1576 1372 laudant
1592 1337 1701 1372 Jahn.
1718 1337 1764 1371 ad

227 1393 336 1434 Ovid,
368 1393 484 1429 Trist.
510 1395 542 1438 1,
563 1397 595 1438 1,
615 1396 672 1431 20.
695 1395 829 1440 Spolm.
856 1394 900 1429 ad
928 1394 1027 1440 Virg.
1052 1395 1131 1429 Ecl.
1155 1397 1185 1438 1,
1201 1391 1246 1431 42
1268 1414 1312 1420 ——
1329 1391 1390 1428 44.
1421 1406 1457 1440 p.
1478 1390 1537 1431 64.
1555 1394 1612 1428 ed.
1635 1394 1764 1438 Wagn,

225 1451 333 1496 lleyn.
351 1450 394 1484 ad
414 1452 483 1485 Ge.
507 1453 539 1495 1,
559 1448 617 1488 42.
640 1452 787 1497 Forbig.
808 1451 851 1485 ad
870 1452 948 1486 Ecl.
965 1453 996 1496 1,
1010 1453 1046 1488 6.
1066 1452 1155 1486 Aen.
1176 1453 1208 1496 1,
1223 1452 1304 1488 290.
1326 1452 1445 1487 beers.
1459 1451 1505 1485 ad
1519 1450 1628 1485 Ovid.
1646 1450 1762 1484 Trist.

227 1509 260 1549 1,
284 1509 317 1551 1,
338 1509 394 1544 69.
434 1509 643 1554 Hertzberg.
669 1508 713 1542 ad
732 1509 895 1554 Propert.
920 1509 949 1547 Ι.
972 1521 1007 1554 p.
1024 1509 1082 1545 29.
1122 1508 1332 1543 Markland.
1361 1508 1408 1542 ad
1427 1509 1520 1543 Stat.
1550 1505 1586 1551 5,
1617 1510 1652 1550 2,
1680 1508 1761 1542 170.

232 1564 280 1599 W
279 1566 453 1609 ernsdorf.
470 1565 514 1598 ad
537 1564 647 1600 Salei.
669 1565 770 1601 Bass.
797 1577 903 1603 carm.
920 1566 965 1600 ad
984 1565 1103 1599 Pison.
1119 1563 1201 1602 225.
1236 1566 1410 1599 Garaton.
1427 1571 1464 1599 et
1477 1565 1597 1599 Halm.
1619 1564 1663 1599 ad
1684 1563 1762 1598 Cic.

225 1633 280 1667 pr.
298 1622 395 1655 Sest.
409 1622 465 1666 69,
481 1618 561 1657 144.
586 1622 634 1656 W
632 1622 755 1657 iistem.
770 1622 813 1656 ad
830 1623 986 1658 Theocr.
1002 1623 1056 1656 Id.
1069 1623 1104 1667 7,
1120 1622 1178 1656 93.
1193 1623 1256 1656 Fr.
1267 1622 1405 1657 Jacobs.
1419 1622 1465 1657 ad
1480 1621 1617 1656 Delect.
1634 1619 1762 1667 Epigr-

226 1690 280 1722 gr.
300 1679 356 1722 10,
382 1678 439 1722 53,
459 1680 493 1714 6.
516 1682 553 1713 et
576 1678 684 1714 Anth.
702 1680 768 1713 Gr.
786 1680 835 1714 ΙΙ.
865 1681 897 1715 2.
927 1692 964 1725 p.
987 1680 1067 1715 191.
1096 1686 1133 1713 et
1160 1678 1407 1722 „Ver-mischte
1428 1678 1638 1713 Schriften“
1663 1678 1708 1712 V.
1726 1689 1763 1723 p.

225 1733 307 1769 359.
341 1735 541 1770 Frandsen.
571 1735 827 1779 „Maecenas.“
856 1749 892 1781 p.
914 1738 970 1772 27.
1003 1741 1040 1770 et
1068 1735 1127 1781 qui
1156 1736 1199 1769 de
1222 1737 1287 1769 hac
1313 1736 1405 1770 omni
1424 1747 1464 1770 re
1490 1734 1607 1770 sobrie
1625 1734 1764 1779 judicat

230 1791 287 1826 W.
307 1791 353 1825 E.
377 1791 502 1826 Weber
519 1791 555 1824 iu
575 1792 665 1827 libro
682 1804 789 1838 saepe
810 1793 953 1827 laudato
973 1805 1010 1839 p.
1034 1794 1103 1828 170
1117 1804 1170 1838 sq.
1192 1792 1272 1827 coll.
1291 1793 1495 1836 Groteffend.
1516 1791 1552 1825 in
1568 1791 1764 1826 Schneide-

224 1847 310 1882 wini
330 1847 457 1882 Philol.
480 1845 583 1883 1846.
605 1849 634 1883 1.
652 1851 683 1884 1.
704 1862 740 1894 p.
759 1846 827 1884 143
843 1862 919 1895 sqq.
940 1849 1206 1894 („Verh{iltniss
1221 1850 1283 1884 des
1299 1849 1419 1882 Horaz
1433 1859 1509 1882 zum
1523 1848 1762 1892 Augustns“).

223 1904 278 1939 De
298 1904 418 1938 divino
437 1905 570 1938 honore
590 1906 684 1950 apud
700 1906 828 1954 Virgil.
849 1908 937 1941 Aen.
957 1908 991 1950 1,
1013 1908 1081 1942 286
1100 1926 1147 1931 -
1168 1907 1248 1941 296.
1284 1907 1440 1950 Augusto
1462 1903 1582 1939 habito
1602 1903 1764 1951 disputat

224 1961 375 1996 Iahnius
394 1971 532 2006 quoque
554 1961 591 1995 in
611 1963 783 2006 ,‚NJbb.“
801 1960 905 1997 1844.
927 1963 1004 1996 XL.
1025 1960 1060 1998 4.
1082 1975 1118 2008 p.
1133 1959 1235 2005 459„
1257 1973 1368 2006 neque
1388 1962 1550 1996 conferre
1564 1961 1704 2007 pigebit
1718 1961 1762 1996 de

226 2017 445 2064 quaestione,
463 2017 545 2063 quid
558 2018 736 2063 Augustus
750 2019 846 2052 cultu
858 2019 1031 2064 Apollinis
1043 2019 1132 2064 apud
1146 2030 1226 2053 suos
1241 2018 1442 2052 introducto
1454 2018 1638 2064 spectarit,
1650 2019 1689 2054 Ο.
1698 2019 1762 2053 Fr.

224 2074 423 2110 Hermanm'
434 2075 697 2118 ‚,Commentat.
711 2076 755 2109 de
770 2075 847 2109 loco
860 2075 1031 2120 Apollinis
1047 2075 1081 2108 in
1097 2076 1212 2109 Carm.
1228 2076 1357 2109 Saec.“
1378 2087 1412 2120 p.
1427 2077 1469 2111 18
1483 2087 1562 2122 sqq.
1579 2081 1618 2110 et
1631 2074 1675 2108 de
1689 2080 1762 2123 sta-

224 2138 286 2166 tua
303 2131 456 2177 Augusti
471 2151 528 2157 ——-
546 2132 716 2178 Apollinis
734 2131 770 2165 in
789 2132 950 2166 Palatino
971 2131 1087 2177 posita
1111 2132 1243 2166 leeod.
1264 2132 1454 2178 Bergkium
1469 2132 1503 2165 in
1525 2131 1761 2175 „zeitschrift

223 2190 250 2223 f.
276 2189 312 2227 d.
342 2189 635 2225 Alterthumsw.“
670 2185 773 2224 1846.
794 2189 843 2223 N.
871 2190 950 2224 100.
972 2200 1007 2234 p.
1029 2188 1110 2224 795.
1151 2189 1283 2233 Neque
1300 2201 1320 2222 a
1345 2200 1384 2222 re
1415 2189 1530 2223 aliena
1555 2187 1759 2223 observatio

225 2251 301 2290 est,
322 2246 476 2280 Deorum
497 2257 539 2280 ac
555 2246 746 2280 Caesarum
761 2245 900 2279 nomina
922 2257 1029 2291 saepe
1050 2246 1236 2290 conjuncta
1254 2245 1406 2290 reperiri
1426 2250 1464 2279 ut
1482 2245 1519 2279 in
1538 2244 1597 2279 illo
1615 2243 1717 2278 titulo
1738 2255 1760 2278 a

225 2302 438 2338 Germanico
467 2303 561 2337 sacto
593 2303 684 2337 Tac.
717 2303 804 2337 Ann.
827 2304 859 2346 2,
881 2304 936 2339 22.
966 2314 1009 2336 ea
1027 2302 1239 2336 monimenta
1261 2302 1377 2336 Marti
1400 2308 1432 2337 et
1449 2301 1528 2336 1ουί
1543 2306 1578 2336 et
1595 2302 1760 2348 Augusto

223 2360 426 2395 sacravisse.
463 2359 525 2393 Sic
545 2359 737 2394 Sanctitati
753 2359 848 2394 Jovis
867 2364 901 2394 et
919 2359 1074 2405 Augusti
1088 2358 1123 2392 in
1144 2359 1254 2393 Inscr.
1274 2359 1311 2392 in
1330 2359 1504 2404 „Voyage
1526 2358 1571 2392 de
1586 2357 1677 2392 deu'x
1687 2357 1760 2392 Be-

226 2415 429 2451 nedictins“
451 2416 480 2452 Ι.
500 2429 536 2462 p.
558 2415 640 2451 305.
661 2417 733 2450 Sed
753 2422 792 2451 ut
812 2427 885 2451 rem
907 2415 1013 2450 altius
1033 2420 1253 2461 repetamus,
1277 2425 1377 2461 quam
1393 2426 1500 2460 supra
1514 2413 1758 2457 indicavimus,

225 2473 317 2509 conf.
349 2472 425 2506 Cic.
455 2473 520 2507 Or.
542 2484 598 2518 pr.
623 2474 724 2509 Dom.
753 2485 816 2508 sua
835 2470 893 2516 34,
914 2473 971 2508 92.
1003 2472 1138 2508 inducis
1164 2472 1267 2507 etiam
1294 2483 1487 2506 sermonem
1515 2473 1690 2506 urbanum
1718 2482 1760 2504 ac

223 2535 423 2564 venustum.-
451 2542 505 2564 me
524 2529 637 2564 dicere
664 2531 795 2574 solere,
821 2542 891 2564 esse
914 2541 968 2563 me
990 2530 1131 2573 Jovem‚
1158 2528 1219 2562 ubi
1243 2528 1403 2562 Clodium
1428 2529 1628 2574 loquentem
1651 2527 1758 2568 facit;

224 2586 337 2631 ipsius
366 2585 552 2620 Ciceronis
582 2586 693 2620 verba
719 2586 756 2620 in
785 2586 904 2631 Epist.
932 2585 975 2620 ad
1005 2586 1074 2626 Qu.
1096 2585 1158 2620 Fr.
1182 2586 1213 2628 1,
1235 2587 1266 2627 1,
1290 2586 1347 2619 10.
1376 2585 1414 2619 in
1431 2585 1503 2619 istis
1521 2584 1662 2619 urbibus
1680 2594 1759 2618 cum

225 2654 357 2676 summo
377 2642 521 2687 imperio
540 2648 573 2676 et
589 2648 763 2687 potestate
778 2642 946 2686 versaris,
970 2642 1007 2675 in
1022 2642 1142 2686 quibus
1162 2647 1244 2676 tuas
1264 2641 1407 2675 virtutes
1429 2646 1651 2676 consecratas
1674 2644 1707 2674 et
1721 2639 1759 2673 in

226 2699 370 2732 deorum
389 2710 534 2733 numero
550 2700 739 2733 collocatas
753 2699 847 2733 vides
873 2702 910 2732 et
926 2700 969 2733 de
985 2699 1076 2744 Rep.
1095 2701 1125 2741 1,
1144 2699 1197 2733 12.
1217 2703 1258 2732 ut
1276 2697 1418 2732 militiae
1435 2703 1580 2743 propter
1598 2695 1758 2731 eximiam

226 2754 306 2786 belli
326 2755 480 2799 gloriam
497 2755 704 2799 Africanum
724 2761 763 2790 ut
783 2756 885 2790 deum
904 2756 1031 2790 coleret
1049 2755 1199 2790 Laelius.
1246 2754 1299 2789 De
1330 2755 1545 2788 Graecorum
1565 2751 1756 2798 proverbio

226 2808 325 2841 θεῶν
350 2805 435 2852 ὠσὶ,
458 2812 551 2855 quod
572 2811 638 2846 huc
657 2817 695 2845 ut
716 2812 816 2855 Virg.
839 2812 917 2846 Ecl.
941 2812 975 2854 3,
999 2812 1056 2847 73.
1084 2811 1288 2845 translatum
1307 2814 1455 2857 putant,
1485 2810 1668 2854 disputare
1686 2817 1756 2841 non

226 2864 356 2898 attinet
375 2877 488 2911 neque
504 2867 548 2901 de
563 2868 732 2902 formula:
757 2869 821 2902 diis
835 2880 939 2912 quam
953 2869 1146 2904 hominibus
1160 2868 1358 2915 propiorem
1375 2879 1464 2910 esse,
1484 2867 1529 2901 de
1544 2875 1612 2910 qua
1630 2863 1755 2898 Ruhn-

228 2921 347 2957 kenius
361 2922 405 2956 ad
422 2923 511 2956 Vell.
532 2924 672 2959 Patere.
694 2926 727 2968 2,
748 2924 804 2959 35.
826 2924 927 2959 dixit.
