1910 3138
35 123 38 125 ’
79 146 137 189 ss
187 135 465 185 «comm.
483 140 543 182 m
558 140 682 180 nou
700 135 1442 184 Lm.1.131’1sr.ousn‘r.osscffl.
1496 132 1581 175 213

80 258 814 319 adm-Epist1‚15.p.43.et
849 266 968 301 nostr.
1004 262 1287 312 annotati&
1313 260 1382 302 81.
1416 273 1454 311 p.
1487 260 1580 301 158.

80 336 220 383 Quod
215 333 439 375 oremus
428 347 468 372 m
496 332 660 371 dictione
687 332 746 370 ad
768 333 969 383 strepitum
1003 329 1117 367 tibiae
1153 333 1300 368 cantum
1335 327 1581 378 crepitantem

7 400 12 403 ’
79 407 192 457 atque
211 403 400 442 absonum
425 400 565 450 sentit,
602 412 648 438 ea
675 401 779 438 notio
805 413 894 438 num
922 401 960 437 in
987 398 1081 449 ipsis
1111 397 1246 436 verbis
1260 396 1350 435 insit
1376 395 1580 443 dubitabis,

80 464 410 524 ffi³eompmveris
444 472 563 509 nostr.
603 474 733 507 annot.
770 469 819 505 ad
848 469 895 517 2,
930 467 998 508 31.
1032 478 1070 516 p.
1097 464 1189 506 159.
1235 463 1427 514 Strepitm
1454 467 1581 502 autem

76 540 136 579 ad
153 540 303 590 tibiam,
330 539 385 578 uti
410 538 591 591 κροῦμα,
618 537 722 586 quod
746 536 896 586 proprie
923 534 1026 585 lyrae
1054 537 1140 582 est,
1167 532 1351 580 refertur,
1377 531 1465 569 inde
1490 529 1580 567 illud

77 606 231 647 verbum
253 608 335 646 fere
361 609 510 658 gratum
537 616 669 642 sonum
694 615 754 654 ap.
784 602 919 644 Horat.
950 601 1097 653 quidem
1122 601 1273 640 indicat.
1305 599 1368 637 Cf.
1385 597 1512 649 Bergl.
1530 597 1580 634 ad

79 675 244 727 Alciphr'.
275 676 324 724 1,
353 674 431 722 12,
451 672 525 729 23.
552 671 639 709 coll.
667 670 831 708 Dillenb.
856 671 906 708 ad
933 669 1008 707 od.
1034 667 1083 718 4,
1113 669 1166 718 3,
1197 669 1264 709 18.
1305 665 1430 705 Verba
1455 667 1581 703 antem

78 743 203 782 samu
230 750 356 780 terme
378 740 518 792 gravis
545 738 634 776 nihil
662 738 762 775 aliud
788 738 860 775 nisi
890 738 1066 776 rusticam
1093 737 1355 784 saltationem,
1384 745 1459 784 qua
1484 732 1579 771 villi-—

78 823 147 851 cus
168 809 372 864 ponderosi
398 807 567 858 corporis
595 809 636 844 et
657 805 778 855 gravis
806 804 879 855 ipsi
902 810 1026 843 terrae
1047 805 1178 853 saliat,
1203 805 1336 854 jocose
1353 801 1580 839 describunt.

78 879 191 918 Conf.
224 877 358 918 Lamb.
394 876 444 912 ad
471 874 547 916 Od.
577 875 626 923 1,
653 871 702 922 4,
729 876 768 914 7.
797 873 845 921 8,
877 873 954 921 18,
989 872 1051 912 16.
1082 872 1126 910 Δ.
1155 871 1198 913 Ρ,
1224 867 1321 911 430.
1359 869 1435 907 Od.
1457 868 1510 918 4,
1542 869 1580 917 1,

77 947 145 990 28.
170 946 280 984 Jahn.
302 946 352 982 ad
377 943 484 983 Pers.
504 941 545 991 5,
570 942 661 983 122.
690 939 894 990 Argutatnr
918 940 1032 990 igitur
1056 939 1255 990 Cruquius
1281 936 1373 987 (jam
1394 936 1441 974 ab
1462 935 1580 975 Henr.

77 1013 270 1064 Stephano
295 1013 335 1050 in
358 1009 541 1062 Porphyr.
567 1008 724 1046 Emend.
749 1021 787 1058 p.
810 1007 904 1047 160.
930 1007 1192 1058 improbatus),
1220 1006 1278 1043 cui
1302 1004 1398 1045 Hor.
1419 1004 1468 1042 ad
1489 1003 1579 1042 illud

77 1081 230 1120 Homeri
251 1074 419 1121 ἰτόσιον
446 1074 574 1129 ἄχθος
601 1071 779 1128 α’ρούρης
813 1074 977 1121 alludere
1009 1075 1173 1119 videtur3
1208 1076 1405 1123 argutatur
1433 1072 1579 1110 Rosius

76 1161 140 1200 ap.
165 1147 319 1196 Lamb.‚
348 1158 462 1197 quum
489 1144 599 1182 dicit:
639 1147 711 1193 „tu
740 1147 864 1181 terrae
886 1144 1013 1193 gravis
1036 1142 1170 1190 salias,
1207 1144 1251 1178 ut
1287 1144 1426 1179 terram
1463 1153 1577 1178 onere

76 1215 200 1256 leves:
233 1218 277 1253 tn
303 1219 478 1263 tauquam
505 1216 632 1250 terrae
655 1212 779 1261 gravis
807 1210 941 1260 salias,
972 1214 1016 1247 ut
1042 1221 1124 1246 eam
1151 1208 1397 1256 exoneres;“
1425 1212 1578 1257 arguta-

77 1288 141 1323 tur
175 1283 336 1333 denique
367 1278 588 1318 ‘Mar-cilius
601 1279 639 1330 ⁴¹)
678 1281 750 1330 γῆς
775 1274 909 1329 βάρος
943 1289 1005 1327 ap.
1040 1275 1142 1316 Suid.
1178 1288 1398 1326 comparans
1430 1280 1473 1313 ut
1508 1276 1576 1313 sit:

75 1352 191 1402 „quia
215 1349 400 1389 inutilis.“
436 1347 511 1385 Illis
539 1349 662 1399 autem
691 1346 835 1393 verbis,
860 1357 957 1394 quae
976 1357 999 1382 a
1019 1342 1126 1380 villici
1147 1343 1271 1381 officio
1291 1355 1402 1394 quam
1420 1343 1578 1380 maxime

76 1419 279 1457 abhorrent
308 1430 385 1455 sec.
413 1415 560 1453 Colum.
590 1415 663 1462 11,
692 1412 730 1450 1.
779 1412 822 1450 V
814 1411 947 1449 tutem
972 1412 1102 1448 somni
1125 1418 1162 1447 et
1190 1411 1274 1447 vini
1297 1411 1349 1447 sit
1376 1409 1579 1447 abstinen-

77 1487 264 1524 tissimus.
290 1507 346 1512 -
367 1505 422 1512 —
460 1483 559 1519 Tum
579 1480 697 1516 etiam
713 1479 767 1515 sit
786 1492 814 1515 α
838 1480 1001 1516 veneriis
1017 1477 1219 1515 amoribus
1235 1491 1396 1515 aversus·
1405 1492 1422 1524 ‚·
1445 1500 1501 1506 —-
1525 1499 1574 1506 —·

74 1554 231 1604 primus
261 1551 437 1588 omnium
474 1546 636 1598 vigilet5
664 1568 719 1574 —
747 1566 802 1574 —-
829 1547 881 1582 stt
903 1545 1160 1598 frugalitatis
1195 1545 1440 1596 exemplum,
1476 1545 1577 1583 salse

76 1618 277 1669 significari
303 1631 348 1655 ac
370 1615 527 1654 vellicari
548 1618 658 1665 putat
681 1613 930 1651 Wetelzertus
953 1613 1008 1666 (p.
1027 1614 1115 1664 77.)
1142 1613 1283 1652 Poetae
1303 1614 1465 1663 amicos,
1493 1614 1578 1664 qui-

78 1686 169 1735 bus,
194 1688 235 1722 ut
257 1684 400 1722 Alcinoi
425 1683 466 1719 in
492 1685 576 1720 cute
599 1682 761 1718 curanda
783 1681 868 1732 plus
886 1694 1006 1735 aequo
1025 1686 1182 1733 operata
1200 1683 1375 1733 juventus
1392 1680 1451 1732 (2,
1472 1681 1575 1731 30.),

74 1751 289 1803 pulchrum
303 1749 437 1802 suerit
461 1749 505 1786 in
532 1747 677 1785 medios·
704 1748 871 1786 domim
896 1749 978 1787 dies
1005 1757 1043 1787 et
1068 1750 1144 1788 Ad
1166 1750 1369 1801 strepitum
1401 1747 1576 1786 citharae

77 1826 269 1862 cessatum
295 1817 434 1855 ducere
458 1819 648 1854 curam.“

187 1885 234 1924 V.
261 1886 315 1927 26
338 1906 386 1916 Ἶ-
408 1885 475 1930 30.
503 1891 542 1921 et
563 1887 694 1921 tamen
716 1904 773 1910 --
789 1897 952 1933 parcere
973 1890 1104 1934 prato.
1144 1883 1361 1924 Sententia:
1388 1881 1464 1932 „In
1490 1882 1575 1919 villa

77 1953 217 1991 Sabina
241 1964 373 2003 parum
397 1955 462 1990 ant
487 1951 577 1989 nihil
602 1950 821 2002 voluptatis,
850 1955 890 1989 at
910 1952 1003 1989 satis
1020 1951 1271 1990 molestiarum
1288 1951 1574 1999 laborumque.“

77 2020 185 2059 Hanc
211 2019 320 2063 villici
358 2019 542 2069 querelam
575 2019 715 2071 primus
751 2019 785 2056 si
815 2032 891 2057 non
924 2019 1122 2070 Cmquius
1135 2015 1197 2069 **)
1235 2019 1295 2057 vel
1334 2018 1573 2061 Torrentius,

184 2186 226 2234 ¹⁸)
253 2191 459 2236 Quanquam
475 2191 613 2236 taedet,
642 2203 687 2225 ex
715 2194 838 2225 nostro
865 2197 981 2225 tamen
1005 2191 1169 2225 instituto
1197 2187 1491 2224 commemoranda
1515 2190 1573 2220 est.

77 2244 164 2279 tin
180 2246 372 2282 Britamzia'
386 2247 594 2293 explicatio,
624 2259 693 2294 qua
711 2247 821 2281 verba
837 2252 955 2281 terrae
976 2247 1098 2292 grmn‘s
1123 2257 1199 2280 cum
1227 2257 1326 2290 seqq.
1359 2245 1572 2288 conjungere

80 2300 227 2336 mavult:
253 2304 345 2346 „Tu
362 2309 476 2338 autem
493 2309 611 2339 terrae
630 2304 750 2349 gravis
770 2314 826 2347 es,
854 2302 913 2348 qui
932 2314 1008 2337 eam
1025 2313 1168 2337 accuses
1184 2307 1225 2335 ut
1242 2313 1311 2335 non
1331 2300 1479 2333 feracem
1497 2298 1571 2332 vini

81 2360 119 2390 et
134 2358 249 2390 tamen
264 2368 371 2403 urges
390 2361 536 2395 colendo
547 2387 558 2405 ‚
576 2361 640 2396 sed
656 2360 905 2405 negligenter“
921 2366 990 2396 etc.

162 2417 226 2465 ¹⁸¹*)
247 2422 430 2466 cnm-aius.
447 2426 558 2470 „haee
571 2439 641 2462 non
656 2427 770 2468 serio,
788 2431 828 2460 ut
841 2427 1096 2470 interpretatur
1109 2423 1296 2456 Lambinus
1313 2423 1356 2465 (i.
1371 2434 1404 2456 e.
1425 2433 1570 2468 „quam-

82 2476 137 2510 vis
156 2487 273 2521 agrum
288 2489 398 2512 meum
414 2477 575 2517 fastidias
599 2483 660 2517 vel
685 2481 840 2528 quamvis
866 2482 979 2515 locum
1005 2479 1108 2513 istum
1133 2479 1306 2522 sterilem,
1334 2479 1512 2514 desertum
1532 2485 1570 2514 et

82 2533 247 2566 incultum
271 2544 348 2567 esse
374 2534 492 2580 dicas,
521 2543 560 2572 tn
583 2542 700 2573 tamen
728 2549 830 2580 arva,
857 2548 945 2583 qnae
966 2537 1037 2581 jam
1056 2533 1190 2579 pridem
1219 2545 1286 2567 non
1312 2535 1452 2569 fuerant
1475 2536 1570 2570 culta

83 2593 144 2623 aut
161 2590 275 2632 fossa,
298 2589 455 2640 studiose
474 2596 511 2625 et
527 2593 665 2628 assidue
682 2595 792 2637 fodis,
812 2592 946 2638 subigis
966 2598 1003 2626 et
1020 2589 1176 2633 colis.“),
1196 2590 1259 2623 sed
1273 2590 1475 2636 accipienda
1489 2597 1571 2626 sunt

82 2644 445 2689 προκαταληπτικῶς,
471 2647 568 2682 velut
585 2661 606 2683 a
622 2650 741 2684 villico
762 2649 896 2694 scripta
913 2651 974 2682 aut
991 2645 1153 2681 nunciata
1177 2645 1324 2682 Horatio
1344 2647 1382 2682 in
1399 2648 1453 2683 sui
1469 2648 1569 2684 labo·

80 2701 131 2735 ris
150 2700 477 2736 commendationem
495 2707 533 2736 et.
549 2704 625 2748 agri
650 2705 952 2740 infecunditatem:
984 2707 1109 2747 estque
1133 2702 1266 2737 ironica
1291 2705 1567 2740 commemoratio

83 2767 224 2802 operum
250 2756 378 2801 villici,
407 2769 475 2792 non
494 2758 677 2794 referenda
701 2762 746 2796 ad
771 2759 941 2805 epistolae
965 2758 1122 2801 initium,
1145 2770 1242 2803 quem
1266 2764 1305 2794 tu
1326 2762 1470 2806 fastidis
1483 2768 1565 2805 etc„

83 2813 144 2846 sed
170 2815 214 2848 ad
241 2814 313 2848 odii
338 2825 493 2857 causam,
521 2826 641 2860 nempe
669 2823 706 2850 et.
730 2818 821 2860 quod
849 2816 1002 2860 angula
1021 2815 1081 2849 iste
1098 2818 1194 2860 seret
1217 2818 1312 2851 etc.“
1349 2817 1566 2854 Torrentius:
