1910 3138
119 179 175 222 53

547 177 687 217 LIBRI
712 178 744 217 1.
799 175 1056 216 EPISTOLA
1087 176 1220 220 XVIII,

1554 173 1637 215 401

187 292 326 350 Quen
362 291 567 338 damnosa
599 291 773 353 Venus,
805 306 928 352 quem
963 306 1172 352 praeceps
1199 292 1298 336 alea
1329 289 1478 349 nudat,

185 371 338 418 Gloria
369 385 491 431 quem
525 386 657 431 supra
690 374 804 416 viroe
842 375 885 416 et
916 374 1044 416 vestit
1080 375 1124 416 et
1152 373 1323 431 unguit,

185 451 325 508 Quem
357 453 477 495 tenet
501 452 672 511 argenti
709 452 800 495 sitis
827 452 1064 510 importuna
1095 451 1332 509 famesque,

143 577 148 581 ,
185 530 323 587 Quem
358 531 623 590 paupertatis
657 529 794 588 pudor
830 533 875 574 et
909 530 1041 590 fuga3
1073 530 1192 574 dives
1227 530 1388 573 amicus

185 608 333 669 Saepe
362 609 511 654 decem
538 610 651 653 vitiis
679 610 922 653 instructior
952 608 1040 652 ‘odit
1074 612 1118 652 et
1146 609 1309 666 horret,
1518 606 1521 607 ⁷
1584 607 1636 648 25

181 687 297 748 Aut,
331 690 369 733 si
403 702 488 733 non
517 688 631 746 odit,
667 689 782 747 regit
818 702 870 731 ac
910 688 1044 731 veluti
1078 690 1148 747 pia
1182 690 1320 731 mater

181 767 287 812 Plus
316 781 441 826 quam
471 779 520 809 se
549 779 704 825 sapere
735 770 777 809 et
806 767 1030 810 virtutibus
1058 780 1156 810 esse
1187 767 1374 826 priorem

181 847 287 892 Volt
314 849 358 890 et
386 847 446 890 ait
474 858 608 904 prope
630 857 759 888 vera:
790 844 958 904 „Meae
980 871 1039 878 —-
1061 845 1318 890 contendere
1343 844 1430 888 noli
1456 867 1512 874 --

182 925 419 972 stultitiam
448 925 665 983 patiuntur
693 938 796 983 opes
809 940 823 982 3
861 925 933 968 tibi
962 925 1143 984 parvula
1175 938 1246 967 res
1278 927 1366 967 est:

182 1005 293 1049 Arta
323 1003 446 1048 decet
473 1017 624 1047 sanum
653 1006 846 1047 comitem
882 1007 1013 1063 toga3
1050 1003 1196 1047 desine
1223 1015 1390 1046 mecum

182 1082 419 1130 certare-‘⁴
481 1082 770 1143 EutrapeluS,
802 1084 1048 1142 cuicumque
1082 1095 1240 1127 nocere
1268 1081 1456 1139 volebat,

114 1229 199 1264 dell.
215 1227 294 1275 (qui
308 1228 399 1273 der.)
419 1229 527 1263 Talb.
548 1228 628 1273 (qui
641 1229 732 1273 def.)
749 1229 852 1263 Baxt.

114 1286 179 1331 (ti)
191 1286 311 1324 Bentl.
326 1291 363 1320 et
378 1291 529 1320 recentt.
543 1287 619 1319 fere
630 1297 759 1320 omnes.
776 1286 854 1320 Me-

114 1341 264 1378 nudvel
281 1342 431 1384 Menuti.
454 1342 522 1376 Ms.
540 1343 649 1386 Cruq.
664 1339 700 1376 4.
718 1344 851 1376 Bersm.

116 1410 175 1434 uu.
204 1399 318 1434 Dorv.
345 1401 377 1434 1.
404 1399 505 1433 Dess.
525 1401 557 1433 1.
587 1399 667 1441 (sed
689 1411 782 1433 corr.
808 1399 852 1441 i),

117 1455 264 1490 Mnm‘ci.
291 1456 402 1502 Cruq.
420 1457 454 1490 7.
482 1455 546 1488 Fe.
575 1457 607 1497 1,
634 1456 671 1490 d.
697 1467 741 1490 m.
770 1454 855 1489 Mu-

116 1511 204 1547 neet‘.
222 1511 288 1546 Fe.
304 1514 337 1555 1,
352 1524 385 1546 e.
409 1511 551 1545 Μίηιίσί.
571 1511 637 1547 Fe.
650 1512 685 1553 3,
706 1511 741 1546 d.
759 1512 795 1554 7,
815 1512 853 1544 b.

47 1607 51 1610 ‚
118 1568 189 1602 Gn.
210 1568 246 1603 3.
264 1567 410 1603 Numici.
428 1567 517 1601 Mss.
537 1567 632 1611 vulg.
655 1579 711 1613 ap.
730 1568 854 1601 Lamb.

108 1623 227 1669 ,Cruq.
245 1626 281 1659 6.
301 1625 338 1659 7.
357 1624 392 1658 9.
412 1624 548 1657 Bersm.
566 1629 654 1659 tres.
670 1625 735 1658 Fe.
751 1624 853 1669 reliq.

114 1681 169 1716 1k.
191 1681 226 1716 6.
248 1679 357 1714 Orell.
378 1680 413 1714 d.
435 1680 552 1714 Berol.
575 1683 608 1715 1.
630 1683 664 1716 2.
686 1681 795 1714 DorV.
819 1682 853 1715 2.

115 1737 220 1771 Dese.
236 1738 270 1772 2.
287 1737 389 1770 Gott.
403 1738 437 1774 2.
459 1738 530 1770 Gn.
546 1737 578 1771 2.
595 1737 741 1772 Corbei.
755 1737 854 1771 Μοιι.

117 1805 151 1828 ο.
172 1792 382 1838 f.g.1.m
412 1793 576 1828 Rudolst.
604 1794 683 1829 cod.
704 1793 851 1828 Mentel.

116 1849 211 1885 Eud.
241 1854 332 1884 vett.
359 1850 439 1884 Ald.
465 1849 546 1884 501.
572 1851 628 1886 19.
655 1851 751 1886 Junt.
771 1847 852 1886 514.

117 1906 175 1941 19.
194 1906 277 1940 Ase-
301 1905 381 1941 519.
401 1906 447 1940 al.
472 1907 577 1940 etiam
596 1907 718 1942 Lamb.
739 1908 852 1943 Pulm.

116 1961 227 1997 Febr.
246 1962 321 2008 (qui
344 1963 435 2006 def.)
462 1962 570 1997 Torr.
598 1964 707 2009 Rutg.
734 1964 852 1997 Burm.

103 2018 205 2054 -mc,
227 2019 306 2054 val.
334 2018 519 2064 Praedia,
544 2020 736 2055 defendunt
757 2021 856 2055 Mar-

118 2073 178 2109 dl.
197 2080 235 2110 et
260 2074 404 2110 Fabric.
418 2102 428 2119 ,
454 2075 516 2110 sed
537 2076 675 2111 Minuci
696 2088 856 2122 compro-

117 2131 206 2166 bant
220 2132 329 2167 Torr.
350 2138 388 2166 et
412 2133 500 2166 Dae.
528 2132 661 2167 Minici.
689 2134 747 2168 Ita
771 2145 854 2167 con-

115 2187 186 2232 iee.
209 2188 416 2232 Lmbinus,
437 2188 587 2235 improb.
612 2189 719 2224 Torr.
747 2191 853 2224 Cete-

54 2259 61 2265 ·
118 2253 192 2278 m
214 2244 259 2279 de
291 2245 468 2279 scribendi
492 2245 630 2279 ratione
654 2246 791 2281 Minue.
816 2250 854 2279 et

117 2299 247 2335 Mz’nmt.
264 2301 311 2335 cf.
334 2303 445 2336 Drak.
464 2302 507 2336 ad
527 2302 611 2337 Liv.
632 2303 666 2346 2,
684 2299 744 2346 34,
765 2304 797 2340 1.
817 2302 852 2345 3,

119 2356 175 2398 26,
189 2355 226 2389 3.
241 2354 300 2400 40,
314 2357 372 2400 35,
387 2360 420 2394 2.
439 2358 506 2392 Sil.
521 2358 603 2392 Ital.
616 2359 652 2400 7,
667 2358 763 2401 386„
783 2357 854 2392 Mi-

117 2411 187 2445 m‘c.
201 2416 238 2444 et.
248 2411 381 2446 Manio.
394 2413 532 2448 Ruhnk.
543 2414 589 2448 ad
602 2414 694 2448 Vell.
709 2415 852 2448 Patere.

119 2469 153 2510 2,
175 2467 210 2501 8.
237 2467 377 2512 Gierig.
404 2469 447 2502 ud
473 2469 564 2503 Plin.
588 2470 707 2515 Epist.
727 2471 770 2512 7,
796 2471 852 2511 22,

120 2525 167 2565 2.,
185 2522 230 2556 de
245 2525 497 2567 permutatione
512 2525 645 2560 Μὶπιιο.
662 2532 699 2560 et
716 2525 854 2560 Numic.

121 2579 223 2613 Cort.
251 2579 295 2613 ad
322 2579 453 2616 Lucan.
481 2582 515 2622 6,
543 2582 622 2616 126.
660 2581 779 2616 Beier.
808 2580 851 2614 ad

122 2635 198 2668 Cic.
213 2635 257 2669 de
274 2635 347 2669 Off.
363 2635 397 2677 3,
414 2636 473 2678 30,
490 2637 569 2670 109.

899 1230 942 1263 V.
959 1230 1016 1265 22.
1036 1228 1176 1274 ung-uit.
1198 1226 1258 1261 Sic
1271 1238 1352 1261 mss.
1371 1227 1482 1261 Pulm.
1503 1227 1536 1263 1.
1553 1222 1587 1259 4.
1601 1224 1638 1261 3.

898 1287 1032 1320 Bersm.
1062 1295 1120 1319 un.
1147 1285 1252 1318 Dess.
1272 1287 1307 1319 1.
1334 1285 1438 1317 Gott.
1462 1284 1497 1317 1.
1524 1280 1636 1315 Goth.

898 1344 1054 1388 (unguet
1086 1352 1262 1386 suprascr.
1296 1341 1326 1384 ι’)
1366 1339 1505 1374 Motell.
1544 1338 1638 1375 Edd.

898 1400 1003 1433 Baxt.
1030 1397 1144 1431 Bentl.
1166 1398 1256 1432 Cun.
1286 1398 1398 1430 Gesn.
1421 1394 1560 1429 Wakef.
1579 1394 1638 1437 aL,

898 1457 991 1490 conf.
1009 1457 1040 1497 1,
1063 1455 1120 1489 29.
1140 1460 1259 1499 urget.
1283 1451 1364 1496 (s‘ed
1392 1464 1482 1487 corr.
1504 1451 1637 1497 unget)

899 1512 998 1546 Mon.
1013 1512 1051 1544 b.
1066 1530 1115 1535 —
1134 1511 1178 1544 V.
1194 1510 1252 1545 23.
1266 1510 1470 1555 inportuna.
1484 1508 1556 1542 ms.
1569 1508 1638 1542 Be-

898 1569 966 1603 rol.
982 1570 1014 1602 1.
1034 1569 1139 1601 Dess.
1155 1568 1188 1601 1.
1205 1568 1238 1602 2.
1258 1586 1305 1591 -
1325 1566 1367 1599 V.
1386 1562 1443 1600 24.
1459 1568 1639 1610 maisugu.

899 1625 969 1659 Ms.
989 1625 1051 1658 Fe.
1067 1623 1101 1666 5,
1116 1623 1143 1657 f.
1160 1641 1208 1647 —
1233 1623 1278 1657 V.
1295 1624 1351 1657 26.
1366 1622 1413 1656 Et
1425 1622 1464 1655 si.
1484 1621 1555 1656 ms.
1570 1620 1636 1654 Fe.

899 1680 933 1724 5,
948 1681 975 1714 f.
995 1683 1049 1716 An
1063 1680 1103 1714 si.
1123 1679 1222 1716 Mon.
1235 1679 1262 1717 f.
1280 1678 1381 1713 Aesi.
1401 1678 1515 1712 Orell.
1529 1677 1565 1711 d.
1584 1696 1633 1701 —

900 1743 933 1772 et
947 1737 1064 1772 veluti.
1083 1736 1219 1770 Bersm.
1233 1746 1293 1769 un.
1308 1736 1414 1769 Dese.
1431 1737 1466 1770 1.
1486 1739 1549 1768 aut
1567 1733 1636 1766 vel-

898 1794 960 1828 uti.
994 1795 1129 1828 Bersm.
1155 1803 1215 1827 un.
1240 1792 1352 1826 Dorv,
1373 1793 1407 1826 1.
1434 1811 1483 1817 —
1515 1790 1559 1822 V.
1579 1790 1635 1824 28.

902 1850 993 1885 Vult.
1022 1850 1119 1895 Lips.
1136 1849 1171 1883 3.
1199 1868 1247 1874 ——
1276 1849 1326 1883 ait
1350 1853 1396 1884 et.
1422 1847 1494 1882 Mn.
1516 1846 1584 1880 Fe.
1600 1844 1635 1889 5,

898 1917 931 1940 a.
950 1912 990 1942 ut
1006 1907 1067 1941 ait.
1085 1907 1152 1940 Fe.
1172 1906 1207 1949 7,
1226 1906 1262 1939 b.
1288 1910 1322 1939 et
1345 1904 1434 1950 agit.
1456 1902 1569 1939 Orell.
1594 1902 1634 1936 S.

898 1963 978 1997 cod.
1006 1962 1155 1997 Mentel.
1176 1981 1232 1989 —-
1253 1973 1351 1995 meae
1372 1966 1464 1995 cont.
1493 1960 1582 1993 Mss.
1598 1963 1636 1991 et

898 2020 981 2054 edd.
997 2019 1095 2065 vulg.
1110 2019 1155 2053 ab
1167 2017 1336 2052 Ald.501.
1351 2017 1532 2050 nuileio-om.
1547 2015 1635 2049 Mss.

899 2077 1022 2111 Lamb.
1053 2078 1085 2119 1,
1107 2087 1197 2110 omn.
1219 2080 1255 2108 et
1278 2073 1357 2115 alii,
1386 2073 1495 2116 Cruq.
1514 2082 1574 2104 un.
1598 2074 1635 2102 et

898 2133 960 2167 alt.
972 2133 1105 2167 Bersm.
1121 2137 1196 2166 tres
1212 2130 1325 2164 Orell.
1340 2129 1376 2163 d.
1392 2129 1492 2174 prim.
1514 2125 1634 2160 Guels.

899 2192 931 2223 1.
950 2189 1047 2223 Mon.
1064 2201 1096 2223 e.
1113 2188 1206 2222 Edd.
1228 2186 1308 2220 Asc.
1320 2185 1401 2219 519.
1422 2183 1542 2217 Lamb.
1557 2182 1634 2226 (qui

897 2245 988 2288 def.)
1008 2244 1098 2279 Min.
1120 2243 1232 2278 Chab.
1250 2243 1381 2276 Bersm.
1400 2250 1531 2273 mecum
1541 2243 1633 2271 cont.

896 2301 986 2338 Mss.
1002 2301 1072 2334 Gn.
1089 2302 1123 2335 2.
1139 2299 1174 2333 3.
1192 2296 1227 2332 4.
1249 2298 1367 2342 [Gott.
1384 2297 1417 2330 2.
1435 2294 1513 2338 nec]
1534 2293 1633 2338 Lips.

898 2359 931 2391 1.
951 2357 1049 2391 Mon.
1066 2356 1089 2389 1.
1103 2367 1149 2389 m.
1168 2355 1314 2388 Santen.
1334 2352 1424 2397 [him
1448 2350 1523 2383 noli
1538 2355 1632 2384 cont.

896 2413 1061 2455 mecum]
1087 2411 1181 2445 Edd.
1208 2410 1307 2442 Flor.
1330 2406 1411 2442 482.
1438 2406 1526 2440 Ven.
1549 2403 1631 2440 483.

896 2470 953 2504 86.
968 2469 1025 2503 92.
1047 2469 1134 2511 (non
1152 2466 1223 2507 79,
1242 2474 1330 2508 quae
1343 2462 1461 2504 Meae,
1480 2472 1546 2495 nec
1559 2463 1632 2506 81,

897 2535 986 2570 quae
1004 2536 1059 2557 me
1072 2527 1163 2557 cont.
1193 2520 1319 2562 habet)
1344 2518 1446 2563 Lips.
1461 2514 1543 2552 492.
1566 2518 1633 2552 Ar-

896 2585 994 2625 gent.
1018 2578 1098 2613 515.
1134 2578 1230 2611 Junt.
1262 2571 1343 2609 514.
1375 2574 1433 2609 19.
1467 2573 1630 2610 Britann.

896 2636 976 2671 520.
995 2654 1042 2659 -
1062 2634 1104 2667 V.
1122 2633 1177 2668 29.
1206 2631 1360 2665 Meaec.
1378 2641 1414 2664 π.
1434 2629 1631 2666 stultitiae·

176 2691 220 2726 V.
245 2693 301 2728 21.
331 2693 535 2736 dampnosa.
567 2691 628 2725 Sic
650 2704 713 2726 ms.
742 2692 795 2724 Ik.
818 2692 851 2725 1.
893 2691 1077 2737 patiuntur
1090 2700 1189 2734 opes,
1218 2686 1305 2721 wi.
1319 2685 1388 2720 Ed.
1402 2686 1564 2722 Praedie.
1578 2706 1626 2713 —

122 2745 226 2782 Dese.
248 2750 280 2782 1.
300 2749 333 2783 2.
352 2748 387 2782 3.
408 2747 508 2792 Lips.
527 2758 617 2781 omn.
640 2747 781 2781 Morell.
802 2765 849 2771 —

123 2812 222 2845 quen
246 2804 283 2838 in
307 2816 485 2850 praeceps,
513 2802 583 2836 Ms.
605 2803 673 2837 Fe.
698 2805 730 2845 1,
749 2807 777 2837 t.
797 2821 855 2827 --

124 2859 241 2894 nuda.
270 2860 322 2895 1k.
353 2859 387 2896 5.
418 2862 598 2905 dampnat.
628 2859 725 2894 Mon.
751 2858 776 2892 i.
802 2877 848 2884 -

897 2747 942 2780 V.
962 2746 1021 2780 30.
1046 2747 1148 2779 Arta.
1170 2743 1259 2778 Mss.
1290 2743 1415 2789 optimi
1433 2755 1492 2788 ap.
1517 2743 1628 2778 Torr.

897 2802 951 2836 lk.
974 2803 1006 2835 1.
1031 2800 1148 2835 Berol.
1165 2801 1199 2834 1.
1225 2800 1330 2838 Dess,
1354 2802 1387 2835 1.
1403 2801 1435 2834 2.
1460 2799 1495 2833 3.
1517 2799 1627 2834 Goth.

900 2859 1003 2892 Gott.
1024 2860 1055 2892 1.
1074 2858 1107 2892 2.
1127 2855 1226 2902 Lips.
1243 2858 1276 2891 1.
1299 2858 1333 2892 2.
1348 2856 1384 2891 3.
1407 2854 1629 2906 Edd.Bent1.
