1910 3138
280 228 364 270 468
401 226 682 268 COMMENT.
696 226 753 266 IN
770 227 896 266 HOR.
918 226 1066 266 LIB.1.
1093 227 1260 270 EPIST.
1276 227 1699 269 DUODEVICESIM„
1725 229 1810 286 120

278 343 488 394 placidam
523 341 774 392 quietamque
812 341 1090 380 constantiam.
1145 341 1230 381 Juv.
1266 342 1340 391 10,
1379 340 1477 384 364.
1525 342 1570 380 In
1594 355 1701 393 seqq.
1735 342 1811 381 trin

285 412 499 450 dubitanter
528 409 658 461 ponit,
698 408 832 459 quibus
861 408 945 459 quis
973 409 1023 447 ad
1050 409 1151 447 illam
1184 409 1382 461 pervenire
1409 413 1532 459 queat.
1582 409 1810 448 Hominibus

285 480 381 518 enim
402 477 527 515 omnia
555 477 604 515 ad
632 476 797 516 honores
829 481 868 516 et
896 477 1052 527 gloriam
1082 478 1148 529 (6,
1173 477 1245 529 49)
1273 475 1524 516 referentibus
1548 478 1658 528 quasi
1686 491 1810 530 oppo-

285 550 424 584 nuntur
452 548 492 584 et
527 545 696 583 homines
730 546 945 596 negotiosi,
985 547 1049 598 qui
1080 550 1120 585 ut
1146 551 1374 584 mercatores
1409 545 1463 584 illi
1490 544 1558 596 (1,
1585 543 1658 596 45)
1695 545 1811 583 lucra

285 617 474 652 sectantur
501 611 588 663 (12,
625 612 691 655 14.
723 613 799 652 od.
824 612 875 664 4,
907 615 981 663 12,
1012 615 1078 656 25.
1117 615 1199 653 Sat.
1230 616 1278 666 2,
1306 615 1353 664 5,
1383 615 1447 656 82.
1482 612 1597 651 dulce
1623 612 1812 652 lucellum

283 682 384 733 apud
411 680 572 722 Phaedr.
600 682 642 732 3,
672 682 768 733 prol.
800 681 886 733 26.)
930 686 970 721 et
998 683 1130 733 otiosi,
1169 682 1232 733 qui
1258 681 1389 734 procul
1416 681 1464 719 ab
1502 682 1603 720 omni
1630 682 1687 720 rei
1710 682 1811 734 pub-

281 748 376 787 licae
401 750 663 801 procuratione
693 750 751 788 vel
779 750 992 789 divitiarum
1025 751 1150 789 studio
1178 750 1462 802 principumque
1489 748 1585 788 aulis
1607 750 1722 788 vitam
1745 749 1813 789 de·

283 822 399 868 gunt,
429 818 533 869 quod
569 821 630 856 est
658 826 848 857 secretam
880 821 954 856 iter
987 826 1026 855 et
1049 818 1236 870 fallentis
1261 814 1448 870 semita*)
1470 818 1587 859 vitae.
1635 817 1814 856 Ceterum

286 886 485 924 Dacerias
508 885 634 924 Lollio
662 890 771 938 patre
803 887 862 925 hic
893 890 936 926 ut
972 887 1072 926 solet
1099 887 1287 925 intellecto
1313 888 1366 926 ita
1388 886 1571 937 disputat:
1608 885 1696 936 „Ce
1715 885 1815 925 n'est

285 967 354 1006 pas
383 954 419 993 le
449 955 600 993 dessein
633 954 824 994 d'Horace
853 957 901 994 de
930 956 1117 1006 degouter
1141 954 1287 993 Lollius
1321 955 1369 992 de
1396 967 1468 992 son
1493 953 1665 1005 Emploi,
1703 958 1743 993 et
1765 954 1815 993 de

283 1021 318 1061 le
345 1026 476 1074 porter
502 1023 525 1062 ὲ
555 1024 695 1074 quitter
730 1024 765 1062 la
801 1024 906 1062 Cour
938 1037 1035 1075 pour
1070 1023 1162 1062 aller
1189 1023 1293 1061 vivre
1323 1023 1417 1061 dans
1453 1022 1489 1061 la
1517 1023 1691 1061 retraite:
1733 1022 1815 1061 cela

283 1091 401 1128 seroit
435 1090 670 1142 imprudent,
705 1091 963 1131 mal-honnete
998 1096 1037 1130 et
1075 1091 1263 1130 contraire
1295 1090 1416 1130 meme
1444 1091 1467 1131 ὲ
1497 1103 1559 1129 ses
1597 1091 1813 1129 sentimens.

282 1159 364 1197 Son
390 1159 457 1199 but
485 1164 546 1198 est
568 1161 619 1198 de
642 1160 691 1197 lui
721 1160 814 1198 faire
842 1161 1042 1198 concevoir
1067 1174 1140 1211 que
1165 1160 1198 1197 si
1225 1159 1260 1197 le
1289 1158 1469 1197 veritable
1497 1157 1664 1196 bonheur
1694 1171 1743 1198 ne
1771 1171 1815 1197 se

283 1232 415 1266 trouve
445 1241 518 1280 que
548 1230 643 1267 dans
677 1228 714 1266 la
742 1228 922 1279 retraite,
954 1228 980 1265 il
1011 1241 1059 1266 ne
1088 1228 1171 1266 doit
1198 1227 1301 1265 avoir
1333 1226 1482 1266 d'autre
1519 1226 1588 1265 but
1618 1227 1713 1264 dans
1741 1239 1814 1265 son

283 1295 455 1347 Emploi;
495 1300 533 1334 et
559 1310 628 1348 par
651 1296 684 1336 Ιὲ
711 1296 737 1334 il
767 1296 817 1334 lui
853 1301 941 1334 veut
975 1296 1067 1334 saire
1096 1295 1347 1334 adroitement
1383 1295 1567 1334 entendre
1605 1294 1697 1346 qu'il
1733 1295 1814 1333 doit

283 1364 459 1402 moderer
483 1378 553 1403 son
586 1364 764 1402 ambition
799 1368 838 1403 et
866 1377 937 1402 son
965 1365 1133 1414 avarice,
1167 1363 1327 1416 puisqne
1356 1363 1449 1401 dans
1478 1375 1550 1401 une
1584 1363 1645 1401 vie
1674 1363 1814 1402 retire'e

286 1433 341 1471 les
376 1432 563 1472 richesses
596 1437 635 1471 et
674 1433 729 1470 les
766 1432 956 1470 honneurs
995 1436 1083 1470 sont
1119 1430 1242 1483 plutot
1280 1444 1331 1468 un
1366 1430 1524 1469 sardeau
1561 1430 1813 1480 incommode,

283 1500 400 1552 qu'un
425 1515 581 1540 secours
609 1502 705 1539 dont
739 1514 788 1538 on
816 1500 868 1538 ait
904 1499 1083 1538 besoin.“
1140 1497 1192 1537 At
1222 1497 1344 1536 Poeta
1376 1498 1427 1536 nil
1456 1498 1579 1547 aliud,
1615 1497 1688 1536 nisi
1715 1498 1814 1536 viam

284 1569 364 1607 vult
389 1575 622 1619 monstrare,
658 1582 731 1620 qua
757 1567 902 1607 Lollius
933 1581 1003 1607 suo
1037 1570 1236 1605 contentus
1261 1567 1339 1605 vita
1366 1565 1478 1604 beata
1505 1565 1581 1604 frui
1605 1568 1742 1616 queat,
1772 1570 1814 1605 ut

285 1650 362 1674 non
389 1651 484 1689 opus
512 1638 582 1688 sit,
621 1637 838 1686 Horatium,
883 1637 985 1687 quod
1013 1635 1166 1686 quidem
1196 1634 1400 1672 Baxterus
1437 1634 1576 1684 sensit,
1613 1634 1752 1672 sensim
1774 1635 1814 1672 in

283 1704 579 1755 Epicureismum
609 1706 846 1744 delabentem
878 1705 1019 1743 videre.
1076 1703 1159 1741 Jam
1185 1703 1278 1741 haec
1302 1701 1385 1754 ipsa
1418 1715 1480 1740 res
1510 1714 1595 1740 eum
1621 1702 1814 1752 admonet,

283 1784 387 1810 suam
415 1774 532 1823 ipsius
572 1775 755 1812 rationem
791 1773 978 1812 sentiendi
1006 1759 1185 1822 tan'quam
1215 1770 1306 1809 utile
1339 1769 1547 1821 exemplum
1585 1781 1831 1821 proponere„

396 1839 444 1878 V·
486 1840 566 1882 104
590 1864 644 1871 —
672 1843 763 1882 106.
817 1843 891 1879 Me
924 1842 1073 1892 quoties
1101 1862 1157 1868 -—
1190 1837 1380 1890 precari?
1436 1839 1507 1875 Me
1534 1837 1687 1886 reficit,
1724 1837 1749 1876 ἰ.
1778 1850 1811 1879 e.

281 1907 442 1946 animum
465 1913 505 1946 et
534 1922 670 1959 corpus
696 1915 862 1957 recreat,
891 1909 975 1958 vel,
1002 1912 1045 1945 ut
1068 1908 1120 1945 ait
1140 1906 1266 1947 Schol.
1295 1906 1432 1956 Cruq.:
1463 1905 1641 1955 „quoties
1664 1906 1701 1943 in
1727 1917 1813 1944 meo

283 1987 377 2025 agro
407 1988 490 2012 sum
518 1975 706 2013 Sabino.“
759 1977 839 2014 Cic.
869 1990 927 2028 pr.
956 1976 1058 2012 Sest.
1087 1975 1155 2023 69,
1186 1974 1280 2014 147.
1317 1973 1477 2023 potestis
1506 1986 1567 2010 me
1591 1974 1748 2022 reficere
1776 1981 1814 2010 ec

283 2055 471 2080 renovare
494 2055 575 2079 rem
599 2042 820 2093 publicam.
870 2044 942 2081 Alii
971 2043 1147 2091 frigidum
1173 2053 1293 2091 aquae
1323 2044 1452 2092 potum
1478 2038 1622 2089 (Bur-m.
1654 2041 1703 2078 ad
1730 2040 1812 2079 Ne-

282 2111 438 2150 mesian.
485 2110 630 2161 Cyneg.
652 2113 788 2163 217.),
817 2112 879 2150 alii
898 2123 1032 2162 aquam
1057 2110 1277 2147 medicatam
1301 2108 1525 2158 intelligunt.
1571 2108 1631 2147 De
1656 2103 1811 2159 Digen-

282 2180 339 2216 tia
363 2179 444 2216 rivo
472 2179 629 2216 diximus
654 2180 702 2216 ad
733 2181 806 2225 16,
833 2181 883 2221 12
900 2202 958 2207 —-
973 2177 1038 2219 14.
1057 2200 1113 2206 —
1131 2177 1177 2220 V.
1200 2177 1292 2217 105.
1331 2177 1455 2227 Quem.
1479 2174 1674 2214 Mandela
1701 2173 1811 2222 bibit,

282 2259 359 2284 nou
387 2250 486 2296 tam,
523 2250 565 2285 ut
589 2247 693 2286 multi
722 2248 1036 2299 interpretantur,
1073 2245 1167 2296 „qui
1193 2245 1292 2282 rivus
1317 2245 1512 2283 Mandelae
1539 2247 1668 2295 potum
1698 2254 1811 2294 prae-

282 2315 391 2365 bet,“
412 2328 522 2366 quam
543 2320 736 2367 poetarum
751 2328 855 2354 more
875 2327 1001 2367 „quae
1021 2312 1231 2364 (Mandela)
1249 2313 1295 2350 ad
1313 2312 1527 2362 Digentiam
1543 2311 1616 2348 sita
1635 2315 1694 2364 est
1705 2310 1811 2360 **).“

393 2464 432 2510 *)
457 2466 511 2500 De
531 2477 595 2501 usu
612 2466 743 2500 itineris
761 2470 800 2500 et
817 2466 959 2501 semitae
981 2466 1054 2501 vid.
1082 2465 1199 2500 Burm.
1221 2465 1265 2498 ad
1287 2463 1436 2498 Phaedr.
1456 2463 1491 2507 3,
1515 2463 1606 2508 prol.
1629 2462 1689 2497 38.
1718 2462 1813 2510 Doe-

286 2523 374 2558 derl.
404 2523 490 2567 Syn.
511 2524 574 2559 IV.
595 2535 631 2568 p.
648 2524 706 2558 66.
737 2527 772 2557 et
791 2523 835 2557 de
847 2524 1003 2567 fallente
1020 2522 1112 2567 vita,
1139 2522 1163 2558 i.
1184 2533 1216 2556 e.
1238 2522 1406 2565 obscura,
1436 2520 1569 2554 latente
1588 2531 1668 2555 ann.
1691 2518 1735 2553 ad
1756 2519 1811 2562 17,

287 2581 343 2613 10.
366 2580 423 2622 16,
444 2581 500 2616 61.
534 2580 655 2614 Lamb.
678 2579 723 2613 ad
745 2580 816 2614 Od.
843 2581 873 2623 1,
897 2581 951 2626 10,
974 2581 1029 2614 11.
1052 2581 1107 2615 12.
1134 2578 1265 2613 Heind.
1285 2578 1328 2612 ad
1349 2578 1424 2613 Sat.
1441 2579 1475 2621 2,
1498 2578 1531 2620 2,
1554 2578 1609 2613 12.
1635 2575 1746 2612 Drak.
1767 2573 1812 2609 ad

285 2635 351 2670 Sil.
376 2636 455 2670 Ital.
480 2637 534 2679 17,
555 2637 634 2672 560.
656 2641 694 2670 et
721 2637 764 2670 ad
796 2636 875 2672 Liv.
895 2633 953 2681 41,
978 2638 1010 2680 2,
1030 2639 1063 2672 2.
1094 2636 1233 2670 Ruhnk.
1262 2635 1307 2669 ad
1336 2635 1484 2669 Terent.
1512 2633 1621 2668 Andr.
1643 2634 1676 2676 1,
1697 2633 1732 2674 2,
1749 2629 1808 2665 33.

285 2692 456 2726 GossraV.
487 2694 533 2727 ad
559 2693 660 2738 Virg.
680 2693 766 2726 Aen.
787 2693 821 2736 7,
842 2693 924 2728 350.
956 2693 1122 2727 Doederl.
1151 2692 1195 2728 ad
1215 2692 1304 2726 Tac.
1335 2692 1422 2726 Ann.
1445 2692 1499 2735 11,
1522 2691 1580 2726 12.
1603 2694 1641 2723 et
1669 2687 1712 2722 de
1729 2687 1811 2732 ipsa

286 2748 461 2783 sententia
485 2750 527 2784 C.
550 2750 699 2784 Passov.
725 2750 773 2785 N.
792 2749 870 2784 103.

368 2812 429 2859 **)
460 2817 560 2851 Voss.-
587 2818 730 2862 „Wann
751 2816 840 2850 mich
859 2816 954 2850 labet
975 2817 1032 2850 ein
1059 2815 1185 2851 Trunk
1204 2826 1265 2850 aus
1287 2815 1365 2849 dem
1384 2814 1512 2849 kiihlen
1531 2807 1807 2856 Digentiabiich-

288 2868 356 2902 lein
369 2896 377 2912 ,
408 2872 572 2907 welches
596 2874 763 2908 Mandela
785 2873 860 2908 sich
878 2873 1036 2919 schopft,
1062 2873 1122 2908 die
1140 2884 1210 2907 von
1229 2872 1418 2918 Bergl'rost
1446 2865 1684 2904 schaudernde
1703 2864 1807 2898 Dorf-

287 2925 441 2960 sebast.“
464 2929 640 2964 Giinther:
659 2931 799 2975 „Wenn
816 2929 902 2965 mich
918 2929 977 2965 die
990 2930 1139 2965 labende
1150 2930 1257 2964 Fluth
1274 2929 1337 2963 des
1347 2926 1482 2962 Baches
1491 2920 1655 2968 Digentia
1670 2920 1802 2964 kfihlet,
