1910 3138
279 209 363 253 428
406 213 688 252 COMMENT.
710 212 767 252 IN
784 211 910 255 HOR.
934 211 1033 251 Lm.
1055 213 1082 251 1.
1120 213 1286 252 EPIST.
1306 213 1713 255 DUODEVICESm.
1751 215 1818 257 ¹80

280 327 442 365 laudatis
466 339 555 363 vero
582 326 793 376 proximum
812 330 881 367 est.
925 326 1019 365 Eam
1047 338 1126 364 rem
1153 330 1286 377 utpote
1314 340 1412 380 quae
1435 329 1485 367 ad
1504 341 1575 367 nos
1598 333 1664 367 aut
1681 340 1815 380 pamm

281 399 347 433 aut
375 393 462 432 nihil
490 393 679 444 pertineat
705 393 807 445 (Sat.
838 396 878 441 6,
906 395 1001 446 73),
1042 396 1078 432 in
1109 395 1180 434 hoc
1208 394 1378 443 homine,
1405 408 1483 441 non
1507 397 1685 447 quoniam
1710 400 1816 434 uter-

281 475 353 512 que
385 460 592 511 gladiator,
630 466 669 499 ut
698 463 873 514 opinatur
901 462 1138 509 Fabricius,
1177 463 1467 502 obscurissimus
1486 464 1629 514 fuerit,
1669 464 1817 502 deridet

279 530 401 566 Poeta
422 528 681 580 philosophus,
725 530 890 579 Similia,
921 544 1017 582 quae
1038 532 1074 568 in
1096 531 1331 570 sermonibus
1351 531 1462 570 obvia
1477 536 1588 581 sunt,
1611 532 1816 584 reprehen-

280 598 336 634 dit
363 596 524 648 Epictet.
555 597 708 635 Enchir.
736 598 806 648 33,
837 600 875 641 2.
903 599 955 638 ib.
985 599 1131 650 Heyne.
1190 599 1293 638 Idem
1329 612 1455 637 rerum
1489 601 1816 639 minutissimarum

278 666 336 703 vel
364 677 545 715 nugarum
579 665 745 703 studium
774 666 813 703 in
843 669 1103 706 controversia
1130 668 1180 706 de
1211 669 1271 706 via
1297 667 1438 706 Minuci
1473 672 1513 706 et
1549 669 1647 720 Appi
1674 669 1817 719 agitata

278 737 452 782 notatur,
485 733 555 770 sed
580 736 622 770 ut
649 733 697 772 de
726 733 797 771 hac
821 736 945 773 omnia
974 740 1065 774 sunt
1096 741 1189 774 nota
1218 735 1324 786 (ann.
1355 736 1484 785 ad76,
1515 737 1583 778 26.
1621 738 1684 786 11,
1714 733 1816 786 11.),

277 801 331 837 ita
358 800 406 838 de
433 800 516 850 illa,
547 799 670 852 (eujus
696 806 851 852 praeter
879 803 1101 842 Ciceronem
1130 804 1179 842 ad
1203 803 1316 842 Attie.
1336 805 1378 855 9,
1399 806 1439 845 6.
1470 803 1571 842 nulla
1599 803 1641 841 fit
1657 802 1815 852 mentio)

278 868 390 906 dubia
419 872 535 920 atque
562 869 718 909 incerta.
778 871 883 909 Viam
913 872 1143 908 Manciam
1177 871 1352 910 Orelliue
1379 872 1624 911 Sunadonum
1646 869 1815 921 aliosque

277 942 429 975 secutus
461 950 544 976 eam
572 939 684 986 dicit,
713 952 827 989 quam
859 939 895 978 T
897 941 922 980 i.
951 939 1138 978 Minucius
1166 940 1382 991 Augurinus
1412 954 1491 983 cos.
1519 953 1557 981 a.-
1584 953 1622 979 u.
1652 952 1687 980 c.
1718 937 1815 980 449.

276 1019 344 1056 per
369 1010 529 1043 tractum
559 1011 799 1045 montuosum
823 1008 903 1058 agri
936 1007 1067 1045 Sabini
1095 1012 1134 1046 et
1165 1007 1305 1046 Samnii
1333 1009 1532 1047 muniverit
1555 1020 1749 1060 quaeque,
1777 1009 1818 1044 nt

278 1074 386 1112 addit
415 1074 684 1121 Sanadonus,
712 1077 794 1115 viae
818 1076 963 1128 Appiae
973 1075 1014 1126 *)
1041 1076 1249 1115 Beneventi
1274 1077 1472 1128 conjuncta
1500 1076 1627 1117 fuerit.
1670 1073 1731 1113 De
1753 1073 1816 1112 illo

278 1142 372 1179 «lixit
399 1140 530 1180 Livius
557 1143 598 1192 9,
629 1141 697 1190 44,
729 1146 766 1184 2.
796 1144 862 1185 15.
891 1143 975 1182 coll.
996 1143 1030 1181 F
1033 1148 1105 1182 ast.
1132 1144 1296 1195 Capitol.
1330 1146 1379 1183 ad
1403 1157 1439 1186 a.
1464 1143 1575 1193 448„
1604 1142 1674 1181 sed
1693 1154 1817 1192 neque

278 1201 338 1247 hic
366 1222 491 1260 neque
525 1211 723 1262 quisquam
762 1212 855 1250 alius
891 1216 1062 1250 veterum
1096 1214 1321 1264 scriptorum
1356 1212 1466 1264 hujus
1501 1211 1653 1263 quidem
1689 1210 1816 1263 operis

278 1278 368 1315 facit
396 1278 637 1318 mentionem.
685 1278 794 1318 Mera
818 1293 970 1330 quoque
999 1281 1214 1331 conjectura
1237 1284 1317 1329 est,
1347 1293 1459 1331 quum
1483 1279 1692 1317 Erneaetius
1716 1277 1815 1316 Cru-

278 1346 377 1396 quii,
406 1345 625 1396 Torrentii‚
650 1347 815 1385 Rodellii
842 1348 1014 1398 vestigiis
1044 1361 1119 1386 non
1144 1353 1222 1386 tam
1246 1348 1426 1386 insistens
1450 1359 1562 1398 quam
1586 1359 1633 1386 ea
1646 1346 1816 1384 dilatans

276 1414 315 1451 in
339 1413 444 1451 Clav.
465 1413 546 1453 Cic.
577 1427 609 1453 s,
639 1414 677 1452 h.
710 1427 743 1451 v.
773 1414 870 1452 hanc
897 1416 994 1454 viam
1016 1428 1039 1453 a
1066 1421 1178 1467 porta
1196 1416 1383 1464 Minucia,
1409 1416 1466 1454 uti
1485 1415 1668 1467 Appiam,
1690 1413 1816 1452 Brun-

278 1482 435 1531 disium,
466 1482 535 1520 sed
565 1482 637 1520 alio
667 1486 790 1520 tractu
819 1484 844 1520 i.
875 1497 910 1522 e.
940 1497 1010 1536 per
1038 1483 1204 1522 Sabinos
1235 1484 1368 1522 tulisse
1394 1496 1551 1534 eamque
1581 1485 1739 1520 stratam
1763 1481 1817 1519 ait

275 1562 299 1587 a
324 1548 372 1590 L.
398 1550 563 1588 Minucio
591 1562 659 1598 eo,
686 1550 733 1588 de
763 1564 838 1601 quo
866 1552 968 1603 apud
996 1552 1083 1592 Liv.
1110 1550 1150 1599 4,
1183 1552 1248 1592 16.
1278 1552 1446 1598 dicatur,
1474 1551 1574 1590 adde
1600 1549 1642 1599 4,
1674 1550 1743 1599 12,
1772 1550 1813 1590 8-

277 1622 316 1655 et
340 1617 436 1659 Plin.
464 1618 513 1658 H.
540 1619 588 1657 N.
620 1620 687 1668 18,
716 1619 780 1669 (3)
805 1616 846 1658 4.
880 1619 959 1669 34,
989 1618 1052 1671 (5)
1083 1621 1151 1660 11.
1191 1619 1271 1657 Sed
1295 1633 1422 1659 errare
1449 1619 1506 1658 vir
1530 1618 1708 1670 egregius
1731 1629 1815 1656 cun

277 1686 451 1723 Dacerio
482 1686 691 1725 censendus
718 1691 788 1725 est.
832 1688 954 1733 Quum
984 1689 1080 1725 enim
1109 1689 1175 1725 νέα
1192 1689 1334 1739 Appia
1351 1689 1472 1741 prima
1496 1687 1662 1726 onmium
1685 1685 1815 1724 elon-

276 1755 440 1803 gissimis
458 1753 560 1805 (Liv.
580 1754 622 1804 9,
648 1757 716 1804 29,
737 1756 794 1805 6.)
824 1761 1157 1806 commemoretur,
1188 1758 1378 1794 Minucia
1401 1756 1464 1795 illa
1474 1756 1538 1806 **)
1565 1754 1647 1796 120
1669 1757 1708 1792 et
1734 1764 1814 1790 am·

390 1890 427 1935 *)
448 1892 697 1937 Quaecumque
718 1893 810 1926 ratio
832 1893 910 1927 viae
930 1892 1105 1928 Minuciae
1130 1899 1203 1936 est,
1225 1893 1373 1939 Appiam
1394 1893 1534 1938 quidem
1557 1896 1678 1927 aetate
1696 1891 1812 1925 Hon-

275 1948 319 1983 tii
339 1959 451 1994 usque
470 1948 514 1982 ad
533 1948 757 1983 Brundisium
775 1949 1012 1994 pertinuisse,
1033 1949 1124 1995 quod
1151 1951 1323 1984 Becker-us
1342 1949 1453 1993 (Gall.
1468 1950 1497 1985 Ι.
1516 1962 1554 1995 Ρ.
1571 1946 1655 1993 240)
1683 1948 1721 1982 in
1749 1945 1812 1982 du-

276 2005 368 2040 bium
387 2011 511 2050 vocat,
532 2017 576 2039 ex
595 2006 662 2038 hoc
683 2005 760 2039 loco
785 2017 852 2039 non
878 2012 1010 2040 temere
1037 2006 1259 2040 concluditur
1276 2006 1486 2052 pondusque
1511 2004 1710 2040 sententiae
1728 2013 1810 2037 cou—

276 2063 396 2098 clusae
419 2075 463 2097 ex
484 2062 660 2096 Cicerone
680 2061 723 2096 ad
743 2062 851 2097 Attio.
873 2063 907 2106 8,
930 2064 983 2100 11.
1006 2063 1166 2097 additur:
1187 2064 1316 2097 Censeo
1336 2063 1393 2096 via
1408 2063 1525 2109 Appia
1538 2061 1748 2107 iter-sacius,
1776 2064 1811 2093 et

275 2119 434 2155 celeriter
454 2119 677 2154 Brundisium
695 2119 826 2154 venias.
876 2120 1070 2153 Praeterea
1090 2131 1162 2153 rem
1190 2120 1235 2153 de
1256 2130 1319 2153 sua
1350 2119 1489 2164 quidem
1510 2123 1628 2153 aetate
1655 2120 1810 2152 testatur

277 2178 409 2211 Strabo
425 2175 459 2221 5,
476 2176 511 2211 3.
534 2188 569 2222 p.
585 2175 667 2211 377.
688 2177 722 2218 6,
738 2175 774 2213 3.
794 2187 829 2221 Ρ.
845 2174 903 2210 51.
925 2176 1087 2210 Tauchn.
1103 2176 1182 2210 coll.
1197 2176 1291 2221 Lips.
1309 2181 1345 2209 et
1359 2175 1523 2210 Doederl.
1540 2175 1586 2210 ad
1605 2174 1696 2209 Tac.
1718 2171 1807 2206 Aun-

277 2236 311 2278 2,
334 2234 394 2279 30,
418 2235 448 2268 1.
478 2233 647 2268 Wn‘lstcm.
668 2233 715 2266 ad
742 2232 821 2266 Sat.
843 2234 877 2278 1,
898 2232 932 2276 5,
952 2233 1010 2268 71.
1042 2233 1196 2267 Gruner.
1223 2233 1268 2266 ad
1295 2233 1414 2267 Aurel.
1435 2232 1528 2266 vict.
1551 2231 1593 2267 V.
1612 2230 1669 2265 Ill.
1691 2224 1751 2272 34,
1769 2229 1806 2266 6.

280 2291 470 2326 Tzsclzuck.
488 2291 533 2324 ad
554 2289 706 2335 Eutrop.
732 2291 765 2334 2,
785 2290 819 2324 9.
841 2302 877 2335 p.
896 2291 952 2325 80.
975 2290 1131 2324 Schiller.
1151 2288 1186 2322 in
1210 2288 1397 2328 Horatium
1418 2286 1618 2334 (Schwerin
1640 2281 1750 2328 1844)
1771 2296 1808 2330 p.

276 2349 299 2382 3
319 2360 374 2393 sq.
409 2348 477 2382 Ed.
507 2347 612 2383 Zeis&
645 2347 867 2390 „Romische
892 2345 1258 2382 Alterthumskunde“
1285 2357 1320 2390 p.
1343 2346 1423 2382 692.
1473 2345 1576 2386 Quae
1604 2343 1650 2378 de
1669 2341 1809 2395 aequali

276 2405 525 2450 quadratorum
549 2403 702 2450 lapidum
722 2404 834 2438 forma
857 2409 980 2438 narrat
1006 2401 1204 2447 Procopius
1227 2402 1272 2436 de
1294 2402 1384 2436 Bell.
1408 2403 1517 2438 Goth.
1541 2403 1571 2445 1,
1591 2397 1669 2445 14„
1691 2409 1735 2433 ea
1752 2409 1808 2433 se-

276 2472 338 2496 cus
362 2473 400 2496 se
421 2461 552 2496 habere
571 2467 722 2507 apparet
743 2473 787 2495 ex
805 2460 886 2495 aliis
905 2461 1139 2506 scriptoribus
1157 2458 1228 2493 fide
1243 2458 1382 2503 dignis,
1405 2463 1444 2492 ut
1455 2458 1611 2493 Missono
1626 2468 1682 2503 ap.
1699 2455 1809 2491 Such·

275 2518 363 2553 sium
378 2518 556 2562 („Gesch.
578 2529 610 2554 u.
633 2518 897 2563 Beschreibung
917 2518 981 2552 der
1000 2518 1062 2553 alt.
1082 2516 1190 2552 stadt
1214 2516 1328 2550 Rom“
1349 2515 1396 2551 11.
1416 2527 1454 2560 p.
1473 2511 1584 2558 454),
1613 2511 1810 2560 Kephale&

277 2575 428 2618 („Reise
449 2575 557 2609 durch
579 2575 658 2610 ltal.
679 2587 714 2612 u.
738 2576 863 2609 Sicil.“
892 2576 942 2612 ΙΙ.
962 2587 999 2620 p.
1017 2575 1122 2619 160),
1143 2573 1236 2619 quod
1252 2578 1401 2619 propter
1415 2572 1656 2617 Heindorfium
1670 2569 1715 2605 ud
1729 2569 1807 2603 Sut-

279 2634 311 2675 1,
333 2631 367 2675 5,
393 2633 425 2667 6.
446 2632 650 2666 monendum
669 2638 759 2666 erat.
793 2631 865 2666 Ubi
880 2632 996 2677 Appia
1008 2632 1064 2665 via
1079 2631 1178 2674 (biv.
1195 2631 1251 2673 22,
1267 2631 1300 2672 1,
1318 2630 1373 2666 12.
1395 2628 1523 2672 Fabr.)
1539 2628 1574 2663 iu
1589 2632 1715 2663 vetere
1732 2623 1808 2670 qui·

278 2688 353 2721 dem
372 2687 475 2727 Latio
496 2687 600 2723 hodie
626 2695 816 2735 apparent,
846 2700 888 2723 ex
913 2689 961 2722 W
960 2688 1120 2734 estplzalii
1136 2687 1261 2731 „Rem
1286 2686 1519 2732 Kampagne“
1538 2698 1574 2731 p.
1596 2686 1641 2722 26
1658 2694 1736 2728 sqq.
1756 2680 1807 2715 fi-

278 2742 343 2776 cile
364 2745 599 2788 cognoscitur.

375 2799 430 2843 ²⁰)
452 2802 604 2836 Ernestii
624 2802 832 2843 sententiam
855 2800 1002 2847 repetiit
1028 2801 1176 2836 Orellius
1197 2800 1232 2835 in
1253 2801 1378 2835 Ouom.
1402 2799 1498 2834 Tull.
1514 2810 1550 2844 p.
1569 2793 1651 2830 401.
1690 2793 1805 2826 lucer-

277 2860 348 2888 tum
368 2855 501 2900 igitur,
527 2869 594 2903 qua
617 2858 754 2893 ratione
776 2870 897 2893 nomen
920 2857 998 2892 viae
1019 2859 1062 2892 ad
1081 2864 1222 2904 portam
1245 2857 1439 2892 Minuciam
1460 2853 1568 2899 (apud
1589 2849 1684 2884 Paul·
1705 2846 1805 2882 Diac-

278 2922 312 2955 p.
329 2912 385 2945 91.
409 2915 485 2948 100.
503 2914 692 2958 Lindem.),
710 2915 752 2948 de
768 2926 836 2960 qua
855 2915 1013 2960 disputat
1024 2915 1154 2950 Becker
1168 2915 1203 2948 in
1223 2912 1443 2958 „Handbuch
1458 2911 1492 2945 d.
1509 2909 1609 2943 Ram.
1625 2903 1805 2940 Alterth.“
