2034 3224
130 260 213 304 125
623 254 898 297 Excunsus
927 254 998 294 AD
1027 253 1074 293 V.
1101 253 1170 298 23.
1585 252 1670 295 125

128 386 262 423 neunt
297 381 518 433 pneoedat.
575 379 635 419 lta
667 380 752 420 Sat.
779 382 831 431 2,
858 379 913 430 4,
939 380 1009 421 35.
1052 378 1143 416 Nee
1174 376 1254 416 cibi
1285 390 1499 418 coenarum
1536 383 1669 433 quivi-s

129 457 268 493 me
297 455 459 501 arroget
483 454 630 495 «rtem,
664 446 730 487 ubi
756 447 998 487 Heindorfius
1025 449 1149 487 minus
1176 451 1279 486 reete
1304 460 1355 485 ne
1381 449 1546 500 scripsit.
1576 448 1667 487 Tib.

130 521 170 569 1,
197 520 240 569 8,
268 519 336 560 27.
369 517 459 554 Nec
488 523 532 554 tu
559 515 737 568 difficilis
757 530 885 567 puero
914 523 1046 553 tamen
1074 528 1154 554 esee
1177 523 1381 557 memento.
1414 516 1528 555 conf.
1556 517 1596 567 1,
1625 515 1668 566 4,

129 587 195 629 21.
223 587 267 636 7,
295 585 364 627 57.
393 584 501 636 Virg.
528 585 612 624 Ecl.
641 587 692 635 2,
721 583 789 625 34.
824 585 898 634 10,
926 581 995 624 46.
1025 583 1098 622 Ge.
1128 585 1175 634 2,
1206 585 1275 625 96.
1303 583 1418 637 Prop.
1445 582 1495 634 4,
1525 586 1574 634 6,
1597 582 1666 624 47.

128 653 242 693 ovid.
266 651 360 691 Met.
388 654 464 703 11,
494 652 591 694 285.
623 653 701 702 12,
730 650 827 694 455.
865 653 964 690 Stat.
995 650 1087 689 SiIV.
1117 649 1170 701 3,
1202 654 1249 700 1,
1280 651 1377 694 110.
1413 650 1569 702 (Markl.
1598 651 1669 701 ibi)

126 719 274 759 Lucan.
301 721 350 772 1,
379 718 450 761 94.
488 719 584 758 Tac.
611 718 711 757 Ann.
741 721 790 768 1,
820 718 889 759 43.
917 717 1080 769 (Neque
1105 719 1212 755 enim
1239 717 1301 756 dii
1325 719 1488 772 sinant).
1524 719 1671 759 Vellem

128 789 244 840 igitur
277 788 494 840 scripsisset
529 786 732 838 Forbiger.
761 799 847 825 cum
877 786 1086 838 Wagner-o
1114 786 1272 838 aliisque
1299 799 1362 839 ap.
1387 787 1496 839 Virg-
1523 787 1599 827 Ge.
1625 788 1669 839 3,

128 855 224 898 435.
261 856 352 895 Noc
382 855 485 893 mihi
520 861 606 891 tum
639 854 773 892 mollis
795 852 883 892 aab
922 853 1016 891 divo
1053 868 1214 906 carpere
1242 869 1399 894 somnos
1432 855 1528 894 Neu
1554 856 1670 895 dorso

128 926 300 963 nemoris
326 923 449 960 libeat
460 922 657 970 jacuisse.
686 921 960 961 CLWmnderL
987 923 1039 961 ad
1066 923 1155 965 Tib.
1186 925 1236 973 1,
1266 925 1314 973 2,
1340 925 1410 965 37.
1437 923 1556 963 Obss.
1583 926 1670 963 crit.

129 1006 170 1045 Ρ.
196 993 281 1042 38.,
326 990 555 1029 sententiam
580 992 707 1029 autem
724 989 787 1029 ‘ibi
815 989 1052 1042 propositam
1077 991 1122 1030 it·
1146 991 1275 1030 Ptaef.
1300 991 1408 1043 Virg.
1436 1006 1475 1044 p.
1500 993 1584 1032 vn.
1606 1006 1671 1032 re-

129 1059 318 1100 tractavit.
347 1058 471 1096 Recte
494 1057 685 1095 Loersim
709 1069 861 1108 quoque
885 1058 1033 1109 Judieat
1059 1058 1108 1096 ad
1135 1059 1250 1098 Ovid.
1279 1059 1402 1098 Trist.
1434 1062 1481 1112 1,
1513 1063 1561 1112 1,
1586 1063 1671 1111 11.‚

131 1139 207 1177 quo
235 1125 423 1169 locusta·
445 1130 589 1164 etuas
615 1124 828 1174 alternant,
863 1125 919 1163 uti
944 1125 1037 1164 alias
1060 1138 1139 1163 nou
1166 1131 1207 1165 et
1233 1140 1323 1174 noc,
1357 1129 1470 1168 ovid.
1490 1129 1536 1168 A.
1560 1129 1607 1168 Δ.
1628 1130 1671 1180 3,

132 1194 229 1236 685.
260 1193 350 1245 Ipse
371 1193 509 1231 Cicero
535 1192 719 1232 sermonis
746 1193 1026 1244 consuetudini,
1056 1207 1132 1245 qua
1157 1195 1283 1247 raquo
1310 1209 1382 1247 pro
1411 1204 1449 1234 et
1470 1203 1521 1235 ηὲ
1541 1198 1672 1237 haberi

130 1262 337 1311 viderem,
364 1272 478 1311 quum
503 1259 588 1299 aliis
613 1260 725 1311 loeis,
751 1263 834 1299 tum
858 1261 908 1300 de
935 1262 1022 1304 F'm.
1041 1259 1084 1314 4,
1110 1260 1154 1312 4,
1178 1264 1218 1303 9.
1247 1263 1451 1302 obsecutus
1480 1270 1565 1304 est.
1600 1267 1671 1304 do-

131 1328 349 1374 maiora,
383 1334 431 1366 ut
463 1341 591 1381 neque
617 1341 804 1376 een-mum
826 1327 958 1378 fidem
991 1330 1077 1367 sine
1105 1331 1259 1368 ratione
1286 1345 1359 1368 nec
1389 1334 1558 1370 rationis
1586 1336 1674 1372 sine

131 1394 311 1435 madh&
345 1397 626 1448 exquir-amum
670 1396 719 1433 ad
744 1409 856 1447 quem
890 1397 1012 1435 locum
1039 1399 1276 1436 acutissimus
1305 1399 1549 1452 Madvigius
1583 1402 1671 1440 coll.

129 1462 383 1514 wesenberg.
413 1463 531 1503 Obss.
562 1465 661 1502 eritt.
689 1463 739 1502 ad
768 1476 826 1502 or.
853 1477 925 1516 pro
952 1465 1058 1504 Sest.
1086 1479 1126 1517 p.
1152 1466 1220 1507 36.
1250 1470 1363 1506 acute
1389 1468 1592 1519 observat,
1617 1470 1673 1508 le-

131 1531 303 1584 gitimum
330 1544 435 1570 esse:
466 1538 513 1570 ut
539 1540 636 1569 neve
656 1543 760 1568 aens.
783 1544 862 1569 neu
881 1540 959 1571 rat.
999 1533 1181 1572 Ceterum
1201 1534 1250 1572 de
1269 1534 1341 1573 hac
1363 1537 1464 1574 omni
1482 1549 1525 1574 re
1548 1538 1673 1588 rigida

131 1599 474 1656 Gnmmntieormn
500 1603 705 1650 praecepta
731 1600 855 1651 magis
883 1600 987 1645 levat
1015 1602 1232 1653 Zumptiue
1254 1603 1296 1641 in
1322 1603 1392 1642 Gr.
1419 1603 1485 1643 lat.
1512 1605 1559 1654 5.,
1576 1605 1672 1648 529.

132 1666 228 1708 585.
256 1666 352 1708 585.
392 1679 505 1717 quam
540 1667 723 1704 ffltzius
757 1668 811 1706 ad
844 1668 937 1707 Sall.
974 1664 1063 1708 Cat.
1087 1667 1169 1719 34,
1197 1671 1236 1713 2.
1264 1670 1347 1722 Ing.
1373 1670 1455 1722 14,
1479 1673 1520 1712 7.
1560 1672 1674 1712 Adde

131 1733 292 1772 Kirchn.
315 1734 366 1771 ad
393 1733 486 1771 Hor.
515 1726 610 1772 Sat.
629 1735 671 1783 1,
701 1735 742 1785 1,
770 1731 840 1776 94.
868 1735 1007 1788 Wagn.
1026 1737 1077 1775 ad
1093 1735 1199 1787 Virg.
1219 1736 1316 1780 Aen.
1345 1738 1388 1790 9,
1416 1739 1485 1781 91.
1514 1740 1672 1792 Forbig.

132 1802 183 1840 ad
210 1801 315 1852 Virg.
345 1801 416 1840 Ge.
447 1801 498 1857 2,
516 1800 587 1842 37.
613 1799 731 1840 Bach.
760 1803 812 1840 ad
841 1803 955 1842 Ovid.
986 1805 1082 1844 Met.
1108 1805 1151 1855 1,
1178 1803 1275 1849 462.
1307 1807 1376 1856 11,
1404 1806 1498 1848 136.
1530 1808 1673 1847 ochsn.

132 1867 225 1907 ibid.
254 1869 298 1918 9,
324 1868 422 1909 698.
450 1868 576 1907 Beier.
601 1869 651 1908 ad
675 1869 757 1908 Cic.
790 1869 871 1909 Off.
895 1872 946 1921 3,
972 1873 1021 1923 2,
1050 1875 1090 1915 6.
1117 1882 1159 1925 Ρ.
1187 1873 1282 1916 194.
1311 1874 1399 1913 coll.
1431 1877 1472 1925 1,
1498 1876 1579 1927 26,
1604 1877 1672 1918 91.

134 1938 185 1986 2,
214 1937 293 1985 21,
319 1931 388 1977 73.
424 1920 580 1987 Zumpt.
615 1938 666 1976 ad
700 1937 782 1976 Cic.
810 1938 851 1977 in
874 1937 983 1979 Verr.
1012 1940 1065 1991 3,
1087 1941 1147 1992 6,
1178 1939 1245 1983 14.
1281 1943 1451 1982 Beneek.
1474 1944 1527 1981 ad
1552 1944 1671 1983 Corn.

132 2003 238 2055 Nep.
264 2016 305 2055 Ρ.
331 2004 400 2045 26.
437 2002 605 2056 Herzog.
636 2006 686 2062 ad
715 2005 829 2044 Caes.
856 2005 904 2044 B.
931 2006 977 2045 C.
1004 2009 1051 2058 1,
1079 2009 1149 2048 76-
1185 2010 1347 2061 Rupert.
1371 2011 1422 2049 ad
1449 2011 1545 2049 Tac.
1573 2012 1672 2050 Ann.

134 2071 178 2120 6,
207 2072 277 2122 12,
304 2071 345 2113 2.
374 2069 587 2111 Ghemaun-
616 2073 656 2111 in
682 2072 792 2112 Jahn.
816 2073 1145 2116 Jbb·1831.lll.
1176 2078 1214 2118 1.
1238 2090 1277 2130 Ρ.
1303 2079 1371 2120 83.
1401 2078 1552 2130 Teipel.
1580 2079 1673 2117 ibid.

131 2123 258 2193 1838.
297 2136 436 2177 XXIV·
460 2141 500 2182 2.
533 2138 573 2192 Ρ.
607 2141 703 2183 213.
738 2141 858 2180 Bach.
886 2142 926 2181 in
953 2141 1547 2197 Aug.s‹:hulz.11.1833.p
1576 2147 1672 2188 857.

131 2191 291 2251 Ramsh
319 2205 389 2244 Gr.
416 2205 482 2248 lat
508 2209 542 2257 ς.
570 2209 666 2250 188.
694 2210 735 2251 8.
762 2209 817 2249 Ν.
845 2224 886 2262 p.
908 2211 1003 2258 818
1030 2211 1207 2254 Billroth.
1221 2213 1502 2264 Latschulgr.
1526 2213 1671 2309 8247.

106 2271 674 2327 ’weissenhLatSchulgr
705 2279 739 2327 §—
770 2277 867 2319 190
895 2279 1015 2321 N..2
1043 2279 1094 2318 al.
