1910 3138
270 172 357 216 304
409 173 769 217 COMMENT.1N
789 175 915 216 uon.
939 175 1037 216 Lm.
1057 177 1084 216 1.
1122 177 1288 218 EPIST.
1307 178 1460 218 sssxr.
1477 177 1659 235 neom.
1712 178 1796 230 m
1879 163 1900 239 j

267 301 361 341 fiber
388 299 565 341 ltalien.“
595 297 705 350 Lips.
738 299 862 340 1821.
890 300 920 341 1.
956 315 996 353 p.
1029 302 1126 343 166.
1176 305 1305 343 Branii
1333 304 1567 355 „fflnmw
1601 305 1795 359 1829211.
1835 284 1839 288 ’
1886 270 1901 326 '.

265 370 363 411 311.
408 368 506 407 Mira
533 369 660 404 autem
690 370 773 405 erat
801 367 845 406 in.
864 381 959 419 agro
987 369 1196 410 Horatiano
1225 373 1380 411 aestatis
1408 372 1619 423 clementia,
1644 374 1694 421 de
1719 382 1797 424 qus·

267 438 342 477 dixi
374 437 423 474 ad
454 436 525 486 10,
557 434 753 476 15—17.
810 435 970 475 Uberius
1005 451 1086 477 rem
1121 441 1361 492 persequitur
1393 441 1675 493 Capmartinius
1703 440 1795 483 ibid.
1830 476 1834 480 .

264 518 304 556 p.
325 501 536 544 330—34.
567 503 665 541 Mire
680 503 966 556 -Doeringius.·
996 520 1155 555 „mense
1180 509 1396 561 Septembri
1425 522 1492 557 me¹
1513 509 1655 555 salvum
1677 513 1795 561 atquc

263 572 487 611 incolumem
519 571 589 609 tibi
619 572 779 622 sistunt,
817 572 855 611 h.
883 586 918 612 e.
952 587 974 612 e
1002 574 1089 614 villa
1113 582 1219 628 mea,
1257 578 1321 616 ubi
1346 590 1449 616 nunc
1476 577 1681 627 delitesco,
1715 580 1796 616 tan
1868 598 1895 604 —

263 640 377 690 dulci,
409 640 443 678 si
470 640 607 690 eredis,
637 644 750 691 atque
774 653 947 692 amoena,
975 642 1102 681 salvus
1126 647 1240 695 atque
1255 645 1453 684 incolumis
1469 658 1602 683 mense
1618 645 1796 696 Septem·
1880 679 1894 698 ¹.

261 709 320 748 bri
354 707 535 747 redibo.“
593 709 754 747 Pravam
787 709 886 748 hane
915 711 1223 762 explicationem,
1261 724 1374 763 quam
1407 713 1580 764 sequitur
1615 711 1796 750 scheller

260 778 300 816 in
327 776 598 826 translatione,
637 778 839 816 refutatum
867 780 915 816 ivi
953 780 992 817 in
1029 779 1224 830 „Allgem
1247 779 1559 832 Schnlzeitung.“
1588 780 1637 819 11.
1669 780 1792 823 1830.

260 846 313 887 N.
342 846 410 886 61.
438 845 590 883 Mecum
616 847 732 884 sentit
757 846 825 884 Fr.
858 846 1008 884 Jacobs
1035 847 1080 887 V.
1110 861 1150 899 p.
1181 847 1275 890 123.
1333 848 1546 887 Praestare
1571 850 1673 888 euim
1698 849 1737 887 h.
1764 848 1792 886 l.

262 926 417 953 servare
444 918 489 951 ut
518 914 556 951 in
585 915 787 954 notissima
814 915 990 966 formula,
1022 916 1103 955 Cic.
1129 915 1253 967 Epist.
1285 916 1335 953 ad
1358 915 1447 955 Div.
1477 917 1543 963 16,
1565 914 1610 968 9,
1636 917 1677 957 9.
1703 915 1791 955 Liv.

261 985 331 1033 26,
354 982 424 1031 36,
451 983 490 1022 9.
517 981 613 1020 Plin.
637 982 781 1033 Paneg.
807 985 874 1025 67.
899 982 1078 1039 Lactant.
1107 985 1156 1023 de
1185 984 1302 1024 Mort.
1323 997 1471 1035 persec-
1494 982 1564 1034 34,
1589 984 1628 1025 5.
1651 983 1791 1023 Senec.

259 1051 386 1104 Epist.
419 1050 488 1092 45.
518 1049 579 1088 De
603 1050 834 1089 Pronomine
863 1050 936 1088 tibi
961 1052 1195 1091 familiariter
1221 1036 1446 1104 interposito
1473 1052 1561 1090 vide
1585 1055 1715 1090 annot.
1740 1052 1792 1092 ad

259 1121 302 1170 3,
329 1119 396 1161 15.
427 1118 512 1157 con.
542 1119 670 1158 Burm.
700 1120 749 1157 ad
777 1119 861 1158 val.
890 1119 949 1158 m.
975 1122 1014 1170 2,
1047 1117 1142 1161 144.
1169 1119 1306 1170 wagn.
1333 1121 1384 1158 ad
1410 1121 1516 1171 virg.
1539 1120 1623 1159 Eel.
1650 1121 1693 1170 8,
1719 1120 1791 1166 30.
1865 1111 1881 1169 j

259 1187 390 1239 Bergl.
409 1187 460 1226 ad
479 1187 647 1238 Alciphr.
671 1188 714 1237 3,
735 1186 805 1237 49,
835 1188 902 1228 19.
927 1210 985 1216 -
1018 1187 1314 1238 Septembribus
1342 1188 1462 1231 horit.
1490 1189 1574 1226 Sat.
1594 1190 1636 1238 2,
1656 1189 1697 1239 6,
1721 1188 1788 1230 19.

243 1246 597 1307 ‘Auctumnusque
619 1256 761 1307 gravis
786 1259 856 1297 etc.
893 1255 978 1293 Juv.
1009 1257 1058 1305 6,
1089 1257 1187 1297 516.
1232 1257 1431 1308 metuique
1455 1255 1578 1306 jubet
1607 1256 1788 1307 Septem-
1856 1250 1875 1263 ⁷

259 1327 340 1365 bris
367 1333 407 1364 et
431 1324 580 1364 Austri
610 1322 858 1362 Adventum.
886 1323 1030 1362 Auson.
1060 1323 1169 1374 Eleg.
1199 1325 1250 1374 8,
1285 1325 1325 1364 7.
1375 1323 1502 1362 Anne
1536 1321 1586 1353 4-
1615 1323 1672 1364 da
1699 1337 1790 1362 vere
1820 1349 1825 1355 -
1859 1325 1863 1331 '

257 1394 413 1434 salubri
439 1394 618 1445 Apricas
651 1399 859 1430 ventorum
896 1393 1057 1430 animas
1067 1420 1084 1439 ,
1119 1392 1175 1430 da
1209 1391 1378 1430 roscida.
1410 1392 1564 1430 Cancro
1606 1390 1788 1430 Soletitisa
1859 1383 1861 1386 Α

257 1471 296 1502 et
318 1463 502 1515 gelidum
535 1461 709 1499 Boream
743 1459 1038 1512 Septembribus
1067 1460 1188 1499 horis.
1225 1460 1323 1499 Bion
1351 1473 1414 1512 ap.
1440 1459 1555 1498 St‘ob.
1578 1459 1660 1498 Ecl.
1685 1459 1718 1499 Ι.
1743 1461 1788 1511 8,

256 1533 325 1575 39.
363 1532 421 1585 (p.
451 1530 547 1575 246.
574 1527 709 1582 Heer.)
773 1525 859 1570 Ov'n
902 1528 1031 1570 ἐθέλω
1073 1527 1365 1582 φθινόπωρον,
1405 1526 1492 1570 ἐπεὶ
1535 1523 1659 1569 νόσον
1700 1523 1788 1580 ὅρα

190 1610 191 1613 ,
255 1603 389 1642 τίκτει.
419 1599 530 1641 conf.
560 1597 749 1650 Porphyr.
776 1598 827 1636 ad
859 1597 893 1636 h.
922 1597 949 1636 l.
977 1599 1138 1650 Rupert.
1160 1598 1212 1636 ad
1237 1597 1325 1636 Juv.
1354 1597 1397 1648 4,
1423 1598 1493 1638 57.
1520 1595 1592 1646 14,
1623 1597 1717 1641 127.
1745 1601 1786 1637 et

256 1671 305 1707 de
332 1670 498 1707 dictione
531 1666 685 1706 Weber.
715 1666 765 1704 ad
792 1665 879 1705 Juv.
910 1667 951 1716 9,
983 1668 1052 1708 68.
1082 1680 1122 1718 Ρ.
1151 1666 1248 1709 809.
1279 1664 1431 1704 Mitsch.
1459 1664 1511 1704 ad
1537 1664 1686 1716 Od.›3‚
1717 1665 1786 1716 13,
1858 1703 1861 1715 7,

256 1737 296 1776 9.
322 1735 495 1787 Lennep.
524 1735 572 1773 ad
609 1733 716 1773 Phal.
741 1733 864 1785 Epist.
891 1734 932 1775 4.
962 1749 1001 1787 p.
1033 1736 1098 1776 19.
1158 1735 1293 1773 Mense
1321 1734 1472 1772 demum
1501 1732 1662 1772 Octobri
1687 1732 1788 1776 redit

254 1804 429 1843 Romano
469 1803 606 1841 tractui
642 1801 802 1840 salubris
839 1802 901 1840 illa
935 1805 1032 1842 aeris
1068 1803 1298 1855 temperies,
1340 1814 1438 1852 quae
1470 1801 1642 1841 homines
1678 1801 1787 1852 gravi
1841 1827 1847 1857 3,

255 1871 362 1910 coelo
393 1872 619 1921 defatigatos
653 1875 693 1907 et
729 1869 845 1908 multa
876 1871 972 1910 dura
1000 1875 1089 1910 ante
1122 1883 1327 1922 perpessos
1362 1870 1439 1908 leni
1473 1876 1622 1910 recreat
1655 1869 1786 1912 calore·
1829 1879 1831 1882 ’

253 1940 330 1992 ita,
354 1944 396 1978 ut
426 1939 611 1988 homines,
639 1939 702 1989 qui
730 1939 843 1976 hodie
871 1939 923 1977 ibi
951 1940 1102 1985 vivunt,
1129 1939 1293 1977 laetitiae
1321 1951 1364 1976 se
1388 1938 1480 1976 dent
1506 1938 1697 1989 genioque
1723 1938 1783 1994 inm-7
1839 1940 1842 1945 '

256 2008 448 2060 dulgeaut.
475 2006 562 2045 Vid.
587 2005 700 2044 Guil.
724 2005 985 2058 Waiblinger
1007 2009 1044 2045 in
1074 2006 1239 2045 Gubitzii
1267 2005 1639 2059 „Gesellschafterffl
1658 2004 1783 2056 1829.
1832 2035 1834 2039 ·

252 2077 304 2117 N.
324 2074 393 2117 34.
414 2090 453 2128 p.
475 2076 572 2116 176.
617 2073 717 2112 Olim
735 2073 866 2112 Idibus
886 2074 1116 2112 Octobribus
1146 2074 1428 2124 ludimagistros
1455 2086 1605 2124 quoque
1630 2073 1795 2113 schohn-
1832 2103 1834 2107 >

252 2158 337 2198 per·
351 2147 513 2196 quatuor
545 2143 625 2181 fere
651 2155 802 2180 menses
836 2142 982 2180 clausas
1021 2142 1218 2193 aperuisse
1253 2155 1342 2180 vere
1376 2142 1490 2180 docet
1517 2142 1783 2181 Hermam

254 2214 293 2251 in
321 2211 426 2253 mss.
457 2213 505 2250 de
534 2212 618 2250 1000
645 2210 791 2249 Horatii
820 2210 940 2248 serm.
967 2209 997 2257 1,
1018 2211 1059 2259 6,
1080 2208 1260 2250 74—76.
1285 2208 1476 2258 marburg.
1506 2209 1628 2250 1838.
1652 2222 1692 2260 p.
1713 2210 1782 2251 29.

252 2281 458 2319 Praeterea
475 2281 515 2318 in
534 2279 683 2318 Horatii
707 2278 831 2316 villam
857 2277 1058 2315 convenire
1080 2277 1277 2315 maximam
1300 2280 1448 2328 partem
1469 2276 1659 2326 videntur,
1682 2289 1796 2328 quae<

253 2349 389 2387 Celsus
421 2350 460 2398 1,
492 2349 530 2390 2.
559 2346 786 2392 imbecillis,
815 2358 889 2397 quo
917 2345 956 2382 in
985 2357 1155 2394 numero,
1181 2348 1223 2382 ut
1256 2343 1322 2393 ait,
1351 2356 1503 2395 magna
1524 2357 1626 2395 pare
1655 2343 1796 2383 urba...-
1822 2335 1823 2347 ³

253 2430 395 2455 norum
418 2429 627 2468 omnesque
650 2414 790 2466 cupidi
815 2413 1022 2451 literarum
1050 2418 1167 2458 sunt,
1193 2411 1378 2450 servanda
1402 2398 1614 2463 praecipit:¹
1640 2410 1835 2465 Rubi-,ff

253 2492 338 2523 tare
365 2498 455 2522 vero
487 2483 668 2532 aedificio
698 2481 859 2528 lucido,
896 2480 1116 2532 perflatum
1152 2484 1374 2527 aestivam,
1411 2479 1624 2518 hibernum
1656 2480 1783 2520 solen

252 2553 445 2591 habente.
491 2566 629 2590 cavere
667 2550 934 2589 meridianum
968 2547 1111 2600 solem,
1154 2550 1396 2586 matutinum
1437 2554 1475 2584 et
1509 2534 1791 2600 vespertinufflr
1813 2535 1823 2542 ,.

244 2623 384 2674 frigus
412 2623 581 2673 itemque
611 2634 736 2659 auras
751 2619 976 2671 fluminum
1001 2623 1121 2669 atque
1141 2625 1374 2667 stagnorum
1393 2621 1465 2655 etc.
1495 2616 1608 2654 Conf.
1629 2606 1779 2658 Pallia.
1807 2643 1821 2667 5

253 2689 300 2727 R
329 2690 378 2732 R.
408 2691 455 2740 1,
483 2691 521 2730 8.
551 2691 591 2730 9.
647 2688 708 2727 De
738 2691 822 2726 toto
850 2692 976 2726 autem
1002 2686 1086 2725 loco
1115 2685 1305 2724 assentior
1333 2685 1531 2723 Du'ntzeri
1557 2682 1775 2737 verissime
1807 2700 1830 2738 33

254 2757 500 2806 expositioni.
539 2756 650 2807 „Die
685 2770 805 2809 ganze
842 2753 1126 2803 Beschreibung
1163 2754 1230 2791 des
1259 2753 1502 2792 Landlebens
1530 2749 1672 2789 euthalt
1699 2748 1780 2803 dQ
1802 2795 1814 2805 ,Δ
1837 2783 1845 2810 3

253 2821 455 2862 Ausdruck
484 2825 552 2863 der
579 2825 764 2864 h6chsten
792 2823 891 2872 Lust
911 2825 987 2862 und
1007 2822 1311 2868 Zufriedenheit;
1338 2821 1418 2859 hier
1444 2817 1564 2857 findet
1589 2831 1630 2856 er
1642 2814 1796 2867 Alie-‚st
1826 2827 1835 2837 ·“

255 2901 332 2927 was
361 2903 401 2927 er
430 2893 509 2930 sich
535 2893 723 2943 wiinscht,
753 2893 815 2931 die
838 2892 1000 2944 Gegend
1028 2892 1079 2931 ist
1107 2890 1219 2929 milde
1248 2890 1324 2928 und
1348 2889 1487 2936 sehon,
1513 2884 1624 2924 ‹labei
1649 2884 1773 2923 seint!
1859 2899 1867 2913 s
