1910 3138
125 169 208 212 109
233 167 509 209 comm:
525 169 583 209 IN
601 168 726 208 HOB.
751 167 849 207 Lm.
871 169 899 208 1.
939 166 1103 208 EPIST.
1118 167 1527 212 DUODEVICESIM.
1555 167 1639 211 457

121 294 236 332 quum
261 294 396 320 versus
424 280 552 323 86—
577 283 644 323 88.
672 286 763 334 post
790 294 849 318 vv.
869 282 937 324 94.
967 280 1032 322 95.
1060 284 1234 335 postponi
1259 284 1399 323 mallet.
1426 307 1481 315 —-
1504 283 1551 322 V.
1572 285 1639 325 86.

122 347 271 387 Dulcis
295 371 353 377 —
376 349 515 386 metuit
537 371 591 379 —-
617 350 641 388 i.
671 363 704 388 e.
741 362 824 398 „ne
850 355 1008 402 propter
1038 348 1156 388 levem
1191 353 1378 402 quandam
1412 365 1559 391 causam
1593 365 1639 390 ex

121 417 220 455 inim
247 417 370 467 gratia
390 416 582 455 excidat.“
624 417 667 454 ln
686 418 909 455 sententiam
933 423 1147 469 comparant
1169 420 1277 461 Pind.
1305 421 1458 472 Fragm.
1485 433 1523 471 p.
1542 421 1637 461 216.

118 483 166 522 Β.
201 480 326 537 γλυκΰ
355 479 591 536 δ’ἆπείροισι
616 480 806 537 πόλεμος·
842 484 1139 537 πεπειραμένων
1173 486 1215 527 δέ
1250 504 1310 537 τις
1347 489 1494 540 Ταρβεῖ
1517 502 1638 540 προς·

119 547 233 592 uim:
255 567 322 592 νιν
349 553 494 607 καρδίᾳ
525 555 731 605 περισσῶς.
770 552 931 590 Siracid.
962 553 1028 602 13,
1061 554 1126 594 11.
1154 554 1279 607 Eurip,
1307 556 1427 608 lphig.
1461 554 1545 593 Aul.
1569 556 1637 596 22.

119 616 165 660 τδ
193 615 407 672 φιλότιμον
444 617 567 672 γλυκῦ
602 618 696 671 μὲν,
733 623 852 661 λυπεῖ
877 618 920 660 δὲ
948 618 1270 673 προσιστάμενον.
1313 623 1373 661 Cf.
1404 622 1451 660 C.
1480 621 1637 660 Passov.

117 686 170 725 N.
196 688 291 729 262.
319 709 377 716 —
404 689 563 726 cultura
589 695 672 739 pot.
704 688 850 733 amici,
893 701 990 738 quae
1019 688 1190 726 Baxtero
1221 689 1480 740 „assectatio“
1518 690 1636 739 audit,

118 755 281 793 studium
309 759 391 805 est,
434 769 508 806 quo
540 755 622 805 quis
651 759 843 805 potentem
873 756 1030 792 amicum
1067 755 1154 794 colit
1193 758 1294 807 eique
1330 770 1440 795 omne
1475 757 1636 795 officium

116 821 228 873 facit,
257 825 470 874 germanice
502 849 530 872 „
540 823 810 872 Herrndienst,
838 823 1043 861 Hofdienst
1057 822 1148 874 *).“
1205 825 1331 862 Colere
1358 824 1455 862 enim
1483 825 1636 876 proprie

117 891 166 930 de
193 891 390 931 clientibus
419 903 510 941 erga
533 895 715 941 patronos
742 890 923 929 officiosis
951 891 1109 940 dicitur,
1134 895 1176 929 ut
1203 892 1283 930 Juv.
1307 895 1349 941 7,
1369 892 1436 932 37.
1466 905 1515 928 ne
1539 891 1640 943 quid

117 956 191 994 tibi
217 959 398 1010 conserat
424 959 524 1004 iste,
560 958 684 1008 Quem
703 958 821 996 eolis.
859 958 971 997 Mart.
991 959 1032 1005 3,
1060 959 1132 1008 38,
1163 961 1228 1000 11.
1254 960 1374 996 Atria
1394 973 1546 1011 magna
1569 973 1636 996 co·-

116 1025 214 1063 lam.
265 1027 322 1065 ld.
355 1027 430 1076 10,
460 1026 539 1076 96,
569 1027 635 1067 13.
678 1026 727 1072 I,
756 1025 838 1063 cole
866 1040 973 1063 nunc
998 1039 1120 1077 reges,
1166 1026 1258 1064 Ibid.
1288 1030 1332 1077 2,
1362 1026 1417 1068 40
1454 1026 1568 1078 (55),
1591 1028 1633 1068 3.

114 1094 184 1146 (ib.
208 1094 337 1134 Rader
357 1108 396 1146 p.
426 1092 539 1146 219.)
573 1095 640 1142 12,
670 1095 724 1135 68
749 1094 861 1145 (69),
892 1096 947 1136 2.,
976 1094 1067 1132 Inde
1096 1090 1201 1143 ἅπαξ
1225 1091 1432 1148 λεγόμενον
1461 1096 1632 1133 cultura.

225 1161 270 1200 V.
299 1163 365 1203 87.
396 1163 463 1203 88.
521 1162 604 1207 Dc,
634 1161 730 1198 dum
756 1168 825 1199 tua
851 1164 968 1199 navis
992 1163 1035 1198 in
1063 1161 1145 1199 alto
1165 1170 1245 1208 est,
1275 1164 1298 1199 i.
1325 1177 1356 1201 e.
1385 1164 1463 1212 „ad
1484 1177 1633 1201 cursum

114 1242 301 1282 prospere
335 1230 649 1279 continuandum,
681 1232 717 1267 in
751 1231 790 1268 id
817 1234 922 1268 totus
961 1229 1155 1279 incumbe,
1196 1243 1244 1268 ne
1271 1231 1484 1269 reflantibus
1512 1233 1632 1270 ventis

113 1300 153 1336 in
179 1303 349 1349 portum,
376 1298 478 1336 unde
507 1303 685 1348 egressus
714 1311 777 1346 es,
804 1298 1031 1347 rejiciaris.“
1071 1297 1281 1348 Explicatio
1308 1298 1393 1336 haec
1422 1312 1631 1350 quanquam

111 1379 233 1417 nuper
263 1366 473 1417 improbata
496 1371 535 1404 et
563 1379 608 1404 ex
635 1366 902 1404 sententiarum
931 1365 1063 1403 ordine
1085 1367 1361 1406 commendatur
1382 1383 1503 1421 neque
1529 1370 1632 1408 simi-

111 1433 260 1472 litudini
286 1433 416 1472 similia
443 1434 580 1472 desunt
609 1433 799 1485 exemph,
829 1439 888 1482 ut,
923 1433 955 1470 si
982 1435 1173 1472 notionem
1202 1435 1452 1486 complicatam
1479 1438 1631 1476 evolve-

110 1501 187 1551 1'18,
216 1501 292 1540 Od·
313 1503 353 1550 2,
380 1503 422 1551 2,
445 1501 540 1542 201.
571 1499 612 1552 4,
641 1501 707 1550 15,
737 1501 776 1541 3.
805 1501 887 1539 coll.
910 1503 947 1551 1,
974 1501 1039 1550 14,
1061 1503 1100 1542 1.
1125 1502 1162 1542 2.
1182 1500 1252 1551 34,
1276 1503 1314 1543 3.
1358 1505 1509 1549 Quintil.
1534 1505 1628 1543 Inst.

114 1570 152 1610 1.
180 1569 230 1606 ad
258 1567 455 1619 Tryphon.
484 1565 507 1620 ᾗ
537 1567 577 1607 3.
608 1568 886 1618 permittamus
915 1568 1004 1605 vela
1031 1571 1157 1606 ventis
1186 1577 1222 1606 et
1256 1585 1366 1608 oram
1391 1572 1630 1612 solventibus

112 1635 207 1673 bene
230 1648 447 1686 precemur.
494 1634 550 1675 ld.
583 1636 651 1684 12,
682 1635 750 1683 10,
777 1635 845 1675 37.
885 1635 980 1673 Non
1003 1644 1134 1675 tamen
1158 1638 1240 1676 alto
1264 1653 1413 1690 semper
1423 1640 1626 1692 feremur.-

112 1716 208 1740 nam
239 1709 276 1739 et
298 1702 416 1739 litora
437 1701 634 1739 interdum
655 1703 855 1754 sequenda
879 1711 984 1742 sunt.
1027 1705 1139 1743 Ovid.
1166 1706 1255 1745 Her.
1286 1708 1351 1758 15,
1374 1707 1467 1750 214.
1508 1710 1627 1748 Aura

111 1769 226 1808 dabit
245 1784 432 1816 cursum,
459 1777 504 1807 tu.
531 1769 644 1807 modo
671 1769 777 1808 solve
802 1778 938 1810 ratem.
982 1772 1070 1810 Tib.
1100 1775 1146 1822 1,
1174 1774 1223 1823 5,
1252 1775 1320 1816 75.
1350 1774 1419 1827 (ib.
1446 1777 1558 1815 Voss.
1588 1783 1628 1816 et

111 1900 151 1930 et
173 1895 368 1930 lenissimus
389 1897 649 1943 comparabitur
674 1897 720 1932 ad
739 1899 851 1933 verba
869 1899 962 1934 inter
978 1906 1105 1935 cuncta
1123 1902 1230 1948 leges.
1278 1903 1368 1937 Nam
1387 1902 1438 1937 ita
1456 1904 1625 1939 Horatius

108 1951 213 1987 finita
230 1952 472 1999 institutione,
493 1954 618 1998 „Haec
633 1954 709 1989 fere
728 1961 825 1998 sunt,
840 1956 970 2001 inquit,
990 1967 1078 2002 quae
1092 1957 1127 1991 in
1142 1959 1336 2004 potentium
1355 1961 1490 1995 cultura
1504 1963 1625 1995 obser-

108 2010 227 2044 vanda
243 2009 403 2044 habebis.
440 2011 508 2045 Est
524 2016 637 2045 autem
662 2012 829 2057 ejusmodi
849 2013 984 2047 cultura
1002 2014 1114 2048 dulcis
1132 2015 1271 2061 specie,
1294 2028 1419 2061 reapse
1441 2018 1625 2052 metuenda

110 2070 149 2099 et
166 2066 322 2108 lubrica3
348 2066 441 2112 quod
454 2067 485 2100 si
503 2067 623 2113 utique
639 2080 682 2102 ea
695 2068 753 2102 via
768 2081 919 2114 pergere
934 2070 1176 2115 destinavisti‚
1195 2072 1281 2107 illud
1300 2073 1421 2106 saltem
1440 2085 1524 2108 cave
1536 2100 1545 2117 ,
1568 2085 1623 2119 ne,

110 2122 190 2156 dum
203 2122 239 2157 in
254 2122 326 2157 alto
340 2123 428 2157 mari
440 2128 495 2157 tot
515 2125 692 2170 tantisque
706 2125 872 2170 periculis
896 2128 1076 2172 expositus
1091 2128 1236 2172 navigas
1247 2155 1256 2172 ,
1279 2134 1402 2174 portus
1418 2129 1497 2163 talis
1508 2157 1518 2175 ‚
1540 2141 1622 2176 qua-

108 2178 176 2213 lem
194 2191 261 2225 ego
289 2183 394 2214 teneo
423 2186 609 2215 contentus
627 2194 669 2216 ac
693 2182 781 2216 bene
811 2183 946 2227 latens,
975 2183 1202 2219 securitatem
1223 2191 1449 2230 aspernatus,
1481 2187 1624 2222 excidas

108 2235 225 2278 ausin
253 2247 330 2270 nam
349 2236 453 2270 sicuti
471 2237 684 2282 potissimum
710 2243 766 2272 est
783 2241 877 2273 nolle
895 2244 1060 2284 potentes
1085 2241 1198 2275 colere
1210 2267 1219 2285 ‚
1248 2242 1312 2276 sed
1333 2241 1401 2276 sibi
1420 2242 1541 2277 vivere
1561 2243 1623 2278 ho·

108 2296 230 2338 ueste,
256 2292 349 2338 quod
370 2305 438 2338 ego
458 2304 548 2328 nuuc
567 2295 680 2336 sacio3
710 2296 896 2329 secundum
920 2302 1053 2336 autem,
1079 2302 1116 2330 et
1134 2309 1259 2342 cupere
1276 2303 1436 2342 potentes
1453 2300 1568 2334 colere
1585 2306 1623 2335 et

106 2359 224 2394 poue,
245 2350 339 2394 quod
361 2355 400 2384 tu
422 2350 524 2384 modo
550 2351 636 2386 facis
660 2351 717 2385 vel
735 2351 891 2386 facturus
912 2363 970 2394 es,
995 2352 1112 2386 utilius
1133 2364 1234 2397 quam
1256 2353 1452 2395 honestius;
1471 2355 1521 2390 ita
1542 2357 1623 2392 ulti-

107 2414 198 2438 mum
218 2411 272 2439 est
297 2417 339 2441 ac
364 2406 606 2451 deterrimum,
635 2411 761 2452 utpote
782 2419 847 2441 nec
870 2407 956 2441 utile
980 2419 1045 2441 nec
1074 2409 1272 2452 honestum,
1298 2422 1423 2455 cupere
1444 2423 1507 2446 nec
1524 2425 1622 2458 posse

108 2470 195 2504 prae
216 2459 360 2496 inscitia
370 2488 380 2505 ,
403 2473 446 2497 ac
463 2463 539 2498 sine
562 2474 625 2498 sua
644 2463 799 2498 utilitate
814 2464 920 2497 decus
936 2475 977 2497 ac
993 2463 1191 2499 libertatem
1206 2466 1408 2510 potentibus
1424 2469 1620 2505 condonare

108 2515 182 2549 Sed
201 2515 291 2550 omni
308 2517 431 2563 utique
452 2523 632 2565 tempore,
660 2519 736 2554 sive
756 2525 912 2553 metuens
934 2519 1103 2555 culturam
1124 2521 1336 2566 potentium,
1358 2531 1542 2570 antequam
1559 2538 1620 2562 ex-

108 2576 230 2616 pertus
249 2570 318 2615 sis,
337 2578 474 2618 portum
491 2586 620 2610 mecum
642 2575 780 2609 tenebis
792 2600 802 2617 ,
831 2576 907 2609 sive
926 2574 961 2609 in
981 2576 1052 2610 alto
1073 2576 1276 2622 navigabis,
1306 2578 1384 2624 ipse
1402 2580 1619 2618 nihilominus

109 2632 338 2672 experturus,
357 2628 583 2675 philosophos
605 2632 726 2676 legere
746 2643 892 2676 perges,
913 2642 1058 2677 quorum
1076 2632 1295 2669 institutione
1314 2637 1520 2684 quandoque
1535 2651 1619 2675 eou-

107 2682 223 2718 discas
235 2710 244 2727 ,
268 2684 358 2727 Quid
374 2696 461 2729 pure
478 2688 681 2730 tranquillet
693 2706 749 2711 —
768 2706 816 2711 —
832 2706 888 2713 —
902 2689 1025 2722 semita
1042 2690 1170 2723 vitae.“

218 2737 256 2783 ¹⁸¹)
283 2740 430 2775 Orellim
457 2747 636 2786 comparat
662 2741 706 2776 de
730 2743 824 2777 cultu
851 2743 988 2788 quidem
1014 2743 1134 2779 divino
1163 2746 1325 2782 Lactant.
1362 2749 1449 2784 Iust-
1470 2749 1505 2796 5,
1522 2753 1557 2796 7,
1580 2754 1614 2788 2.

109 2796 263 2832 Tertull.
278 2794 384 2842 Apol.
401 2797 455 2831 21.
468 2821 478 2838 ,
499 2797 589 2831 addo
606 2798 949 2843 Lexicographorum
965 2810 1071 2835 causa
1090 2801 1220 2838 Minue.
1233 2803 1311 2839 Fel.
1328 2805 1385 2851 23,
1402 2807 1437 2842 9.
1456 2806 1616 2844 Lactant-

107 2850 261 2897 E'pitom.
281 2853 338 2895 23,
358 2854 390 2888 1.
413 2853 490 2887 coll.
509 2853 653 2888 Biinem.
674 2855 716 2889 ad
736 2855 898 2891 Lactant.
920 2857 1006 2892 Inst.
1030 2859 1063 2901 2,
1083 2859 1137 2902 16,
1158 2860 1191 2894 9.
