1910 3138
302 230 386 271 432
429 230 710 270 COMMENT.
732 230 926 269 lNHOR.
942 229 1042 268 LlB.
1059 230 1089 268 1.
1128 229 1294 269 EPIST.
1320 230 1734 270 DUODEVICESlM.
1776 230 1833 273 84

300 347 520 384 instructum
550 344 673 393 dicat,
701 345 755 381 ita
782 343 969 381 hominem
998 342 1181 381 describit
1194 342 1276 394 *),“
1324 344 1474 382 Decem
1500 346 1759 383 autemvvitiis
1787 358 1834 383 ex

302 425 477 451 sermone
492 412 555 464 **)
585 411 790 449 communis
820 410 918 448 vitae
946 410 1083 449 dicitur
1106 414 1149 449 ut
1172 411 1286 451 Hom.
1314 410 1356 449 11.
1378 412 1419 459 2,
1437 409 1533 453 489.
1561 411 1684 452 Plaut.
1714 413 1833 451 Merc.

303 484 342 531 2,
370 481 411 530 3,
445 481 510 521 11.
550 479 601 517 ib.
643 478 827 528 Taubm.‚
856 479 908 516 ita
941 478 1067 516 decies
1095 478 1141 519 A.
1171 478 1215 517 P.
1245 478 1340 520 294.
1366 480 1462 521 365.
1496 480 1618 520 Plaut.
1648 480 1834 533 Amphitr.

301 550 341 598 2,
373 550 408 594 1,
441 549 506 589 27.
534 547 586 585 ib.
615 546 778 586 Taubm.
806 570 854 577 —
878 548 915 584 si
940 560 1019 584 non
1043 546 1152 592 odit,
1180 548 1294 599 regit.
1322 548 1422 586 Voeo
1438 552 1477 586 et
1495 548 1672 587 Merkel.-
1703 548 1832 599 „Mei-

299 619 395 653 stert
435 628 476 654 er
502 615 627 663 ihn.,“
667 615 705 651 in
741 627 851 665 quam
888 627 970 653 rem
1003 614 1234 653 Selzmidius
1268 617 1464 655 commode
1499 617 1628 656 laudat
1657 617 1739 656 Cic.
1775 630 1832 668 pr.

300 683 402 721 Mur.
436 684 514 732 29,
543 684 610 724 60.
657 682 753 719 Non
791 683 920 720 multa
952 697 1120 734 peccas,
1156 685 1289 735 inquit
1318 684 1387 722 ille
1406 685 1630 736 fortissimo
1663 686 1747 723 viro
1776 699 1834 722 se-

298 752 386 788 nior
414 752 629 802 magister,
658 750 751 797 sed,
780 751 816 787 si
838 764 984 801 pecca-5·
993 779 1010 797 ,
1040 758 1077 788 te
1105 765 1237 804 regere
1258 767 1438 804 possum.
1482 753 1541 792 De
1567 753 1702 792 festiva
1730 753 1833 791 simi-

298 820 456 858 litudine
481 832 504 858 a
529 820 602 870 pia
631 826 756 857 matre
785 832 820 860 v,
848 821 915 862 27.
943 827 1105 871 sumpta
1135 825 1173 859 et
1198 821 1247 859 ab
1273 821 1507 860 Hochedero
1521 821 1571 874 †)
1596 821 1682 874 plus
1710 833 1834 871 aequo

298 888 489 926 subtiliter
513 887 698 940 explicata
721 900 793 926 vox
815 887 943 926 nescio
971 901 1069 939 quae
1093 893 1277 928 secretam
1294 891 1426 940 gannit
1443 890 1483 928 in
1509 902 1656 928 aurem:
1683 901 1832 928 manum

299 957 348 994 de
377 955 522 994 tabula!

412 1025 458 1062 V.
489 1026 543 1066 28
570 1047 626 1053 —
656 1025 723 1064 31.
768 1024 890 1061 Elffeae
917 1046 973 1052 ——
1008 1024 1166 1062 Certare
1180 1024 1275 1078 ††).
1323 1025 1449 1070 Quum
1471 1025 1550 1075 jam
1579 1037 1694 1063 unum
1717 1023 1835 1063 instar

299 1093 466 1130 omnium
492 1095 731 1144 proponatur
759 1092 991 1143 exemplum,
1022 1105 1096 1143 quo
1124 1093 1231 1131 dives
1259 1094 1401 1131 amicus
1430 1105 1635 1144 pauperem
1662 1093 1834 1130 admoni-

299 1165 380 1198 tum
407 1161 508 1210 vult,
549 1174 596 1198 ne
625 1173 694 1198 sua
724 1160 833 1210 vitia,
861 1160 935 1198 hoc
970 1159 1055 1197 loco
1084 1160 1235 1198 nimium
1264 1161 1422 1210 cultum,
1459 1161 1645 1209 imitetur,
1682 1161 1834 1199 verissi-

300 1240 398 1266 mam
426 1228 581 1266 habebis
611 1227 791 1265 Rodellii
819 1229 878 1266 vel
910 1228 1077 1265 Gesnen·
1102 1229 1454 1280 interpretationem
1483 1229 1530 1266 ab
1561 1229 1833 1280 interpp..fere

298 1298 571 1335 recentioribus
612 1301 650 1335 et
681 1296 922 1334 Ruhnkenio
956 1297 1005 1334 ad
1034 1295 1191 1336 Terent.
1226 1297 1361 1346 Hecyr.
1389 1299 1436 1342 2,
1464 1298 1510 1345 1,
1539 1299 1606 1339 28.
1644 1297 1828 1349 approba-

299 1369 395 1402 tam:
436 1365 582 1415 „Meae
612 1378 724 1416 opes,
743 1368 869 1403 tantae
901 1368 1011 1413 sunt,
1051 1368 1094 1403 ut
1121 1364 1278 1403 stultitia
1306 1365 1388 1402 illas
1418 1378 1493 1403 non
1527 1368 1708 1404 attenuet.
1720 1365 1748 1388 ‘⁶
1777 1387 1833 1392 —

299 1433 446 1483 „Quod
476 1435 515 1471 in
540 1433 658 1471 divite
691 1433 849 1470 stultitia
877 1437 935 1470 est
971 1437 1009 1471 et
1036 1433 1209 1481 vanitas,
1244 1431 1336 1470 illud
1375 1434 1414 1470 in
1444 1445 1611 1484 paupere
1638 1433 1744 1471 furor
1773 1438 1832 1470 est

297 1514 343 1538 ac
373 1501 605 1539 dementia.“
649 1501 794 1539 Contra
823 1500 1041 1539 Scholiastis
1065 1501 1278 1539 auctoribus
1312 1501 1513 1553 [Porphyr.
1552 1527 1580 1551 ‚,
1590 1501 1744 1553 opibus,
1773 1502 1832 1538 in-

300 1568 402 1619 quit,
449 1580 652 1619 compenso
698 1568 897 1618 stultitias,
941 1582 1057 1620 quum
1102 1569 1240 1607 stultus
1279 1583 1374 1608 sum.
1441 1569 1572 1608 Simile
1609 1569 1700 1608 illud
1747 1568 1833 1607 Sal-

299 1636 399 1674 lustii
426 1636 588 1688 (Histor.
624 1638 658 1676 l.
684 1650 739 1678 or.
768 1635 905 1688 Lepid.
940 1636 1039 1689 44.:)
1085 1637 1190 1688 Quia
1219 1637 1415 1676 secundae
1443 1652 1502 1676 res
1524 1639 1621 1675 mire
1648 1645 1742 1676 eunt
1769 1639 1832 1675 νὶ-

299 1705 365 1740 tiis
395 1702 629 1755 obtentai“]
657 1703 909 1742 Lambinus:
939 1706 1108 1756 „divites
1136 1706 1366 1753 existimare,
1395 1705 1467 1744 sibi
1493 1711 1558 1745 aut
1577 1707 1700 1746 omnia
1721 1707 1835 1746 licere

299 1776 363 1809 aut
389 1776 492 1809 certe
520 1772 651 1823 plura,
679 1786 790 1823 quam
819 1775 1054 1824 tenuibus‚“
1091 1774 1313 1826 Oraquias:
1342 1775 1567 1824 „stultitiam
1595 1775 1831 1827 compensari

413 1906 449 1952 *)
480 1909 533 1942 De
562 1909 823 1945 constructione
848 1922 908 1949 vv.
933 1914 972 1948 21
999 1931 1053 1937 —-
1080 1912 1124 1949 25
1152 1911 1369 1959 Doen'ngius
1396 1918 1497 1948 recte
1526 1913 1684 1960 disputat
1710 1919 1833 1948 contra

299 1965 507 1999 Lambinum
527 1965 580 2000 sic
598 1967 710 2001 verba
729 1974 1012 2013 componentem:
1035 1968 1161 2012 „dives
1181 1969 1311 2004 amicus
1332 1982 1439 2016 saepe
1460 1971 1578 2005 multis
1597 1969 1757 2016 partibus
1777 1969 1832 2001 vi-

299 2021 427 2056 tiosior
451 2021 623 2057 inferiore
649 2024 780 2068 arnico,
812 2026 968 2069 quamvis
998 2025 1056 2059 hic
1083 2026 1212 2060 amicus
1238 2026 1387 2060 inferior
1407 2027 1490 2063 talis
1510 2027 1576 2071 sit,
1597 2026 1730 2073 qualem
1754 2035 1830 2060 eum

299 2078 509 2124 descripsit,
531 2091 655 2125 nempe
670 2080 803 2114 Veneri
818 2081 979 2125 deditus,
1003 2082 1157 2126 aleator,
1179 2088 1380 2117 ostentator
1395 2090 1432 2118 et
1448 2084 1640 2129 gloriosus,
1660 2081 1830 2128 pecuniae

300 2135 545 2182 cupidissimus
559 2142 644 2182 etc.‚
667 2147 743 2171 eum
758 2137 832 2171 odit
847 2138 891 2172 ab
908 2148 1018 2183 eoque
1033 2138 1229 2174 abhorret“
1242 2145 1324 2184 etc„
1347 2151 1450 2186 quum
1461 2139 1672 2186 jungendum
1693 2138 1759 2173 sit:
1779 2139 1831 2173 di-

299 2205 356 2228 ves
377 2193 507 2227 amicus
525 2203 622 2238 eum,
643 2205 743 2238 quem
761 2213 816 2220 —
840 2214 888 2219 —
912 2195 984 2230 odit
1001 2200 1034 2229 et
1055 2196 1186 2230 horret.

395 2247 452 2295 **)
475 2249 530 2284 De
551 2261 614 2285 usu
640 2251 774 2285 numeri
793 2250 960 2294 ternarii,
985 2252 1177 2297 septenarii
1193 2257 1263 2288 etc.
1285 2253 1392 2288 multa
1420 2253 1564 2298 collegit
1589 2251 1775 2287 Seebodim
1794 2250 1828 2284 in

300 2306 492 2350 „Scholien
513 2318 555 2341 zu
576 2306 647 2349 Qu.
667 2308 757 2342 Hor.
777 2307 923 2342 ΙίἾιιοοέι
944 2310 973 2343 Ῑ.
993 2320 1028 2354 p.
1046 2310 1088 2345 12
1105 2329 1160 2335 —
1179 2307 1249 2354 14„
1270 2309 1398 2356 quibus
1414 2310 1458 2345 de
1473 2309 1675 2356 septenario
1691 2308 1830 2354 quidem

299 2364 390 2398 adde
411 2365 549 2399 Buddei
567 2365 760 2400 Introduct.
775 2365 820 2399 ad
834 2365 961 2411 philos.
984 2365 1202 2400 Ebraeorum
1221 2379 1257 2412 p.
1278 2367 1359 2402 363.
1387 2367 1543 2402 Ηίῐάεόν.
1565 2365 1608 2400 ad
1627 2365 1732 2412 Apul.
1752 2364 1828 2400 Me-

299 2428 383 2455 tam.
407 2423 462 2466 11,
484 2423 515 2454 1.
535 2433 571 2466 p.
594 2419 675 2457 984.
698 2422 839 2456 Sickler.
863 2422 1031 2467 „Handb.
1052 2422 1114 2456 der
1133 2423 1196 2458 alt.
1219 2424 1382 2468 Geogr.“
1403 2424 1450 2457 ΙΙ.
1471 2436 1507 2469 p.
1529 2421 1610 2458 502.

403 2478 445 2521 ἦ)
466 2479 501 2512 Is
521 2478 594 2512 sic:
621 2479 721 2522 „Der
741 2479 890 2514 Dichter
909 2479 1019 2526 spielt
1038 2479 1170 2515 wieder
1188 2480 1252 2515 auf
1263 2480 1319 2515 ein
1338 2479 1558 2515 Verhfiltniss
1573 2491 1639 2523 an,
1662 2477 1827 2514 wodurch

299 2535 362 2568 der
384 2535 527 2569 Freund
549 2535 636 2569 oder
657 2536 915 2581 Schmeichler‚
944 2536 1012 2571 wie
1032 2548 1067 2572 v,
1096 2536 1173 2582 13.‚
1203 2547 1278 2572 zum
1300 2537 1416 2571 Kinde
1437 2537 1546 2579 wird3
1571 2536 1670 2581 dort‚
1702 2535 1770 2570 wie
1789 2545 1829 2568 es

298 2602 363 2625 vor
383 2591 447 2625 der
476 2591 702 2627 Orbilischen
723 2593 841 2627 Ruthe
868 2594 1012 2639 zittert,
1044 2594 1138 2638 hier,
1161 2594 1230 2628 wie
1250 2605 1288 2629 es
1317 2594 1463 2640 geriihrt
1493 2594 1637 2629 werden
1657 2603 1750 2627 musa
1769 2590 1827 2626 bei

299 2647 494 2683 zartlichen
516 2649 916 2696 Zurechtweisungen.“

381 2705 446 2749 ††)
467 2706 521 2739 De
539 2705 659 2740 verbis
679 2706 729 2741 ait
743 2718 854 2753 prope
872 2719 957 2742 vera
976 2720 1018 2742 ex
1039 2707 1333 2753 interpretatione
1353 2708 1389 2742 J.
1411 2707 1586 2752 Merkelit‘:
1604 2717 1671 2751 „so
1691 2701 1825 2750 spricht

300 2772 339 2793 er
360 2762 423 2795 mit
445 2762 561 2796 Recht
584 2762 702 2797 wohl“
726 2763 802 2798 vid.
827 2775 907 2803 ann,
931 2763 973 2798 ad
997 2767 1030 2809 6,
1053 2767 1084 2799 1.
1105 2765 1186 2799 coll.
1205 2764 1341 2799 Manut.
1364 2764 1407 2798 ad
1434 2764 1509 2798 Cic.
1535 2775 1590 2809 pr.
1614 2762 1708 2796 Sezt.
1727 2759 1761 2803 3,
1787 2759 1823 2793 8.

303 2817 422 2851 Orellii
436 2818 781 2863 interpretationem:
811 2821 884 2865 „im
915 2822 1089 2856 Ganzen“
1118 2826 1217 2856 recte
1237 2821 1412 2867 improbat
1430 2819 1590 2855 Handius
1607 2817 1650 2851 ad
1672 2814 1824 2850 Tursell-

298 2871 360 2903 IV·
384 2885 418 2917 p.
437 2875 517 2909 603.
547 2875 745 2911 Particulae
765 2877 854 2911 enim
882 2878 979 2912 notio
1009 2878 1314 2925 appropinquandi
1342 2875 1546 2913 modestiam
1574 2871 1738 2918 exprimit
1764 2870 1823 2904 vel

294 2927 460 2971 Judicium
479 2933 674 2977 prudenter
693 2932 895 2969 cohibitum.
