1910 3138
0 0 123 68 Ε
171 4 173 6 ,

0 70 26 98 Ε

95 240 176 288 1‘65
233 226 507 285 comm.
526 243 585 283 ιΝ
604 243 727 284 non.
754 243 852 282 Lm.
873 244 901 282 1.
934 238 1465 283 EP1sT.sssxr.nEcm.
1523 239 1606 282 325

82 371 217 416 judae
246 374 423 421 putant,
466 369 503 408 si
538 375 676 406 contra
708 369 812 420 leges
852 382 947 406 suas
984 367 1089 406 nihil
1109 367 1303 419 saciant;
1346 368 1455 421 quod
1488 369 1607 405 etiam

93 436 235 475 timori¹
256 434 433 474 adscribi
459 441 616 487 potest,
654 437 692 473 si
716 437 986 486 praesentium
1014 449 1236 486 poenarum
1264 443 1369 474 metu
1398 434 1608 474 sceleribus

93 502 329 543 abstineant.
369 503 482 544 Conf.
512 503 592 542 Cic.
618 504 667 542 de
700 502 786 541 Fin.
823 504 872 552 2,
902 503 978 552 22,
1008 503 1076 543 73.
1105 503 1156 552 8,
1194 505 1269 552 11,
1299 503 1366 545 38.
1407 502 1531 552 Beier.
1558 504 1608 542 ad

93 565 175 611 (ἧοῖ
200 570 317 614 Offie.
347 571 390 621 3,
418 571 461 621 8,
483 571 552 612 36.
581 571 649 611 37.
682 571 841 621 Rupert.
867 571 916 607 ad
944 570 1028 608 Juv.
1059 570 1127 620 13,
1157 571 1238 612 209
1267 583 1353 622 sqq.
1385 571 1525 610 Gatak.
1558 573 1608 610 ad

92 637 352 681 H-Antonin.
381 639 450 688 11,
480 638 546 679 18.
574 652 613 690 p.
639 638 735 679 330.
774 637 909 677 Stallb.
940 639 990 676 ad
1018 637 1115 676 Plat.
1142 639 1191 676 de
1218 638 1317 688 Rep.
1349 640 1389 688 2,
1418 639 1458 681 2.
1484 639 1524 680 3.
1551 661 1608 668 —

90 705 141 748 V.
179 705 248 748 54.
290 703 471 743 miscebis
509 719 625 743 sacra
655 705 843 756 profani-5·
864 704 916 756 ¹⁰³).
950 705 1031 743 >Ita
1061 705 1184 744 Plaut.
1220 705 1328 746 Trin.
1365 706 1413 754 2,
1451 707 1499 756 2,
1540 707 1607 747 11.

93 774 258 811 miccmc
281 771 404 811 mores
431 773 548 819 mali,
576 787 722 824 rapax,
751 773 936 819 Avarus,
965 771 1151 810 invidus.-
1187 786 1347 810 sac-mm
1367 772 1608 823 profanum,
1635 816 1640 821 -

89 839 302 893 publicum
315 843 524 891 privatam
549 841 707 878 habent.
740 841 852 879 Caes.
873 841 919 878 B.
942 840 1027 878 civ.
1050 843 1089 890 1,
1112 842 1151 881 6.
1179 840 1246 891 (ib.
1266 840 1450 890 Herzog.)
1475 841 1610 877 omnia

94 908 235 947 divina
261 908 516 961 humanaque
531 911 635 956 jura
658 910 952 959 permiscentur.
992 909 1084 948 Sall.
1113 909 1199 951 Cat.
1232 911 1299 959 12,
1329 909 1368 949 2.
1398 907 1471 958 (ib.
1502 907 1609 950 Cort.

94 983 135 1019 et
163 979 292 1026 Fabr.)
317 979 458 1016 divina
484 984 604 1029 atque
630 976 812 1014 humana
835 977 1064 1027 promiscua
1092 977 1245 1014 habere.
1283 977 1407 1026 Saepe
1441 976 1494 1013 sic
1522 976 1610 1026 jun·

93 1052 233 1099 guntur
256 1051 295 1086 et
319 1059 455 1091 encra,
476 1044 654 1096 profana
680 1048 720 1082 et
749 1045 889 1081 divina
901 1073 915 1090 ,
943 1043 1136 1086 Immana.
1165 1045 1278 1085 Conf.
1301 1043 1385 1084 Liv.
1410 1043 1451 1092 6,
1476 1043 1547 1092 33,
1570 1041 1610 1083 4.

92 1114 164 1167 (ih.
187 1113 325 1166 Drak)
354 1114 431 1164 25,
459 1109 535 1162 40,
565 1113 603 1153 2.
641 1112 733 1149 Sall.
762 1112 885 1163 Epist.
914 1111 961 1150 ll.
992 1114 1039 1150 ad
1070 1113 1183 1150 Caes.
1212 1113 1260 1149 de
1287 1111 1385 1162 Rep.
1415 1111 1538 1148 ordin.
1566 1111 1609 1158 8,

93 1181 136 1224 4.
173 1182 279 1224 Curt.
309 1182 383 1233 10,
411 1183 456 1231 1,
485 1180 527 1221 3.
569 1176 669 1220 Dici.
699 1179 804 1220 Cret.
835 1181 882 1229 2,
901 1179 979 1230 ,13.
1018 1178 1068 1229 4,
1099 1181 1166 1221 22.
1203 1180 1298 1218 Tac.
1326 1179 1427 1219 Hist.
1458 1180 1508 1227 2,
1542 1178 1609 1218 56.

92 1251 190 1290 Rem
213 1251 334 1302 ipsam
362 1248 480 1287 habes
516 1246 593 1286 od.
630 1247 684 1296 3,
715 1248 768 1297 3,
807 1248 873 1288 51.
909 1247 997 1298 ibiq.
1042 1247 1191 1285 Mitsch.
1221 1252 1260 1286 et
1290 1247 1409 1285 Orell.
1437 1251 1476 1284 et
1508 1245 1608 1284 conf.

93 1318 210 1357 Bach.
238 1318 288 1356 ad
315 1317 428 1357 ovid.
457 1313 550 1353 Met.
579 1316 620 1365 6,
650 1315 747 1356 585.

187 1385 253 1423 ·V.
281 1384 350 1426 55.
380 1385 448 1424 56.
490 1383 602 1420 Nam
638 1381 687 1420 de
719 1382 829 1420 mille
858 1405 910 1412 —-
937 1384 1025 1423 isto.
1073 1383 1296 1433 „Nituntur
1330 1382 1400 1420 hoc
1437 1381 1608 1433 exemplo

93 1454 226 1504 Stoici,
250 1466 361 1504 quum
385 1456 544 1503 peccata
570 1451 775 1489 ostendunt
803 1463 890 1488 esse
911 1450 1094 1500 aequalia,
1125 1451 1203 1488 Sed
1223 1451 1294 1488 hoc
1314 1450 1608 1500 quomodocum-

95 1535 168 1573 que
192 1534 236 1560 se
262 1520 426 1568 habeat,
462 1532 591 1556 verum
627 1523 687 1556 est
725 1520 829 1568 quod
864 1519 917 1556 ait
953 1519 1155 1568 Horatius,
1204 1532 1291 1556 eum
1327 1519 1390 1568 qui
1426 1518 1475 1555 de
1508 1516 1608 1555 mille

92 1589 227 1627 modiis
256 1600 368 1625 unum
402 1590 547 1624 tantum
579 1586 802 1633 suffuretur,
842 1600 917 1636 quo
951 1591 1055 1624 tutus
1091 1586 1230 1637 lateat,
1267 1599 1346 1624 non
1372 1586 1463 1636 quin
1489 1588 1610 1623 totum

94 1661 238 1695 mente,
257 1657 432 1706 appetat,
465 1666 585 1703 aeque
618 1653 870 1691 facinorosum
904 1659 945 1691 et
981 1654 1180 1692 scelestum
1207 1654 1324 1692 videri
1352 1667 1398 1692 ac
1427 1653 1459 1691 si
1487 1657 1609 1691 totum

94 1723 273 1774 raperet“
303 1726 375 1762 etc.
415 1721 649 1758 Torrentius.
686 1719 745 1758 De
773 1720 837 1758 illo
863 1721 1076 1759 Stoicorum
1098 1721 1238 1773 placito
1263 1723 1337 1763 vid,
1363 1722 1530 1760 Schmid.
1558 1721 1608 1758 ad

94 1790 132 1830 h.
159 1789 185 1832 l.
213 1791 379 1841 interpp.
407 1789 456 1826 ad
483 1788 564 1826 Sat.
597 1790 646 1837 1,
673 1788 723 1838 3,
753 1789 807 1829 96
836 1802 921 1840 sqq.
961 1789 1122 1829 Casaub.
1154 1796 1193 1828 et
1219 1790 1386 1839 Koenig.
1412 1789 1462 1827 ad
1500 1787 1607 1826 Pers.

96 1857 139 1906 5,
169 1856 265 1897 119.
294 1856 452 1894 Bfinem.
479 1857 529 1894 ad
557 1854 732 1896 Lactant.
763 1855 853 1898 lnst.
885 1853 933 1906 3,
965 1857 1042 1906 23,
1071 1858 1111 1897 8.
1147 1856 1240 1896 Inde
1268 1857 1405 1894 nollem
1437 1856 1607 1895 additum

95 1927 216 1974 esset:
256 1951 286 1974 „
296 1937 370 1974 quo
405 1927 509 1961 tutus
548 1923 707 1963 lateat.“
763 1923 883 1962 Poeta
924 1929 1119 1975 peccatum
1159 1925 1329 1976 quamvis
1369 1924 1451 1962 leve
1491 1927 1608 1972 atque

95 1992 292 2042 exiguum,
328 1996 453 2029 tamen
488 1996 682 2043 peccatum
713 2004 800 2030 esse
831 1990 932 2041 vult,
970 1992 1024 2030 ita
1059 1997 1102 2031 ut
1133 1992 1184 2030 sit
1212 1990 1342 2044 (quod
1370 1993 1424 2030 ait
1458 1991 1539 2028 Cic.
1568 1990 1608 2026 in

94 2059 280 2098 Paradox.
308 2059 357 2108 3,
388 2058 464 2111 1.):
501 2060 663 2110 Parva,
692 2060 843 2112 inquis,
873 2073 934 2097 res
962 2067 1042 2097 est.-
1079 2067 1125 2097 at
1151 2074 1302 2111 magna
1330 2059 1463 2110 culpa.
1518 2057 1607 2094 Nec

205 2209 243 2254 *)
270 2210 500 2256 Doeringt'us:
525 2222 661 2254 „sacra
689 2215 726 2244 et
752 2211 898 2256 profana
924 2211 960 2245 in
985 2210 1078 2244 nullo
1099 2209 1192 2255 apud
1211 2214 1249 2243 te
1268 2209 1468 2243 discrimine
1490 2212 1606 2250 erunt,

96 2265 262 2312 quiequid
279 2267 404 2300 suadet
420 2267 543 2310 libido,
561 2268 682 2301 facies.
705 2268 792 2302 Infr.
816 2268 911 2301 A.P.
933 2267 1015 2302 397.
1028 2267 1103 2312 suit
1121 2267 1207 2300 haec
1225 2265 1396 2311 sapientia
1418 2264 1605 2307 quondam,

96 2322 239 2356 Publica
248 2323 395 2368 privatis
404 2334 593 2366 secernere,
611 2336 718 2358 sacra
732 2323 932 2374 prosanz's.“
964 2323 1109 2357 Rectius
1124 2323 1210 2365 hoc,
1232 2333 1332 2367 quam
1346 2320 1389 2353 de
1403 2320 1480 2364 ipso
1497 2319 1607 2352 sacri-

95 2377 191 2422 legio
212 2379 383 2423 cogitare,
404 2390 507 2424 quum
526 2379 700 2414 dictiones
719 2391 784 2414 usu
803 2379 912 2413 tritae
931 2391 1001 2414 non
1020 2380 1093 2413 sint
1112 2378 1337 2423 premendae.
1354 2376 1459 2410 Conf.
1476 2375 1554 2408 Liv.
1570 2375 1605 2419 5,

96 2430 163 2475 40,
185 2435 241 2468 10.
275 2434 491 2479 Compositio
517 2442 631 2470 autem
657 2437 844 2470 verborum
871 2435 926 2470 Sit
947 2455 1002 2460 ——
1027 2434 1177 2468 miscebis
1199 2439 1255 2468 est.
1275 2432 1387 2478 qualis
1407 2433 1485 2466 Sat.
1510 2434 1525 2465 1
1539 2457 1550 2475 ,
1570 2431 1605 2475 9,

97 2485 154 2522 54.
188 2488 276 2522 Velis
288 2493 529 2525 tantummodo
546 2512 594 2517 ——
613 2492 843 2538 expugnabis.
865 2492 975 2536 Prop.
995 2490 1030 2534 3,
1052 2492 1085 2532 2,
1106 2489 1165 2533 (3)
1190 2490 1245 2525 23.
1274 2491 1381 2522 radat
1401 2500 1528 2523 arenas
1551 2507 1605 2514 —-

101 2543 213 2577 Tutus
231 2545 309 2578 eris.
328 2541 369 2587 4,
390 2543 430 2588 5,
450 2546 484 2579 9.
511 2548 579 2581 Illa
599 2549 698 2591 velit,
725 2548 866 2594 poterit.
894 2547 1022 2580 Senec.
1048 2546 1203 2589 Thyest.
1225 2542 1305 2579 214.
1343 2545 1421 2578 Rex
1443 2545 1522 2579 velit
1544 2545 1605 2578 ho-

97 2604 215 2643 meta,
242 2611 343 2634 nemo
362 2611 434 2634 non
453 2603 572 2636 eadem
592 2605 694 2638 volet.
733 2605 787 2637 De
807 2602 953 2646 omissa,
979 2613 1079 2646 quam
1099 2600 1240 2645 dicunt,
1270 2599 1443 2645 particula
1468 2601 1499 2634 εἰ
1527 2600 1603 2635 vid.

99 2661 220 2690 annot.
238 2656 284 2690 ad
302 2654 422 2699 Epist.
447 2658 486 2699 1,
510 2658 568 2692 89.
597 2670 635 2704 p.
654 2659 713 2694 93.
752 2659 847 2694 Diss.
867 2658 910 2692 ad
931 2658 1016 2692 Tib
1041 2659 1082 2700 1,
1105 2658 1146 2700 6,
1169 2656 1225 2692 53.
1266 2657 1414 2702 Forbig.
1436 2657 1482 2691 ad
1500 2657 1603 2702 Virg-

22 2723 32 2737 ·
98 2711 184 2746 Aen.
206 2714 241 2757 6,
260 2712 318 2746 31.
342 2711 422 2745 coll.
443 2713 478 2755 6,
498 2713 555 2748 29.
577 2725 612 2759 p.
632 2716 711 2750 276.
755 2715 807 2748 De
827 2713 1040 2748 allocutione
1060 2717 1098 2746 et
1116 2714 1320 2758 pronomine
1344 2714 1454 2749 TuV.
1477 2712 1534 2749 53.
1556 2715 1600 2749 ef.

98 2774 243 2814 praeter
262 2767 415 2802 Schmid.
444 2768 489 2802 ad
515 2767 548 2812 h.
577 2769 600 2802 l.
628 2775 747 2804 annot.
780 2776 890 2803 nostr.
914 2770 959 2803 ad
990 2771 1030 2813 1,
1061 2767 1118 2804 42.
1153 2769 1213 2803 Fr.
1237 2770 1379 2804 Jacobs.
1410 2771 1453 2805 V.
1479 2782 1518 2816 p.
1543 2767 1603 2807 34.

98 2823 227 2858 Dfintz.
257 2824 302 2858 ad
331 2826 392 2868 12,
418 2820 453 2857 4.
485 2835 518 2869 p.
541 2825 617 2859 162.
662 2825 860 2859 Dictionem
889 2825 1017 2869 aliquid
1042 2825 1080 2859 in
1107 2837 1143 2860 se
1174 2827 1354 2861 adtinere
1379 2827 1603 2862 illustrarunt

99 2880 235 2915 Ruhnk.
262 2880 307 2915 ad
324 2880 443 2921 ‚RutiL
466 2881 558 2926 Lup.
586 2880 620 2914 3.
652 2892 688 2926 p.
711 2881 768 2916 83.
798 2881 954 2926 Herzog.
975 2882 1020 2915 ad
1041 2882 1145 2920 Caes.
1164 2881 1208 2916 B.
1232 2884 1280 2918 G.
1303 2884 1346 2926 3,
1366 2883 1399 2918 9.
1434 2884 1537 2920 Hess.
1557 2885 1601 2919 ad

101 2935 189 2970 Tac.
209 2936 301 2971 Dial.
327 2939 380 2972 12.
402 2949 437 2982 p.
458 2938 514 2971 77.
546 2935 607 2971 Sic
626 2937 703 2970 Sat.
724 2938 759 2980 2,
774 2936 809 2981 3,
830 2938 907 2973 212.
930 2938 1039 2972 scelus
1056 2939 1098 2972 ob
1116 2938 1231 2974 &tulos
1252 2939 1432 2975 admittis·
1418 2941 1543 2976 martis.

161 3033 195 3055 A
