1910 3138
96 183 180 227 20⁷
245 176 519 222 comm.
548 177 606 219 1N
632 178 756 220 HOR.
787 177 888 219 Lm.
912 178 943 218 1.
980 175 1154 219 EPIST:
1173 173 1475 216 vlessmAn.
1543 139 1627 214 555

99 296 197 335 sisse
220 292 380 346 (weber
405 292 431 331 l.
460 292 484 331 1.
511 305 551 344 p.
581 291 703 342 189),
729 292 885 331 hiberno
914 296 1086 343 tempore
1115 290 1208 328 mari
1231 287 1561 342 appropinquasse
1583 300 1627 337 et

99 365 255 416 proptu·
286 361 419 400 hiemis
455 361 649 399 lenitatem
685 360 894 399 Tarentum
931 359 1108 397 laudasse
1135 359 1298 397 constat.
1358 355 1449 394 Huc
1468 356 1627 403 accedit,

98 429 373 482 quod-veteres
398 429 559 468 Romani
587 428 638 466 ad
664 426 917 466 valetudinem
946 426 1166 464 firmandam
1193 424 1293 462 uncti
1321 423 1359 462 in
1388 423 1471 463 sole
1495 424 1628 462 umbu-

98 497 221 536 larunt
245 497 442 547 otiosaque
467 495 697 547 apricatione
722 496 842 546 gavisi
868 499 968 536 sunt.
1023 492 1214 544 Praecipit
1239 492 1377 530 Celsus
1405 499 1556 544 quoque
1579 493 1629 531 de

98 563 235 604 Medic.
266 565 302 611 1,
329 565 366 605 2.
406 562 551 602 Melior
585 561 807 600 ambulatio
843 569 902 599 est
937 560 1011 599 sub
1043 561 1138 599 divo
1152 588 1167 606 ,
1206 573 1329 612 quam
1366 561 1411 597 in
1441 561 1624 611 porticu.-

98 631 262 678 melior,
288 633 327 669 si
349 638 474 682 caput
492 632 653 682 patitur
678 631 721 668 in
748 629 853 676 sole,
881 643 1003 682 quam
1028 630 1072 666 in
1096 626 1239 666 umbra
1259 631 1333 666 ete.
1355 647 1403 656 -
1426 649 1484 656 —
1500 628 1628 665 Ero*-

98 699 323 736 citascbnem
342 705 444 735 recte
461 700 638 750 sequitur
663 698 777 735 modo
806 699 939 735 unctio
951 725 969 744 ,
995 696 1063 734 vel
1080 698 1124 734 in
1141 695 1223 733 sole
1241 694 1307 732 vel
1327 695 1388 732 ad
1405 696 1539 747 ignem
1553 700 1627 736 ete.

98 766 270 817 Respicit
294 765 393 804 illam
428 767 735 806 consuetudinem
759 766 910 804 Persius
930 765 973 814 4,
1004 766 1069 806 18.
1096 763 1258 802 assiduo
1285 770 1428 801 curata
1454 763 1629 802 cuticula

99 832 181 870 sole
205 837 245 871 et
270 846 307 873 v.
336 833 405 874 33.
448 834 514 871 At
538 835 576 872 si
602 841 747 872 unctus
772 842 895 871 cesses
929 840 968 870 et
987 832 1106 884 figas
1131 833 1176 869 in
1207 838 1295 869 cute
1320 830 1441 868 solem
1473 831 1559 873 coll.
1586 832 1628 874 5,

102 900 197 941 179.
226 904 267 938 et
295 901 344 939 ad
373 900 444 940 hos
477 902 584 941 locos
619 901 782 941 Casani).
812 906 851 941 et
882 902 934 940 Ο.
963 901 1073 940 Jahn.
1109 899 1193 937 Juv.
1227 900 1295 948 11,
1324 899 1420 940 203.
1449 898 1628 951 (Rupert.

101 971 142 1006 et
167 967 320 1020 Heinr.)
347 969 500 1007 Nostra
529 969 643 1008 bibat
667 983 833 1008 vernum
861 976 1003 1007 curata
1029 966 1207 1006 cuticula
1233 966 1365 1005 solem.
1415 966 1528 1005 Mart.
1560 967 1629 1018 10,

103 1037 170 1083 12,
189 1037 230 1077 7.
257 1035 327 1087 (ib.
350 1037 513 1089 Rader.)
542 1038 572 1077 I
586 1051 729 1089 precor·
751 1045 790 1075 et
811 1044 911 1075 totos
927 1036 1052 1075 avida
1079 1042 1168 1074 cute
1192 1033 1365 1072 combibe
1392 1033 1505 1074 soles.
1548 1035 1628 1073 Au-

100 1115 184 1143 sou.
211 1104 310 1143 Mos.
336 1105 432 1146 393.
460 1104 528 1152 (ib.
557 1105 756 1156 Wernsd.)
791 1106 961 1156 Tempu.
989 1106 1087 1150 erit,
1115 1116 1239 1155 quum
1261 1116 1323 1140 me
1345 1103 1489 1140 studiis
1511 1103 1628 1154 igno-

101 1170 194 1209 bilis
219 1173 276 1209 oti
298 1172 544 1210 Male-entem
571 1185 690 1211 curas
715 1173 891 1225 seniiq1ae
914 1174 1056 1224 aprica
1071 1173 1272 1224 foventem
1300 1169 1495 1209 Materiae
1520 1184 1630 1209 com-

102 1239 260 1277 mandet
283 1239 418 1279 home.
447 1241 529 1281 Cic.
555 1242 605 1279 ad
634 1240 748 1283 Attio.
771 1244 839 1292 12,
863 1244 905 1291 6,
933 1242 975 1282 3.
1023 1240 1080 1277 Et
1096 1252 1171 1290 pro
1199 1240 1273 1275 isto
1300 1252 1390 1277 asso
1413 1239 1521 1286 sole,
1550 1253 1628 1291 quo

102 1313 148 1344 tu
173 1306 325 1346 abusus
350 1321 392 1346 es
415 1308 461 1346 in
482 1301 611 1346 nostro
634 1309 825 1359 pratulo,
852 1322 880 1346 a
907 1315 943 1345 te
965 1307 1138 1346 nitidum
1159 1306 1279 1344 solem
1299 1314 1542 1359 unctumque
1564 1321 1630 1345 re-

94 1380 287 1425 paternus.
327 1374 426 1417 Plin.
450 1375 572 1427 Epist.
595 1376 637 1426 3,
664 1376 706 1425 5,
737 1377 802 1417 10.
843 1377 888 1422 ⁸5.
913 1376 1015 1427 quid
1037 1376 1131 1422 otii,
1148 1374 1316 1423 jacebat
1344 1376 1388 1412 in
1421 1375 1515 1417 sole.
1543 1377 1627 1416 coll.

100 1442 143 1491 3,
168 1443 208 1492 1,
236 1443 277 1482 8.
306 1444 349 1490 6,
378 1443 447 1491 16,
477 1443 518 1484 5.
550 1443 684 1482 Senec.
708 1443 756 1481 de
783 1443 895 1483 Brev.
923 1445 988 1486 vit.
1018 1444 1083 1485 13.
1112 1444 1306 1495 Persequi
1330 1443 1511 1495 singulos
1537 1443 1628 1482 Ion—

98 1521 199 1559 gum
225 1514 304 1557 est,
348 1521 517 1560 quorum
543 1517 617 1548 aut
642 1510 864 1549 latrunculi
887 1518 960 1550 aut
986 1511 1079 1563 pila
1105 1518 1181 1549 aut
1205 1511 1446 1563 excoquendi
1470 1512 1514 1548 in
1546 1511 1629 1548 sole

102 1577 274 1627 corporis
308 1589 405 1613 cum
442 1590 712 1628 consumpsere
743 1580 880 1621 vitam.
942 1568 1090 1625 Q'uodsi
1128 1580 1217 1618 olim
1254 1580 1479 1617 quntius
1504 1579 1628 1618 locum

100 1644 152 1682 ad
190 1644 436 1683 Horatianam
477 1645 747 1697 apricationem
788 1647 936 1697 retulit,
976 1659 1069 1686 sane
1105 1648 1275 1697 mireris,
1324 1646 1627 1686 Dodonaeum

99 1724 221 1750 meum
245 1715 285 1750 et
308 1712 348 1750 in
374 1710 500 1752 Lectt.
526 1713 664 1753 Horat.
691 1714 835 1753 Deoed.
859 1729 899 1767 p.
920 1716 987 1756 16.
1020 1719 1061 1753 et
1086 1714 1126 1752 in
1152 1714 1397 1754 translatione
1425 1716 1627 1767 „zuging-

99 1779 173 1819 lich
199 1780 269 1818 der
294 1780 454 1819 Sonne“
482 1781 670 1820 calvitium
704 1781 766 1822 hic
792 1783 947 1822 indicari
974 1783 1045 1820 sibi
1071 1783 1308 1834 persuasisse
1318 1781 1373 1835 *).
1434 1783 1486 1821 At
1512 1795 1626 1833 quum

100 1847 319 1897 addubitat,
347 1849 516 1900 possitne
545 1856 666 1900 aptus
691 1849 843 1889 solibus
863 1851 987 1901 idem,
1016 1851 1121 1901 quod
1145 1850 1240 1889 alias
1261 1863 1406 1888 amans
1432 1850 1527 1888 solis
1544 1852 1624 1900 sig—

99 1915 250 1954 nifioere
276 1927 323 1953 ac
352 1916 479 1967 potins
505 1916 655 1955 solibus
680 1925 822 1969 apuam
846 1919 983 1958 festive
1009 1918 1171 1957 describi
1198 1919 1377 1970 opinatur
1402 1918 1532 1956 latum
1559 1919 1624 1955 ni-

101 1982 208 2021 tidae
237 1981 378 2020 calvae
410 1996 596 2035 campum
623 1985 736 2025 Mart.
765 1987 835 2036 10,
859 1987 928 2035 83,
960 1987 1001 2028 3.
1030 1985 1118 2026 coll.
1143 1986 1266 2037 Epist.
1294 1987 1334 2036 1,
1364 1988 1405 2036 7,
1441 1987 1523 2034 26„
1551 1997 1623 2034 ego

100 2051 251 2102 quidem
267 2050 439 2089 festivam
462 2053 585 2091 sentio
604 2054 893 2107 descriptionem
915 2053 1162 2107 proclivitatis
1181 2054 1231 2092 ad
1254 2053 1498 2105 apricandum
1521 2056 1562 2090 ut
1585 2052 1623 2089 in

209 2239 251 2291 *)
273 2246 429 2291 Propter
446 2245 515 2280 viri
528 2245 620 2282 iuius
634 2247 829 2284 doctissimi
854 2247 1099 2282 auctoritatem
1112 2258 1221 2293 supra
1237 2246 1407 2293 proposui
1430 2246 1511 2280 illos
1525 2246 1623 2281 locos

102 2306 140 2335 et
161 2299 251 2336 addo
274 2302 320 2338 de
341 2302 408 2336 hac
427 2303 586 2348 eorporis
610 2315 713 2350 cura,
747 2304 801 2339 vel
825 2315 903 2338 asso
924 2302 982 2338 vel
1006 2310 1111 2338 uncto
1140 2304 1235 2347 sole,
1271 2314 1361 2350 quae
1388 2302 1625 2338 observat-unt

103 2358 278 2392 Grennim
296 2358 341 2392 de
356 2358 602 2394 Rusticatione
620 2361 850 2396 Romanorum
863 2365 933 2394 etc.
953 2359 1145 2394 Comment.
1168 2371 1200 2394 c.
1215 2360 1250 2394 6.
1269 2359 1306 2394 ἰιι
1328 2359 1502 2404 Sallengr.
1527 2360 1622 2398 Nov.

101 2413 211 2447 Thes.
227 2414 257 2449 I.
282 2425 320 2459 Ρ.
332 2415 398 2450 712
411 2426 490 2461 sqq.
517 2417 559 2449 A
579 2417 710 2452 Fratue.
734 2416 861 2451 Gor-ius
881 2415 925 2450 de
946 2415 1173 2450 Libertorum
1197 2414 1450 2450 columbario
1439 2427 1474 2449 m
1497 2416 1620 2453 Pelen.

102 2469 215 2505 Thes.
236 2469 302 2503 III.
330 2481 365 2515 p.
382 2470 461 2507 136.
491 2472 572 2506 coll.
596 2473 694 2507 Petr.
715 2473 849 2508 Victor.
872 2473 917 2507 V.
945 2471 986 2505 1..
1005 2474 1061 2517 21,
1083 2471 1138 2507 13.
1177 2471 1338 2507 Turneb.
1367 2471 1461 2506 Adv.
1486 2473 1542 2517 15,
1562 2474 1620 2512 21.

102 2524 253 2559 Taubm.
281 2525 328 2559 ad
354 2526 471 2562 Plaut.
498 2527 575 2562 Mil.
597 2529 647 2574 gl.
667 2531 700 2572 2,
728 2529 764 2573 3,
788 2529 846 2563 69.
876 2528 984 2563 Torr.
1012 2533 1050 2562 et
1074 2527 1189 2562 Brem.
1212 2527 1257 2562 ad
1282 2529 1384 2562 Suet.
1409 2528 1536 2567 Claud.
1563 2531 1622 2566 10.

101 2580 260 2615 Elmenh.
283 2581 329 2615 ad
342 2582 476 2617 Arnob
496 2584 526 2617 Ι.
549 2596 586 2629 Ρ.
605 2586 660 2620 11.
680 2555 844 2619 Hildebr.
865 2583 950 2620 ibid.
972 2585 1005 2628 1,
1021 2584 1056 2618 9.
1077 2585 1209 2619 (ἔτειον.
1229 2589 1267 2618 et
1281 2584 1454 2630 Heusing.
1476 2585 1521 2620 ad
1542 2585 1621 2627 eie,

102 2637 146 2671 de
163 2636 271 2672 Offic.
288 2639 321 2681 1,
336 2637 393 2680 36,
409 2634 443 2672 4.
465 2638 618 2685 interpp.
635 2640 679 2674 ad
703 2639 779 2676 Cic.
802 2639 924 2684 Epist.
942 2642 975 2684 1,
987 2640 1023 2685 9,
1042 2639 1101 2676 35.
1121 2640 1166 2675 ad
1181 2650 1233 2674 or.
1256 2651 1314 2686 pr.
1338 2639 1464 2683 Quint.
1490 2642 1547 2688 18,
1561 2641 1618 2679 59.

102 2693 146 2727 de
163 2692 229 2727 Or.
250 2696 284 2736 2,
310 2689 369 2738 14,
386 2694 446 2729 60.
466 2694 604 2729 Gernh.
625 2696 671 2730 ad
684 2696 762 2730 Cic.
781 2695 862 2731 Cat.
882 2696 962 2741 maj.
990 2697 1047 2739 16,
1073 2695 1131 2731 57.
1153 2696 1294 2732 Ruhnk.
1315 2697 1360 2732 ad
1383 2698 1531 2733 Terent.
1550 2698 1617 2736 Ad.

101 2746 136 2792 4,
155 2752 190 2792 2,
208 2746 266 2784 46.
294 2750 403 2783 Gesn.
423 2749 469 2784 ad
492 2749 689 2785 Chrestom.
719 2750 809 2785 Plin.
830 2763 867 2796 p.
880 2751 914 2786 9.
937 2750 1075 2797 Gierig.
1100 2752 1144 2787 ad
1168 2751 1259 2787 Plin.
1288 2754 1406 2800 Epist.
1427 2756 1461 2799 2,
1482 2755 1539 2801 17,
1558 2757 1616 2792 20.

102 2805 264 2840 Macrob.
284 2805 362 2841 Sat.
376 2807 410 2850 2,
423 2802 459 2840 4.
479 2817 515 2851 p.
534 2806 616 2842 360.
637 2807 786 2852 (Zeun.)
803 2806 925 2842 Simile
938 2808 1024 2853 qnid
1042 2808 1170 2843 fecisse
1184 2809 1313 2844 dicitur
1325 2810 1531 2847 Monboddo
1544 2811 1615 2856 ille,

101 2860 173 2898 vid.
192 2861 225 2898 J.
246 2862 289 2897 A.
311 2861 492 2898 Schaefer.
514 2861 558 2897 nd
576 2862 737 2899 translat.
757 2862 848 2898 Plin.
864 2864 983 2910 Epist.
998 2864 1034 2909 ³,
1055 2866 1088 2900 1.
1108 2876 1146 2911 Ρ.
1160 2863 1239 2902 144.
