1910 3138
127 154 182 199 95
233 153 512 198 coanNT.
533 154 589 195 ΙΝ
608 155 733 195 HOR.
758 154 860 195 LIB.
875 155 905 195 1.
934 155 1097 195 EPIST.
1114 154 1519 196 DUODEchsm.
1566 155 1651 197 443

125 268 297 321 much.)
330 268 418 319 Quo
444 267 597 306 clamor
623 275 739 306 vocat
767 275 805 306 et
835 267 954 306 turba
975 269 1215 320 faventium.
1251 268 1412 308 phaedr.
1441 269 1483 319 5,
1511 270 1554 319 5,
1583 271 1649 311 28.

126 337 341 389 Movetque
360 335 532 388 plausus
558 343 595 373 et
622 335 813 374 clamores
841 338 1020 374 suscitat.
1067 337 1146 374 Cic.
1171 337 1294 388 Epist.
1318 337 1367 374 ad
1395 335 1480 381 Div.
1509 338 1579 387 12,
1607 339 1633 378 7
1637 364 1650 385 ,

100 405 104 412 '
127 406 165 447 2.
194 405 296 442 Dira·
321 426 378 434 —
406 410 519 441 tanto
556 403 727 441 clamore
764 418 1029 456 consensuque
1048 404 1219 455 populi,
1257 410 1302 441 ut
1336 403 1443 442 nihil
1471 418 1649 456 unquam

122 472 250 518 eims‘le
270 471 450 510 viderim.
489 472 542 510 Id.
568 473 617 510 de
637 471 763 511 Divin.
787 474 826 521 1,
847 473 915 522 28,
941 471 1007 512 59.
1036 480 1197 509 senatus
1219 471 1441 509 consultum
1454 472 1650 524 frequen-

124 541 281 587 tiuimo'
294 538 471 585 theatro,
490 538 714 577 incredibili
731 539 905 576 clamore
923 547 961 576 et
971 540 1122 590 plausu
1140 538 1449 590 comprobatum.
1483 540 1595 580 Conf.
1610 540 1648 592 ‘)

123 607 319 659 Spalding.
347 609 396 645 ad
426 607 584 652 Quintil.
614 608 706 647 Inst.
728 608 768 656 4,
795 609 836 655 2,
860 607 928 648 37.
958 607 1091 649 Wolff.
1119 609 1167 646 ad
1190 608 1257 656 10,
1282 608 1320 656 1,
1354 609 1418 648 17.
1453 608 1572 648 Gesn.
1599 609 1650 646 ad

122 675 220 714 Plin.
259 675 382 726 Epist.
413 674 455 724 4,
484 675 525 725 5,
559 678 597 716 1.
636 674 780 725 Gierig.
810 675 859 712 ad
888 677 927 724 1,
954 675 1022 722 13,
1045 675 1085 715 3.
1121 675 1234 712 Hess.
1259 676 1307 712 ad
1331 674 1427 714 Tac.
1456 674 1556 714 Dial.
1579 677 1648 717 39.

122 757 164 795 p.
193 745 290 785 266.
323 742 487 781 Enendt.
516 743 564 779 ad
605 742 685 780 Cic.
714 743 762 780 de
800 743 870 782 Or.
899 745 939 792 1,
967 743 1037 792 33,
1071 742 1163 784 152.
1202 743 1321 792 Se3ff.
1356 743 1404 780 ad
1434 743 1518 781 Cic.
1544 742 1651 784 Lael.

124 812 167 861 7,
196 810 264 853 24.
304 811 481 849 Ceterum
509 814 675 846 coronae
695 815 740 848 ut
768 811 814 849 A.
841 810 885 849 P.
912 811 1009 852 381.
1038 814 1078 848 et
1100 811 1212 848 Mart.
1240 812 1283 860 7,
1312 811 1381 858 72,
1410 811 1450 850 9.
1480 810 1548 853 10.
1582 812 1651 850 Sic

116 878 303 930 palmam
330 863 410 915 *tibi
436 877 485 914 de
513 878 666 928 trigone
699 877 807 915 nudo
852 878 1003 914 Unctae
1040 878 1106 915 det
1126 879 1257 929 favor
1287 877 1432 915 arbiter
1469 891 1644 920 coronae.

122 947 219 985 Plin.
246 946 371 997 Epist.
401 947 440 995 2,
468 943 535 994 14,
568 946 607 985 6.
644 944 710 995 (de
738 945 972 983 auditoribus
998 947 1150 996 quidem
1176 946 1431 996 recitantium)
1459 946 1533 984 hoc
1553 961 1652 998 pre—

123 1015 178 1051 tio
201 1015 342 1065 ingens
377 1025 522 1049 corona
558 1011 786 1063 colligitur:
825 1013 900 1050 hoc
933 1013 1086 1062 infiniti
1122 1013 1313 1051 clamores
1347 1023 1648 1058 commoventur.

121 1081 206 1121 Ael.
230 1080 427 1132 Lamprid.
456 1080 496 1118 in
526 1080 633 1118 Alex.
666 1081 755 1120 SeV.
786 1081 826 1121 9.
857 1095 935 1132 per
949 1081 1101 1134 populi
1133 1088 1170 1117 et
1202 1081 1451 1119 honestorum
1486 1097 1651 1122 coronas

121 1162 206 1187 una
231 1163 320 1188 vox.
361 1151 447 1190 Alia
477 1149 772 1202 suppeditabunt
799 1149 967 1189 Schmid.
998 1151 1047 1188 ad
1071 1150 1109 1188 h.
1138 1149 1164 1189 l.
1206 1148 1304 1190 Dav.
1333 1151 1382 1187 ad
1411 1151 1490 1191 Cic.
1515 1152 1568 1194 N.
1597 1152 1649 1192 D.

121 1219 163 1267 2,
189 1220 229 1268 1,
257 1219 295 1260 1.
322 1219 434 1257 Hess.
462 1217 512 1255 ad
539 1217 634 1255 Tac.
657 1215 757 1254 Dial.
783 1217 822 1258 6.
846 1230 884 1269 p.
911 1215 980 1258 34.
1006 1218 1177 1257 Kiihner.
1202 1218 1252 1254 ad
1279 1218 1359 1258 Cic.
1390 1219 1510 1260 Tusc.
1541 1224 1581 1271 1,
1607 1223 1648 1272 5,

124 1285 194 1326 10.
224 1285 287 1324 De
313 1284 598 1338 campestribus
619 1283 783 1335 proeliis
811 1283 955 1336 (armis
975 1285 1022 1326 A.
1050 1285 1095 1328 P.
1123 1286 1242 1334 379„
1280 1289 1554 1326 exercitatione
1582 1289 1650 1327 lu—

121 1352 249 1404 doque
274 1355 486 1405 campestri
518 1354 603 1392 Cic.
630 1366 690 1405 pr.
723 1347 829 1392 coel.
854 1354 894 1404 5,
922 1355 1011 1403 11.,
1056 1354 1399 1392 exercitationibus
1423 1359 1649 1407 campestri-

122 1419 196 1458 bus
223 1422 328 1460 Suet.
355 1422 492 1460 Octav.
522 1421 627 1470 83.),
665 1421 801 1471 quibus
832 1429 1026 1459 certamen
1055 1423 1259 1459 Martium
1302 1424 1376 1461 Od.
1408 1423 1451 1475 4,
1483 1424 1551 1474 14,
1583 1427 1648 1467 17.

121 1489 347 1540 opponitur,
382 1489 488 1528 locos
516 1489 746 1528 Horatianos
779 1489 932 1539 collegit
969 1489 1223 1534 Sclzmidius,
1259 1504 1419 1540 quocum
1446 1493 1494 1530 cf.
1523 1493 1648 1534 Beier.

121 1556 171 1594 ad
199 1556 279 1598 Cic.
303 1557 418 1595 offic.
449 1559 488 1606 l,
518 1558 584 1597 29.
606 1570 649 1608 p.
680 1558 747 1598 27.
777 1556 942 1595 Ellendt.
972 1558 1020 1595 ad
1048 1557 1128 1596 Cic.
1158 1559 1206 1596 de
1233 1558 1298 1595 Or.
1330 1561 1370 1607 2,
1402 1560 1470 1609 20,
1497 1559 1566 1600 84.
1597 1561 1647 1602 Ο,

119 1623 230 1662 Jahn.
265 1625 315 1661 ad
351 1624 458 1662 Pers.
489 1625 539 1674 5,
570 1625 637 1665 57.
688 1624 835 1670 Quibus
863 1627 988 1663 armis
1014 1626 1076 1664 ina
1106 1626 1251 1677 proelia
1283 1626 1429 1665 Lollius
1468 1628 1647 1680 imprimis

122 1692 362 1742 sustinuerit,
390 1691 541 1730 docebit
569 1692 749 1730 Dissenit
772 1694 966 1732 annotatio
990 1695 1039 1732 ad
1067 1693 1157 1732 Tib.
1189 1696 1227 1743 1,
1257 1693 1297 1740 4,
1327 1695 1394 1738 51.

230 1759 278 1798 V.
308 1760 361 1800 55
379 1781 436 1787 -—-
454 1760 520 1801 57.
548 1774 709 1798 saevam
738 1760 937 1798 Militiam
956 1775 1061 1812 puer
1088 1768 1125 1798 et
1162 1761 1350 1800 Cantabr.
1384 1762 1490 1800 bella
1520 1763 1649 1801 tulisti

118 1827 143 1863 i.
166 1839 202 1864 e.
233 1831 271 1864 et
296 1827 448 1877 quidem
477 1827 665 1870 Cantabr.
693 1829 823 1876 betha,-
850 1830 943 1867 locis
972 1834 1012 1868 et
1040 1830 1285 1881 scriptoribus
1311 1832 1348 1876 in
1371 1825 1468 1869 hanc
1490 1845 1569 1870 rem
1597 1835 1646 1870 ad

119 1894 190 1943 12,
217 1895 256 1936 8.
280 1894 441 1933 laudatis
465 1896 563 1934 adde
597 1897 773 1936 Schmid.
804 1898 854 1935 ad
871 1897 908 1935 h.
934 1898 959 1935 l.
991 1897 1240 1950 Dillenburg.
1270 1899 1319 1936 ad
1349 1899 1425 1952 051.
1448 1902 1487 1949 1,
1508 1901 1550 1950 3,
1581 1901 1645 1941 19.

118 1965 159 1999 et
198 1961 394 2001 Schmidt.
428 1964 478 2002 ad
508 1965 592 2004 JuV.
623 1966 671 2015 7,
706 1963 775 2006 48.
814 1979 853 2016 p.
887 1967 982 2006 176.
1020 1966 1190 2016 Intellige
1219 1971 1343 2005 autem
1379 1967 1517 2006 bellum
1544 1979 1580 2004 a.
1609 1981 1644 2004 u.

121 2032 240 2081 729„
278 2045 354 2083 quo
382 2034 466 2085 ipse
498 2033 693 2083 Augustus
728 2034 931 2071 exercitum
955 2033 994 2071 in
1027 2033 1242 2071 Cantabros
1272 2039 1310 2071 et
1341 2035 1501 2072 Astures
1524 2034 1645 2083 duxit,

120 2101 182 2147 et,
211 2112 325 2150 quum
343 2113 429 2138 mox
454 2101 494 2137 in
513 2101 683 2139 morbum
710 2101 959 2152 periculosum
988 2102 1203 2150 incidisset,
1231 2115 1301 2152 per
1327 2101 1476 2150 legatos
1496 2101 1541 2141 C.
1564 2101 1645 2138 An-

117 2166 260 2205 tistium
289 2172 329 2206 et
355 2167 404 2208 T.
434 2167 619 2206 carisium
646 2170 777 2207 finivit.
819 2168 893 2206 Dio
925 2169 1035 2206 Cass.
1068 2170 1135 2217 53,
1166 2171 1233 2211 22.
1265 2170 1332 2209 25.
1365 2168 1536 2206 Masson.
1565 2168 1644 2206 Ho-

118 2238 190 2276 rat.
214 2235 292 2274 Vit.
319 2249 359 2287 p.
384 2236 478 2277 218.
516 2235 657 2276 Frank.
687 2237 793 2276 Fast.
822 2236 956 2276 Horat.
985 2249 1024 2286 p.
1055 2235 1147 2276 194.
1189 2235 1377 2273 Weichert
1406 2236 1454 2272 ad
1483 2236 1643 2284 August,

119 2303 249 2354 script.
282 2303 405 2353 Reliq.
442 2315 482 2353 p.
512 2304 592 2343 199
617 2316 675 2353 sq.
706 2304 790 2340 coll.
820 2316 906 2343 ann.
940 2304 989 2340 ad
1023 2305 1097 2352 12,
1127 2305 1194 2344 26.
1247 2302 1304 2341 De
1342 2315 1461 2339 saeva
1499 2301 1643 2339 militia

118 2370 219 2407 conf.
246 2369 398 2408 Mitseh.
435 2369 483 2406 ad
520 2370 593 2407 od.
621 2371 670 2419 3,
699 2373 745 2418 2,
777 2373 799 2412 2
825 2383 910 2419 sqq.
957 2368 1093 2406 Plurali
1130 2373 1256 2406 autem
1291 2382 1447 2407 numero
1484 2372 1643 2420 propter

119 2448 233 2487 saepe
260 2436 380 2474 factas
390 2437 453 2486 **)
482 2436 520 2473 in
542 2436 643 2475 illam
669 2441 822 2488 gentem
846 2437 919 2474 hoc
941 2437 1025 2487 ipso
1044 2448 1144 2473 anno
1164 2436 1188 2472 i.
1210 2448 1244 2473 e.
1273 2434 1366 2476 734.
1393 2435 1643 2487 perdomitam

228 2556 269 2601 *)
292 2559 349 2592 Ex
375 2561 497 2594 eodem
524 2562 623 2596 fonte
650 2562 804 2597 manavit
829 2562 962 2595 clamor
989 2562 1160 2595 secundus
1181 2561 1283 2606 Virg.
1306 2561 1395 2597 Aen.
1417 2560 1452 2606 5,
1470 2560 1550 2598 491.
1571 2564 1640 2608 (ib.

119 2615 258 2659 Heyn.)
281 2615 336 2658 10,
357 2616 436 2650 266.
466 2616 574 2651 Ovid.
604 2617 692 2652 Met.
713 2620 754 2660 8,
774 2615 856 2650 419.
881 2616 945 2652 Sil.
975 2617 1054 2651 Ital.
1079 2618 1145 2659 16,
1173 2614 1256 2653 467.
1277 2629 1399 2652 rumor
1417 2620 1587 2655 notandus
1603 2621 1640 2656 in

118 2670 238 2717 Epist.
261 2673 316 2714 10,
339 2670 374 2704 9.
394 2670 444 2706 ib.
467 2682 547 2706 ann.
567 2678 605 2706 et
628 2673 816 2708 Dederich.
845 2672 890 2705 ad
911 2672 1006 2708 Dict.
1026 2673 1125 2708 Cret.
1148 2674 1179 2716 1,
1201 2674 1256 2708 16.
1278 2685 1314 2718 p.
1334 2673 1415 2710 258.
1454 2675 1507 2710 De
1525 2677 1641 2711 «oeta.

119 2726 325 2762 nationibus
342 2725 415 2761 vid.
436 2727 611 2763 Bernard.
630 2729 776 2764 Fer-rar.
795 2729 887 2773 apud
904 2729 1038 2763 (ἔτειον.
1058 2727 1191 2774 (Antiq.
1212 2729 1314 2764 Rom.
1334 2731 1413 2775 vl.)
1431 2731 1469 2767 in
1481 2733 1638 2771 Praestat.

235 2794 266 2816 ιε
283 2809 294 2818 .
342 2807 351 2817 .
445 2809 452 2816 .

121 2788 159 2817 et
178 2783 441 2883 EXUtDiJ'intzsii·
461 2840 512 2884 (p.
529 2836 609 2883 64):
634 2838 743 2883 „Man
765 2838 924 2873 versteht.
944 2845 1047 2874 unter
1074 2839 1142 2875 den
1162 2841 1330 2877 emtabr.
1350 2843 1444 2878 bella
1470 2845 1637 2890 gewiihn-
