1910 3138
267 232 351 274 424
399 233 677 274 COMMENT.
697 234 754 272 IN
778 234 899 274 HOR.
928 234 1026 277 LlB.
1048 235 1074 274 l.
1106 235 1267 275 EPIST.
1288 230 1700 277 DUODEVICESIM.
1744 241 1798 280 76

267 355 489 386 assentator
521 347 590 394 id,
633 346 744 398 quod
775 347 829 396 ἱε,
875 350 991 396 cujus
1026 349 1084 386 ad
1116 349 1358 387 voluntatem
1380 343 1564 398 dicitur,
1608 352 1696 390 vult
1721 366 1801 390 ease

265 430 472 468 magnum.
521 415 679 456 Arlstot.
704 413 790 455 Eth.
812 412 854 463 4,
875 416 916 465 3,
941 419 1007 458 29.
1040 417 1082 457 οἱ
1109 417 1287 458 ταπεινοὶ
1317 413 1488 467 κὸλακες.
1530 420 1589 464 Id,
1615 421 1728 460 Polit.
1758 422 1798 469 5,

265 486 307 534 9,
340 488 379 525 6.
410 485 472 523 ed.
499 485 556 521 St.
585 483 704 534 Seyff.
736 484 784 521 ad
824 483 904 522 Cic.
942 484 1050 523 Lael.
1081 486 1156 535 25,
1187 487 1255 526 91.
1290 499 1328 536 p.
1360 485 1453 527 519.
1491 509 1546 515 —
1585 489 1636 528 Ut
1664 502 1699 526 v.
1731 489 1798 529 13.

268 551 333 594 14.
372 553 530 590 alterum
560 551 766 602 exemplum
797 564 818 588 a
844 564 961 603 puero
991 550 1040 592 τοὶ
1069 548 1460 605 ἀποστοματιζόμενα
1495 555 1607 606 (Plat.
1636 557 1799 608 Euthyd.

264 635 303 672 p,
335 622 429 662 267.
469 620 515 658 C.
546 625 584 658 et
612 633 698 657 ann.
728 620 776 656 ad
808 621 848 666 1,
879 620 963 671 55.)
994 624 1187 674 magistro
1212 636 1328 660 saevo
1340 619 1381 672 *)
1409 622 1592 661 reddente
1619 626 1800 676 desump-

263 694 340 727 tum
365 688 512 726 anxiam
532 688 720 738 quandam
741 701 874 726 vocum
893 689 1129 728 iterationem
1150 692 1356 742 significat,
1382 690 1434 728 ita
1452 690 1607 730 alterum
1634 705 1657 729 a
1681 693 1801 730 mimo

263 755 528 794 secundarum
555 756 735 806 partium
763 756 974 806 profectum
995 760 1242 797 assentatoris
1269 758 1425 797 scurrile
1453 759 1598 810 potenti
1622 761 1742 798 amico
1763 761 1800 798 in

264 826 364 863 omni
394 838 435 862 re
464 825 650 862 annuendi
680 828 794 874 atque
831 826 1050 863 assentandi
1078 828 1240 865 studium
1271 828 1320 864 ob
1360 827 1489 864 oculos
1521 827 1640 878 ponit.
1696 828 1800 873 Qua-

261 897 421 945 propter
446 894 493 931 de
524 893 596 930 hoc
626 893 776 943 quidem
808 893 977 944 exemplo
1011 908 1087 932 non
1122 896 1312 933 assentior
1339 907 1462 945 neque
1491 896 1655 944 Barim,
1687 909 1799 946 quum

263 962 442 1014 explicat:
474 962 566 1011 „qui
591 961 716 998 faisait
745 961 927 998 entendre
958 974 1031 1000 une
1064 963 1230 1000 seconde
1259 963 1332 1001 sois
1360 977 1405 1001 ce
1434 963 1497 1014 qui
1529 964 1653 1002 venait
1678 962 1802 1002 d'etre

263 1031 384 1079 dit,“
412 1043 536 1080 neque
564 1029 631 1078 iis,
663 1029 724 1079 qui
752 1029 919 1066 mimum
948 1043 1018 1080 pro
1045 1031 1230 1068 comoedo
1263 1031 1444 1070 habentes
1483 1031 1680 1074 summissa
1708 1044 1802 1069 voce

263 1099 396 1137 leniter
425 1097 484 1149 (ut
511 1098 590 1137 Cic.
619 1097 707 1138 Div.
737 1099 774 1135 in
806 1097 945 1137 Caecil.
978 1098 1044 1147 15,
1074 1097 1158 1150 48.)
1189 1098 1406 1149 loquentem
1437 1099 1591 1138 faciunt.
1643 1101 1801 1138 Mimas

262 1167 361 1205 enim
386 1166 446 1204 hic
473 1178 555 1203 cum
592 1165 739 1203 Orellio
769 1169 807 1204 et
832 1164 1038 1203 Diintzero
1061 1167 1214 1217 proprie
1239 1167 1480 1218 accipiendus
1509 1173 1590 1217 est,
1621 1168 1729 1218 quia,
1758 1171 1801 1206 ut

261 1236 314 1273 ait
342 1235 480 1273 Festus
509 1236 546 1272 in
581 1234 708 1272 Salva
735 1247 794 1271 res
819 1240 875 1271 est
902 1232 959 1285 (p.
988 1233 1080 1274 254.
1111 1232 1306 1285 Lindem.)
1335 1236 1445 1286 qnod
1474 1236 1519 1273 C.
1547 1234 1799 1284 Volumnius,

262 1305 335 1355 qui
370 1303 429 1341 ad
463 1302 663 1340 tibicinem
698 1302 880 1348 saltarit,
915 1301 1182 1339 secundarum
1210 1304 1394 1353 partiam
1421 1304 1550 1354 faerit
1561 1331 1574 1348 ,
1614 1304 1687 1354 qui
1705 1302 1801 1354 jere

261 1371 444 1409 omnibus
473 1373 606 1410 mimis
622 1374 830 1423 parasitus
855 1370 1072 1408 inducatur
1079 1384 1097 1417 ;
1126 1369 1188 1407 ubi
1217 1371 1390 1420 Scaliger
1415 1371 1511 1409 hunc
1537 1371 1610 1409 loc.
1638 1384 1675 1422 p.
1702 1371 1797 1411 695.

262 1444 468 1491 comparat.
509 1441 615 1479 Idem
641 1445 802 1479 testatur
827 1439 1048 1489 Hieronym.
1077 1438 1196 1489 Epist.
1225 1438 1274 1475 ad
1303 1437 1485 1480 Eustoch.
1511 1439 1578 1480 22.
1608 1438 1641 1479 Ι.
1669 1452 1707 1489 p.
1728 1437 1797 1479 94.

261 1508 307 1546 A.
359 1508 446 1545 Eas
474 1515 608 1546 autem
635 1509 809 1560 virgines
843 1530 898 1537 —
936 1529 992 1534 —
1019 1527 1075 1534 —
1112 1519 1215 1557 quae
1246 1504 1386 1543 rubore
1413 1506 1564 1558 frontis
1596 1507 1799 1557 parasitos

261 1578 427 1614 vincunt
453 1578 691 1623 mimorum,
729 1577 847 1628 quasi
885 1574 1082 1627 quasdam
1110 1581 1244 1625 pestes
1265 1573 1388 1626 fuge.
1447 1575 1574 1620 Quum
1611 1575 1798 1626 ejusmodi

260 1644 400 1683 actoris
435 1645 683 1683 secundarum
711 1644 876 1695 partium
906 1647 1030 1692 esset,
1074 1647 1239 1681 actorem
1276 1643 1436 1694 primum
1469 1645 1581 1693 gestu
1619 1646 1659 1681 et
1685 1655 1800 1693 prae-

261 1714 389 1751 sertim
408 1727 501 1752 voce
526 1713 662 1751 imitari
691 1717 804 1763 atque
834 1712 954 1750 omnia
985 1711 1092 1762 quasi
1116 1711 1326 1760 assentari,
1353 1710 1472 1749 simile
1495 1710 1584 1748 illud
1614 1711 1652 1748 in
1681 1723 1802 1762 expe—⁴

261 1781 340 1817 dito
370 1785 438 1818 est.
488 1781 629 1818 Bellum
668 1779 777 1829 hujus
816 1780 1034 1818 imitationis
1075 1779 1284 1831 exemplum
1322 1779 1453 1817 laudat
1489 1777 1662 1816 Orellius
1689 1779 1798 1816 Suet.

261 1848 384 1898 Calig.
414 1848 480 1888 57.
524 1849 581 1885 Et
608 1862 732 1900 quam
760 1849 804 1884 in
839 1848 1040 1885 Laureolo
1071 1849 1190 1885 mimo
1199 1876 1215 1893 ,
1254 1848 1298 1884 in
1323 1859 1400 1899 qno
1437 1853 1548 1883 actor
1567 1846 1797 1897 proripiens

260 1930 300 1953 se
323 1917 444 1953 ruina
470 1917 707 1966 sanguinem
731 1917 852 1953 vomit
863 1945 879 1962 ,
901 1916 1042 1967 plures
1067 1916 1332 1953 secundarum
1358 1917 1537 1952 certatim
1557 1916 1797 1966 experimen-

260 1993 344 2022 tum
375 1985 473 2022 artis
513 1984 680 2028 darent,
733 1997 868 2020 cruore
905 1997 1024 2020 scena
1062 1983 1297 2021 abundavit.
1363 1983 1460 2021 Hinc
1498 1983 1677 2021 translate
1716 1983 1797 2022 Cic.

258 2054 364 2092 Brut.
397 2054 466 2102 69,
495 2051 591 2093 242.
642 2051 760 2101 Quod
782 2052 840 2087 ita
859 2051 1043 2101 faciebat
1074 2052 1121 2101 Q
1149 2051 1327 2095 Arrius,
1357 2052 1429 2101 qui
1443 2051 1539 2103 fuit
1563 2052 1626 2094 M
1661 2052 1799 2089 Crassi

259 2121 537 2160 secundarum.
579 2119 717 2156 Senec.
745 2120 792 2157 de
822 2119 870 2160 Ir.
889 2119 930 2168 3,
956 2121 994 2160 8.
1033 2119 1237 2169 Optimum
1251 2118 1485 2166 judicavit,
1514 2120 1709 2173 quicquid
1728 2120 1794 2157 di-

258 2194 401 2237 xisset,
428 2189 542 2241 sequi
561 2174 597 2224 et'
621 2187 816 2224 secundas
843 2201 961 2239 agere
972 2187 1048 2238 **).
1097 2187 1210 2225 ovid.
1242 2187 1284 2228 Α,
1314 2187 1359 2228 A.
1396 2188 1436 2237 1,
1466 2185 1562 2229 584.
1603 2186 1794 2228 Plutarch,

370 2355 409 2406 ²⁰¹)
428 2361 574 2397 Dictata
593 2362 738 2396 reddere
751 2365 807 2396 est
821 2362 856 2395 h.
872 2361 897 2396 1.
913 2365 1081 2407 repetere
1092 2386 1101 2404 ‚
1122 2365 1278 2394 nostrum
1296 2359 1612 2406 ‚‚nachsprechen“
1628 2358 1794 2398 ut,0vid.

259 2419 347 2453 Met.
368 2418 403 2463 3,
423 2419 503 2454 361.
525 2419 575 2452 ib.
605 2418 744 2463 Gierig.
771 2430 840 2452 non
863 2417 1091 2464 „memoriter
1112 2416 1306 2452 recitare.“
1345 2418 1398 2452 De
1421 2417 1557 2452 dietatis
1583 2416 1676 2451 conf.
1701 2426 1793 2451 nunc

259 2475 373 2510 Orell.
395 2481 431 2510 et
446 2475 567 2510 Klotz.
588 2475 631 2509 ad
648 2475 722 2509 Cic.
739 2476 850 2510 Tusc.
869 2478 902 2520 2,
919 2477 975 2520 11,
992 2477 1050 2512 26.
1081 2475 1171 2509 Num
1187 2473 1242 2508 hic
1258 2474 1390 2508 Poetae
1405 2473 1517 2507 animo
1535 2474 1728 2508 obversata
1743 2472 1792 2507 sit

257 2532 394 2577 plagosi
416 2532 548 2567 Orbilii
567 2532 703 2578 imago,
725 2533 820 2577 quod
840 2532 979 2578 quidem
993 2532 1194 2578 suspicatur
1212 2531 1259 2566 W
1258 2531 1426 2566 elcbertus
1440 2531 1564 2574 (Poet.
1581 2530 1700 2565 Latin.
1720 2530 1792 2564 Re-

258 2588 319 2634 liq.
344 2602 380 2635 p.
407 2590 489 2633 25),
511 2601 557 2623 ex
579 2589 749 2634 Epitheto
773 2589 868 2624 effici
887 2589 1027 2636 nequit,
1049 2589 1095 2624 cf.
1117 2589 1226 2623 Mart.
1253 2588 1287 2631 8,
1314 2588 1348 2632 3,
1371 2586 1426 2622 15.
1452 2589 1486 2631 9,
1510 2587 1568 2630 69,
1590 2584 1627 2624 4.
1660 2589 1790 2622 Auson.

259 2645 391 2689 Eidyll.
410 2643 444 2689 4,
461 2648 494 2681 2.
518 2648 573 2682 12.
598 2644 654 2681 25.
683 2647 766 2681 Car.
793 2647 939 2685 Passov,
962 2647 1006 2680 N.
1026 2647 1080 2682 18.
1101 2645 1230 2680 Heind.
1254 2645 1299 2678 ad
1319 2645 1396 2679 Sat.
1415 2646 1449 2689 1,
1469 2646 1503 2687 8,
1523 2643 1583 2679 33.

352 2709 406 2756 **)
427 2713 618 2758 Perperam
637 2714 885 2759 Habevffeldus,
903 2724 1096 2760 quanquam
1112 2714 1222 2747 locum
1239 2718 1337 2747 recte
1352 2711 1594 2758 explicaverat
1606 2708 1788 2751 Ducarius,

257 2766 389 2801 mimum
414 2769 527 2814 ipsum
552 2782 620 2805 non
650 2770 751 2807 vidit.
788 2772 1002 2806 Sanadonus
1030 2770 1164 2805 mimum
1192 2783 1263 2806 sec.
1285 2769 1435 2815 partium
1464 2779 1529 2815 pro
1552 2769 1711 2812 adjutore
1729 2762 1787 2798 vel

256 2826 461 2858 secundario
476 2831 721 2870 „sousacteur‚
738 2827 908 2861 different
923 2828 965 2862 de
980 2840 1019 2862 ce
1039 2828 1140 2874 qu'on
1157 2827 1289 2873 apeloit
1302 2826 1471 2869 monitor,
1492 2823 1551 2869 qui
1565 2820 1697 2858 n’avoit
1710 2818 1787 2853 εοῐΙΙ

257 2888 324 2922 que
340 2880 382 2912 de
398 2882 531 2915 soufler
549 2894 616 2917 aux
635 2889 775 2918 acteurs
786 2910 795 2927 ‚
817 2895 860 2918 en
876 2896 935 2919 cas
951 2895 1018 2929 que
1038 2884 1071 2918 la
1086 2885 1250 2919 memoire
1274 2883 1350 2917 vinc
1365 2884 1384 2916 ὲ
1403 2883 1480 2916 leur
1492 2877 1682 2925 manquer“
1702 2875 1782 2913 coll.

257 2934 407 2970 Terent.
429 2937 559 2974 Heaut.
585 2939 619 2984 5,
641 2943 673 2985 1,
696 2942 729 2976 2.
759 2941 878 2975 habet.
911 2941 982 2975 Sed
1004 2941 1080 2975 loco
1097 2946 1218 2975 nostro
1239 2946 1336 2974 recte
1360 2938 1414 2973 usi
1432 2941 1513 2972 sunt
1534 2940 1657 2970 auctor
1683 2931 1785 2967 libri:
