1910 3138
74 185 158 230 14⁸
207 181 487 224 comm-r.
514 182 571 222 m
591 182 714 222 nou
743 180 842 220 Lm.
860 178 892 219 1.
918 177 1085 221 erist.
1103 151 1474 219 UNDssvicEsm.
1518 172 1603 214 491

75 299 325 350 interpreun
350 295 588 335 multitudine
620 293 731 333 nobis
765 294 924 346 propior
957 303 1069 344 quam
1096 290 1243 329 videtur
1274 289 1436 328 discedit
1459 288 1605 339 longis-

72 366 167 404 sime
180 363 235 417 *).
301 363 355 403 At
382 362 447 414 qui
485 362 683 402 nobiscum
709 363 872 412 sentiet,
907 361 1003 399 hanc
1033 358 1241 411 Epistulam
1270 371 1341 410 pro
1376 357 1526 409 epilogo
1539 357 1604 406 *⁴7

71 431 187 484 quani
212 431 371 470 loricato
398 430 598 481 lyricorum
625 429 918 467 Horatianorurn
943 427 1112 467 habebit.

184 497 359 551 Epistola
382 502 472 548 post
501 496 658 548 Epodos
694 502 735 535 et
761 501 842 535 tres
871 496 991 534 libros
1019 495 1223 533 carminum
1250 493 1397 542 editos,
1434 491 1474 529 id
1502 491 1606 541 quod

72 577 130 603 ex.
146 578 207 604 vv.
235 567 290 606 32
312 577 398 616 sqq.
425 564 633 603 luculenter
657 568 835 615 apparet,
865 567 903 602 et
930 563 1044 614 paulo
1067 566 1156 600 ante
1183 561 1281 599 hanc
1307 561 1429 611 ipsam
1451 558 1606 609 Episto-

73 631 192 671 larum
223 632 430 670 editionem
466 633 607 684 scripta
643 636 718 670 est.
788 631 962 683 Tempus
994 632 1116 682 ipsum
1156 628 1374 680 scriptionis
1410 625 1608 664 Kirclmer

72 699 170 751 (tab.
197 699 387 750 chronol.)
416 705 455 738 et
488 700 758 738 Walckenaer
783 700 848 751 (ΙΙ.
875 713 916 751 p.
946 699 1064 748 626.)
1093 698 1142 736 ad
1168 709 1305 735 annum
1333 696 1447 744 739„
1474 694 1608 731 stan—

74 767 165 806 hius
190 767 250 818 (p.
276 767 392 818 206.)
424 773 463 806 et
495 768 645 806 Weber
678 768 738 820 (p.
765 767 879 818 310.)
907 767 956 805 ad
985 779 1121 804 annum
1150 763 1233 805 734
1262 765 1454 809 referunt,
1502 761 1608 799 Gro-

75 834 257 885 tesmdm
284 833 343 885 (p-
376 833 459 875 475
488 837 529 886 a)
561 836 775 888 Epistolam
818 840 906 874 ante
944 847 1084 872 annum
1111 834 1208 875 737.
1246 833 1398 883 quidem
1426 830 1608 881 scriptam

74 907 196 954 putat.
252 902 350 941 Rem
373 903 412 940 in
439 905 564 942 medio
590 903 767 955 relinquit
792 902 977 940 Diintzer
999 902 1084 953 (ΙΙΙ.
1115 915 1155 952 p.
1184 901 1272 950 69).
1321 900 1397 944 Qui
1425 903 1468 936 ut
1497 897 1610 935 Wei-

75 969 233 1009 cherua-2
258 970 472 1022 Epistolam
502 972 636 1022 majori
667 972 753 1022 jure
789 972 998 1010 Satirarum
1030 982 1142 1020 quam
1175 967 1431 1018 Epistolarum
1459 965 1609 1003 nomine

75 1037 249 1088 insigniri
275 1041 431 1089 putant,
470 1051 580 1088 quam
606 1052 684 1077 non
711 1052 839 1078 veram
868 1040 1063 1088 utriusque
1089 1037 1143 1074 rei
1174 1037 1368 1074 notionem
1395 1033 1466 1072 sibi
1494 1033 1610 1071 finxe-

76 1105 175 1154 rint,
215 1117 332 1158 saepe
357 1105 451 1143 alias
476 1106 552 1143 dixi
577 1110 617 1144 et
643 1108 855 1159 nuperrime
882 1108 976 1146 dixit
1009 1104 1256 1157 politissimus
1287 1103 1504 1140 facetiarum
1532 1100 1611 1138 Ve-

77 1173 294 1211 nusinarum
317 1173 548 1211 existimator
585 1173 736 1212 Wber
760 1176 787 1214 l.
815 1177 840 1214 Ι.
867 1190 908 1228 p.
939 1176 1020 1216 282
1053 1187 1135 1224 sq.,
1173 1185 1332 1223 quocum
1362 1170 1534 1208 conferas
1565 1167 1609 1208 C'.

78 1241 320 1278 Pauovium
354 1239 409 1280 N.
437 1241 533 1283 282.
584 1242 807 1294 Singillatim
843 1243 1054 1295 Epistolam
1090 1254 1174 1280 cum
1208 1240 1339 1292 paucis
1367 1238 1450 1276 aliis
1474 1238 1513 1275 in
1540 1249 1611 1287 pa-

191 1435 229 1482 *)
247 1437 284 1472 1⁸
302 1449 340 1483 p.
359 1434 441 1471 517.
460 1436 531 1470 sic:
563 1436 651 1480 „Als
670 1437 790 1471 Horaz
809 1436 885 1472 sich
909 1438 973 1472 mit
996 1437 1062 1472 der
1081 1437 1316 1481 Herausgabe
1341 1433 1457 1468 seiner
1475 1431 1611 1474 Bricfe,

82 1493 183 1529 einer
213 1505 305 1539 ganz
329 1503 442 1528 neuen
471 1492 655 1538 Dichtart,
675 1493 934 1540 beschiftigte,
955 1494 1116 1528 insserte
1142 1493 1353 1534 Maecenas,
1386 1502 1425 1524 es
1444 1489 1533 1524 solle
1552 1489 1611 1522 ihu

79 1550 271 1594 wnndern,
299 1551 369 1584 wie
389 1550 452 1583 das
479 1550 596 1596 Corps
622 1561 694 1585 von
719 1549 927 1596 poetischen
946 1550 1134 1586 Kritikern
1162 1549 1231 1584 und
1258 1547 1454 1583 kritischen
1479 1547 1611 1580 Poeten

80 1607 179 1641 diese
202 1604 380 1642 Gedichtc
398 1606 605 1641 aut'nehmen
623 1607 765 1649 werde3
783 1608 848 1642 das
866 1607 959 1642 Volk
978 1608 1098 1643 werde
1117 1607 1193 1641 sich
1214 1605 1306 1640 wohl
1321 1605 1384 1639 auf
1399 1604 1458 1638 die
1477 1604 1612 1638 hinter-

80 1668 160 1698 που
181 1662 293 1698 Beine
320 1662 449 1697 stellen
468 1664 539 1698 und
562 1663 661 1698 nicht
680 1664 872 1708 aussniren,
904 1666 972 1700 den
992 1665 1143 1699 Dichter
1167 1675 1210 1698 zu
1230 1661 1444 1697 chicaniren.
1487 1660 1611 1694 Horat

82 1719 243 1754 bemerkt
253 1719 434 1764 dagegen,
453 1719 517 1754 das
536 1720 766 1756 erbinnliche
785 1721 903 1766 Pack,
925 1721 1080 1756 welches
1098 1721 1174 1755 sich
1194 1720 1259 1755 auf
1272 1719 1331 1754 die
1349 1718 1471 1752 tollste
1489 1716 1612 1750 Weise

82 1777 234 1822 abqnile
246 1802 257 1820 ,
276 1787 316 1810 es
333 1775 404 1810 ihm
424 1776 540 1821 gleich
559 1787 603 1812 zu
620 1778 708 1813 unm
725 1777 795 1812 und
814 1777 896 1822 ihu,
915 1791 971 1813 wo
990 1778 1139 1823 mfiglich
1151 1805 1160 1822 ,
1188 1789 1231 1812 zu
1252 1777 1418 1818 stiirzen,
1436 1774 1613 1808 kfimmere

82 1833 143 1867 ihu
161 1844 226 1878 gar
245 1832 381 1878 wenig,
412 1845 453 1867 er
472 1833 596 1878 wisse,
626 1834 695 1869 wie
712 1834 779 1869 toll
802 1847 841 1869 es
866 1835 977 1870 damit
995 1837 1119 1879 stehe,
1150 1835 1219 1868 und
1243 1833 1296 1868 sei
1324 1845 1363 1867 so
1384 1832 1464 1866 fern
1482 1831 1612 1873 davon,

82 1890 209 1924 Etwas
225 1889 313 1923 nach
330 1887 451 1924 diesen
470 1888 607 1925 Leuten
622 1902 665 1925 zu
680 1892 803 1937 sragen
816 1918 827 1935 ,
850 1891 932 1926 dass
949 1904 988 1927 er
1002 1904 1071 1927 von
1086 1891 1191 1926 ihnen
1207 1891 1335 1925 Nichts
1350 1889 1479 1923 wissen
1495 1886 1612 1928 wofle,

81 1946 235 1981 sondern
257 1945 310 1980 sie
328 1945 403 1980 sich
424 1957 491 1981 nur
512 1959 553 1982 so
571 1947 678 1992 weit,
698 1948 751 1983 als
766 1947 937 1993 miiglich,
958 1960 1039 1983 vom
1051 1948 1164 1984 Leibe
1182 1948 1297 1991 halte,
1320 1948 1410 1981 ohne
1429 1945 1493 1979 mit
1507 1944 1613 1978 ihnen

80 2001 280 2049 irgendwie
299 2002 559 2038 anzuhinden.·‘
602 2005 691 2040 Cum
709 2005 764 2040 his
783 2005 876 2039 conf.
897 2018 934 2052 p.
955 2006 1121 2050 528*⁸*).

176 2079 234 2130 ”)
259 2081 427 2117 Homines
446 2081 549 2126 illos,
581 2083 641 2130 qui
663 2089 735 2118 tum
756 2084 908 2118 Horatio
931 2084 1233 2125 adversabantur,
1254 2093 1299 2115 ne
1317 2081 1354 2114 in
1374 2090 1514 2113 numero
1535 2076 1613 2122 qui-

83 2138 163 2173 dem
180 2148 268 2173 vere
287 2137 486 2174 invidorum
512 2144 575 2174 ant
600 2140 720 2175 vilium
747 2142 1030 2175 obtrectatorum
1060 2139 1243 2185 ponendos
1270 2135 1503 2175 crediderim3
1535 2137 1615 2167 erat

83 2194 252 2240 imprimis
266 2196 304 2231 id
323 2205 434 2240 genus
453 2195 625 2231 hominnm
642 2197 787 2232 maxime
813 2197 1017 2232 criticorum
1029 2223 1039 2241 ,
1061 2197 1121 2242 qui
1138 2195 1174 2229 in
1193 2195 1267 2228 suis
1285 2193 1403 2238 poetis
1421 2190 1614 2225 veterrima

83 2262 247 2298 quaeque
263 2259 302 2287 et
319 2253 378 2286 vel
397 2251 513 2287 hiulca
531 2259 636 2298 atque
651 2254 812 2288 obsoleta
831 2254 1037 2296 laudarent,
1058 2253 1249 2286 novitatem
1269 2251 1313 2283 ab
1336 2247 1508 2291 Horatio,
1530 2246 1612 2280 Vir-

85 2306 192 2352 gilio,
212 2308 293 2344 aliis
312 2314 480 2343 tentatam
501 2309 621 2354 inique
639 2310 961 2356 reprehenderent,
980 2309 1132 2354 indeque
1148 2318 1244 2341 suam
1264 2317 1367 2351 quam
1385 2303 1612 2339 Horatianam

84 2363 131 2398 de
147 2369 226 2398 arte
242 2365 384 2410 poetica
402 2365 580 2400 sentiendi
599 2366 772 2401 rationem
791 2364 892 2411 sequi
917 2365 1070 2400 mallent.
1108 2362 1260 2398 Erudite
1281 2363 1325 2396 de
1345 2361 1410 2395 hac
1428 2373 1468 2395 re
1490 2360 1614 2405 dispu-

84 2424 207 2454 tarunt
219 2420 351 2455 Mansa
364 2422 627 2465 (‚,Vermischte
638 2422 888 2466 Abhandlgn.“
902 2433 938 2466 p.
950 2422 995 2456 89
1004 2421 1101 2466 sqq.)
1117 2426 1155 2454 et
1170 2419 1415 2462 Bernhardy«,
1429 2416 1613 2460 (,‚Grund·

85 2475 155 2510 riss
184 2476 249 2510 der
269 2476 370 2512 Ram.
387 2476 615 2513 Litteratnr“
640 2490 676 2524 p.
697 2477 767 2514 104
788 2479 879 2522 sq.),
905 2478 1109 2522 quibuscum
1135 2475 1261 2510 confer
1292 2474 1388 2508 Voss.
1417 2473 1461 2508 ad
1482 2473 1612 2518 Virgil-

87 2531 167 2570 Ecl.
186 2531 222 2575 3,
242 2533 290 2567 90
305 2550 354 2559 —
371 2533 429 2568 91.
453 2534 637 2569 Weichcrt.
659 2534 752 2580 apud
772 2534 885 2567 Orell.
905 2534 951 2568 ad
969 2534 1014 2567 A.
1033 2534 1076 2567 P.
1096 2529 1155 2567 54.
1175 2538 1214 2565 et
1232 2531 1271 2566 C.
1294 2531 1433 2565 Pasm.
1464 2530 1511 2564 Ν.
1533 2531 1611 2567 198.

87 2593 125 2622 et
145 2587 191 2621 de
206 2588 309 2622 lande
332 2590 451 2633 poesis
470 2590 604 2634 lyricae
622 2590 771 2624 Horatio
797 2589 920 2624 debita
937 2589 1070 2624 Mauso
1089 2587 1125 2622 in
1145 2587 1379 2632 „Nachtrige
1397 2597 1441 2621 zu
1454 2584 1614 2622 Sulzer's

88 2643 275 2678 Theorie“
304 2645 348 2686 V,
374 2646 408 2679 2.
428 2657 464 2690 p.
484 2645 555 2680 303
578 2665 625 2671 —
646 2647 730 2682 332.
790 2645 833 2679 Si
858 2657 945 2679 vera
972 2653 1075 2688 sunt,
1103 2655 1193 2690 quae
1222 2642 1496 2689 disputavimus,
1521 2642 1613 2678 faci-

87 2700 154 2735 lem
174 2700 389 2734 intellectum
407 2700 606 2745 habebunt,
627 2713 717 2747 qnae
736 2701 905 2735 Horatius
926 2701 971 2735 de
990 2713 1029 2735 se
1048 2700 1182 2735 invidia
1203 2701 1334 2746 majore
1354 2699 1425 2735 Od.
1447 2701 1481 2744 2,
1500 2702 1558 2745 20,
1574 2697 1611 2734 4.

88 2753 124 2800 4,
143 2757 179 2799 3,
199 2758 255 2792 16.
274 2755 478 2802 praedicat,
498 2768 587 2802 qnos
606 2757 703 2792 locos
725 2769 800 2792 cnm
821 2769 857 2790 v.
881 2756 940 2792 35.
961 2757 1101 2792 confert
1118 2769 1190 2792 υιηι
1205 2757 1344 2792 Heusde
1361 2757 1408 2792 ad
1425 2757 1505 2793 Sat.
1526 2758 1559 2802 1,
1573 2757 1609 2792 9.

89 2824 124 2858 p.
142 2814 190 2855 7.‚
208 2818 250 2847 ut
266 2815 453 2860 probatum
472 2818 549 2857 eat,
571 2823 742 2858 nunquam
754 2838 764 2858 ,
784 2814 861 2848 dum
876 2814 1047 2849 Horatius
1063 2813 1221 2859 viveret,
1242 2814 1384 2860 penitus
1395 2813 1611 2849 obmutuisse

91 2868 270 2905 invidiam.
