1910 3138
162 128 246 171 213
378 126 597 169 axcnas
629 127 698 167 An
726 126 920 168 noim.
948 121 1113 168 misr.
1143 125 1175 176 ι,
1204 127 1273 177 20,
1307 125 1357 167 19
1374 139 1459 178 sqq.
1596 121 1679 164 561

277 805 343 852 Π.
386 805 480 851 Ed.
525 804 702 865 Fauii,
755 803 847 850 Viri
890 802 990 867 cl„
1041 804 1253 850 Εωοιιη.
1297 801 1355 847 ad
1398 801 1558 848 Horat.

643 903 770 979 epist.
802 918 847 978 1,
885 917 975 979 zo,
1019 918 1082 964 19
1107 933 1195 977 sqq.

272 1125 329 1163 De
366 1125 439 1163 hoc
472 1123 557 1162 loco
596 1121 750 1160 iudicari
783 1126 889 1161 recte
920 1124 997 1161 non
1031 1126 1183 1174 potest,
1228 1121 1302 1159 nisi
1335 1118 1444 1158 simul
1483 1119 1533 1157 de
1562 1119 1680 1157 totius

128 1196 143 1213 ⁸
156 1192 343 1245 epistolae
377 1194 600 1242 argumento
635 1190 860 1240 disputetur.
924 1190 1139 1240 Alloquitur
1178 1189 1358 1227 Horatius
1399 1187 1534 1225 librum
1574 1184 1682 1237 quasi

156 1273 314 1312 puerum
340 1260 443 1297 domi
466 1259 645 1303 nutritum
672 1261 713 1296 et
735 1270 867 1296 severe
887 1258 1010 1296 adhuc
1032 1257 1279 1305 custoditum,
1307 1256 1381 1293 iam
1400 1267 1490 1294 vero
1509 1254 1683 1293 evolandi

157 1342 180 1367 e
205 1329 318 1370 domo
352 1331 391 1366 et
417 1328 456 1365 in
489 1325 676 1377 publicum
702 1325 914 1376 prodeundi
942 1326 1130 1377 cupidum.
1201 1324 1260 1363 De
1295 1324 1370 1362 filio
1407 1335 1456 1361 an
1485 1323 1534 1362 de
1568 1335 1680 1362 servo

154 1399 270 1448 poeta
294 1395 489 1446 cogitarit,
523 1395 698 1445 quoniam
723 1393 761 1430 id
789 1394 872 1443 ipse
899 1393 1021 1431 noluit
1050 1397 1226 1432 accurate
1261 1391 1492 1443 significare,
1528 1395 1572 1429 ut
1605 1392 1680 1430 iam
1726 1402 1731 1407 ·

155 1463 370 1501 Diintzerus
396 1461 596 1508 intellexit,
631 1474 707 1499 non
743 1461 852 1499 anxie
878 1463 1156 1510 quaerendum,
1192 1473 1316 1511 neque
1338 1460 1439 1498 enim
1464 1458 1680 1509 allegoriam

155 1530 328 1581 scripsit,
361 1530 430 1567 sed
452 1527 542 1566 nihil
564 1528 635 1565 nisi
660 1529 822 1566 animam
849 1528 946 1566 libro
969 1529 1144 1587 attribuit
1168 1539 1444 1580 personamque
1474 1527 1576 1565 facit.
1621 1527 1680 1564 Ita

155 1597 253 1635 enim
281 1597 406 1634 omnia
433 1596 623 1647 exprimit,
651 1600 716 1646 ut,
751 1609 975 1648 quamquam
999 1596 1157 1635 hominis
1188 1597 1222 1635 ei
1249 1601 1378 1648 partes
1399 1594 1531 1632 tribuit
1559 1598 1598 1633 et
1624 1594 1681 1632 lo-
1716 1648 1725 1651 q

154 1668 354 1715 quentem,
391 1667 626 1714 gementem,
663 1664 864 1702 docentem
894 1676 978 1701 eum
1012 1664 1177 1711 inducit,
1205 1667 1388 1714 appareat
1411 1667 1559 1711 tamen,
1594 1675 1679 1700 eum

154 1731 294 1782 alloqui
322 1730 477 1781 librum,
504 1744 579 1768 non
607 1730 806 1771 hominem.
854 1731 973 1769 Multo
997 1732 1119 1770 minus
1150 1731 1267 1781 igitur
1298 1731 1347 1768 de
1369 1730 1510 1781 dilogia
1532 1743 1556 1768 a
1579 1730 1679 1769 Bax-

154 1805 237 1837 tero
265 1799 444 1848 indagata
472 1799 735 1850 cogitandum,
769 1811 879 1850 quam
909 1811 1067 1850 prorsus
1094 1799 1286 1849 indignam
1314 1798 1476 1837 Horatio
1505 1810 1591 1836 esse
1617 1800 1679 1849 ju-

152 1867 239 1905 dico
260 1866 323 1916 qui
350 1867 522 1917 profecto
540 1878 618 1905 non
635 1870 711 1904 tam
735 1865 923 1904 humiliter
938 1867 988 1904 de
1005 1866 1101 1904 libro
1126 1879 1194 1904 suo
1213 1866 1354 1915 sensit,
1383 1870 1424 1903 ut
1442 1879 1525 1904 cnm
1549 1869 1678 1904 scorto

152 1947 236 1972 eum
263 1939 509 1985 compararet.
560 1933 702 1971 Invitus
729 1933 902 1984 quidem,
930 1938 971 1972 at
998 1935 1151 1972 dimittit
1176 1938 1303 1971 tamen
1339 1933 1520 1972 Horatius
1545 1933 1679 1971 librum

151 2002 204 2048 (v.
226 2002 285 2053 5),
311 2001 401 2050 sed,
429 2006 605 2051 tanquam
630 2014 748 2052 augur
771 2002 829 2051 (v.
847 2003 913 2052 9),
939 2002 1129 2040 fortunam
1152 2002 1186 2039 ei
1209 2002 1408 2049 miseram,
1438 2015 1513 2052 qua
1541 2015 1677 2040 usurus

152 2070 223 2120 sit,
251 2070 458 2120 praedicit,
493 2070 705 2119 significans
733 2069 804 2107 hac
830 2070 995 2118 ratione,
1029 2082 1092 2119 se,
1121 2082 1342 2120 quamquam
1370 2069 1503 2107 librum
1530 2069 1568 2107 in
1597 2069 1680 2107 vul-

151 2150 224 2188 gus
254 2138 423 2186 emittat,
450 2140 574 2175 tamen
600 2150 676 2175 non
703 2141 780 2176 tam
807 2150 942 2175 vanum
970 2151 1076 2186 esse,
1105 2142 1147 2175 ut
1174 2136 1342 2175 omnibus
1367 2136 1468 2174 illum
1495 2136 1678 2174 Romanis

152 2217 198 2243 ac
225 2217 373 2256 semper
395 2203 611 2255 placiturum
641 2217 727 2243 esse
760 2211 902 2257 speret.
954 2205 1040 2242 Jam
1065 2217 1183 2254 usque
1211 2204 1261 2242 ad
1288 2217 1439 2243 versum
1467 2205 1519 2245 18
1543 2208 1678 2255 aperta

150 2272 302 2321 quidem
330 2272 454 2310 omnia
480 2275 520 2309 et
546 2271 648 2310 clara
670 2277 778 2322 sunt,
806 2274 929 2310 minus
956 2278 1081 2311 tamen
1100 2271 1359 2321 manifestum,
1387 2272 1505 2310 altera
1534 2272 1678 2322 episto-

64 2344 70 2349 '
151 2338 210 2376 lae
235 2351 324 2389 pars
352 2338 393 2388 (a
419 2352 455 2376 v.
477 2341 532 2380 18
559 2351 678 2389 usque
705 2339 753 2376 ad
778 2340 860 2390 fin.)
888 2352 964 2390 quo
982 2340 1095 2377 modo
1117 2352 1197 2377 cum
1225 2340 1351 2391 priore
1371 2339 1589 2377 cohaereat.'
1625 2339 1679 2378 Et

150 2403 367 2443 Dfmtzerus
395 2406 544 2457 quidem
571 2406 772 2444 Horatium
802 2406 892 2444 inde
919 2419 942 2444 a
970 2419 1005 2447 v.
1035 2407 1088 2446 19
1117 2407 1167 2444 ad
1196 2408 1336 2445 amicos
1372 2411 1411 2444 et
1437 2406 1604 2445 fautores
1633 2420 1677 2446 se

152 2476 372 2511 convertere
405 2478 534 2525 putat,
571 2475 626 2512 ita
658 2478 700 2510 ut
728 2472 873 2510 duabus
898 2473 960 2511 ille
985 2473 1169 2525 epistolae
1194 2473 1365 2525 partibus
1393 2474 1603 2523 significet,
1632 2488 1676 2513 se

150 2539 264 2589 vulgo
299 2540 450 2589 quidem
489 2541 572 2579 rudi
603 2544 718 2592 atque
752 2540 923 2591 impolito
956 2541 1250 2592 displiciturum,
1295 2545 1429 2580 contra
1464 2542 1676 2580 hominibus

150 2605 440 2656 elegantioribus
470 2611 509 2646 et
539 2609 689 2658 ingenio
718 2609 964 2659 doctrinaque
992 2608 1274 2659 praestantibus
1302 2609 1532 2660 placiturum.
1592 2610 1676 2648 Ne-

150 2686 224 2723 que
251 2678 379 2711 tamen
401 2674 495 2712 haec
523 2674 705 2713 Diintzeri
740 2675 926 2713 sententia
952 2674 1039 2712 mihi
1067 2675 1260 2726 probatur.
1314 2676 1477 2714 Primum
1504 2679 1599 2716 enim
1627 2691 1674 2717 ne

150 2754 223 2779 uno
259 2741 409 2791 quidem
448 2740 564 2779 verbo
603 2741 791 2791 significat
817 2741 1022 2790 Horatius,
1057 2742 1116 2779 his
1151 2744 1301 2794 quidem
1334 2744 1507 2783 versibus
1543 2758 1587 2783 se
1625 2747 1675 2785 de

148 2808 277 2847 amicis
299 2812 339 2846 et
362 2808 593 2859 fautoribus,
621 2812 733 2846 antea
760 2810 809 2847 de
837 2809 949 2860 vulgo
975 2809 1165 2848 hominum
1192 2810 1316 2861 loqui,
1345 2811 1482 2851 deinde
1508 2825 1597 2851 vero
1626 2826 1674 2852 ne
