2034 3224
380 229 465 272 112
522 226 899 270 COMMENTARH
916 226 976 266 IN
996 225 1335 269 HoRATnLffl.
1349 228 1380 267 1.
1406 226 1572 268 EHST.
1586 227 1786 270 UNnssc.
1842 231 1925 275 212
1945 196 1948 198 ¹

381 359 420 395 et
447 355 599 395 Mitseh.
622 356 672 392 ad
693 354 768 392 od.
793 354 834 402 1,
852 353 896 401 7,
918 353 957 392 1.
984 351 1162 392 Kuinoel.
1182 355 1232 392 ad
1250 351 1338 392 Act.
1360 352 1498 405 Apost.
1527 355 1596 404 21,
1621 355 1661 395 1.
1689 354 1776 394 coll.
1794 354 1924 395 Schol.

381 425 432 462 ad
459 425 544 462 Juv.
574 425 625 472 6,
657 423 752 463 296.
792 424 831 458 et
865 418 1012 459 Lucan.
1036 421 1089 471 8,
1115 419 1210 464 248.
1244 421 1554 474 wesseling..ad
1579 423 1749 462 Hierocl.
1780 424 1927 474 Synet-

380 493 481 531 dem,
507 505 548 542 p.
573 490 653 531 685
682 502 740 538 sq.
767 488 897 526 Burm.
925 489 976 526 ad
1003 487 1119 528 Anth.
1145 489 1214 529 lat.
1243 490 1292 528 ΙΙ.
1319 504 1360 542 Ρ.
1385 488 1484 532 549.
1521 490 1750 542 Singulatim
1773 495 1928 543 praeter

380 561 440 601 Η,
468 560 584 596 Rost.
612 556 843 607 („Rhodus,
873 556 934 594 ein
960 555 1390 597 historisch-arehaeol.
1419 559 1606 609 Fragxn.“
1639 559 1770 599 Alton.
1796 557 1928 610 1823)

380 633 496 679 atque
520 627 671 676 Menge
698 623 1049 676 („Vorgeschichle
1072 638 1150 664 von
1169 626 1379 665 Rhodusf‘.
1403 627 1528 666 Cfilln.
1559 626 1691 678 1827)
1716 626 1928 680 Heffleme

380 698 420 735 in
455 695 744 747 „Fortsetzung
780 694 850 731 der
871 694 922 731 im
944 692 1080 744 Progr.
1108 706 1146 733 v.
1175 695 1301 737 1827.
1325 696 1594 746 angefangnen
1619 696 1864 748 Geographie
1885 695 1927 737 d.

380 765 458 803 Ins.
486 762 689 801 Rhodus.“
729 761 950 800 Brandenb.
980 762 1089 803 1831
1129 763 1176 801 de
1213 762 1278 800 illa
1311 763 1433 802 insula
1463 764 1610 803 erudite
1638 766 1840 815 exposuit3
1876 764 1928 803 de

380 834 460 883 ejus
489 830 820 869 nummis-Rasch.
846 829 976 870 Lexic.
1006 829 1072 868 IV.
1104 830 1144 871 1.
1174 843 1214 882 Ρ.
1244 830 1359 873 1026
1375 830 1508 873 —50.
1536 831 1623 871 coll.
1645 831 1805 872 Eckhel.
1832 832 1864 871 I.
1885 834 1926 875 2.

378 914 418 951 p,
443 899 526 940 603
554 910 641 948 sqq.
686 898 930 950 Quapropter
956 898 1166 950 Epitheton
1198 898 1380 950 pulchra
1412 911 1533 950 aeque
1566 899 1626 943 ad>
1647 901 1783 940 Rhod.
1811 905 1927 951 atque

377 969 429 1006 ad
457 966 590 1018 Mityl.
626 979 672 1005 ex
708 967 911 1004 notissima
949 967 1099 1006 dicendi
1134 968 1410 1006 consuetudine
1445 967 1689 1007 referendum
1725 973 1808 1018 est,
1827 991 1829 993 ·
1848 968 1926 1006 vid.

378 1039 511 1075 annot.
542 1035 592 1073 ad
621 1035 671 1082 6,
703 1035 770 1077 18.
799 1047 840 1086 Ρ.
866 1036 964 1077 311.
986 1059 1041 1066 -
1063 1036 1254 1087 Mitylene
1273 1036 1464 1088 pulchra.
1513 1035 1573 1075 112
1600 1035 1684 1077 Cic.
1708 1036 1925 1076 Oneontr.

375 1104 480 1144 Rull.
508 1106 549 1154 2,
567 1104 641 1152 16,
672 1098 738 1144 14.
769 1101 866 1140 urbe
893 1109 931 1139 et
957 1110 1107 1141 natura
1135 1110 1174 1140 et
1199 1105 1280 1143 situ
1304 1111 1343 1141 et
1368 1105 1634 1157 descriptione.
1653 1103 1929 1153 aedificiorum

378 1181 418 1211 et
439 1171 742 1224 pulchritudine
762 1171 962 1221 imprimis
989 1170 1152 1218 nobilis,
1188 1173 1282 1223 agri
1298 1174 1479 1219 jucundi
1506 1182 1545 1211 et
1562 1173 1731 1226 fertiles.
1759 1171 1926 1223 Longin.

378 1240 612 1288 Pastor.'1,
652 1240 691 1281 1.
733 1235 858 1285 Πόλις
896 1238 978 1279 ἐστὶ
1012 1238 1198 1291 Λέσβου,
1241 1240 1483 1294 Μιτυλήνη,
1525 1238 1675 1295 μεγάλη
1705 1239 1776 1281 καὶ
1809 1234 1926 1290 καλή,

378 1307 635 1360 quem-locum
655 1307 806 1358 aperuit
825 1307 1015 1344 Muretus
1036 1306 1102 1358 (V.
1127 1305 1175 1347 L.
1194 1309 1240 1358 9,
1263 1309 1364 1361 16.).
1391 1310 1507 1349 Mart.
1535 1311 1604 1360 10,
1631 1310 1701 1358 68,
1730 1307 1770 1348 1.
1797 1305 1927 1346 strab.

372 1377 458 1426 13,
490 1378 528 1417 2-
557 1387 595 1425 p.
619 1375 715 1415 137.
751 1373 865 1412 Conf.
894 1375 1062 1426 interpp.
1092 1376 1144 1413 ad
1169 1376 1319 1428 Od.-1,
1346 1379 1388 1428 7,
1420 1381 1459 1420 1.
1495 1378 1639 1418 Rasch.
1669 1375 1768 1416 Lex.
1791 1373 1858 1413 III.
1883 1374 1924 1414 1.

371 1458 416 1496 Vp.
446 1442 703 1484 1017—35.
739 1442 914 1492 Utraque
941 1442 1040 1497 urbs·
1065 1443 1248 1495 imprimis
1276 1446 1528 1485 exsulantium
1553 1445 1786 1484 eruditorum
1811 1441 1926 1481 sedes

376 1513 461 1561 suit,
491 1511 539 1549 cf.
562 1511 644 1548 Cic.
668 1510 742 1561 Ep.
770 1511 820 1548 ad
848 1510 936 1548 Div.
958 1508 1001 1561 4,
1021 1513 1063 1560 7,
1084 1513 1124 1552 9.
1143 1514 1196 1563 ·7,
1217 1514 1261 1564 3,
1284 1516 1352 1556 18.
1383 1516 1452 1565 11,
1476 1516 1514 1564 1,
1534 1513 1574 1556 5.
1596 1513 1666 1563 28,
1680 1513 1763 1553 21.
1785 1510 1926 1558 Senec-

377 1579 534 1618 Consol.
562 1580 611 1617 ad
634 1578 747 1616 Helv.
771 1577 809 1615 9.
839 1577 899 1616 Ad
923 1580 1147 1618 dictionem:
1177 1581 1382 1620 Incolumi
1400 1583 1527 1634 facit,
1553 1579 1664 1633 quood
1682 1579 1787 1618 conf.
1809 1577 1927 1628 Ptop.

375 1649 419 1697 3,
448 1650 487 1698 1,
517 1648 585 1689 20.
616 1647 714 1684 Non
734 1648 864 1699 saciet
892 1649 1019 1699 capiti
1045 1648 1151 1686 dura
1172 1662 1318 1687 corona
1339 1664 1425 1688 meo
1444 1654 1485 1688 et
1502 1648 1782 1700 quae-afferunt
1797 1658 1927 1684 exem-

375 1715 440 1768 pla
466 1716 600 1753 Heius.
629 1719 670 1753 et
697 1716 851 1754 Ruhnk.
879 1717 929 1753 ad
958 1717 1073 1763 Ovid.
1100 1716 1197 1755 Her.
1225 1719 1274 1767 2,
1303 1718 1374 1759 39.
1414 1717 1553 1756 Loers.
1579 1718 1632 1755 -ad
1661 1716 1776 1755 ovid.
1801 1714 1926 1753 Trist-

375 1783 418 1833 3,
449 1784 489 1832 9,
521 1783 587 1824 23.
601 1809 614 1832 ,
644 1783 710 1821 ubi
737 1784 826 1822 mihi
851 1785 1037 1836 probatur
1063 1785 1235 1822 Beckeri
1259 1785 1389 1838 (Eleg.
1418 1785 1548 1838 Rom.)
1578 1783 1837 1834 distinguendi
1863 1794 1927 1822 ra-

376 1851 451 1888 tio:
485 1864 557 1887 neo
585 1864 717 1901 aquae
731 1852 916 1903 faciunt,
945 1867 1017 1890 nec
1045 1860 1169 1900 terra,
1200 1868 1273 1892 neo
1299 1867 1426 1892 aurae
1454 1854 1581 1891 Heu!
1617 1853 1736 1890 mihis
1763 1864 1926 1889 somnus

378 1922 452 1960 etc.
479 1940 536 1947 —
565 1917 611 1955 V.
633 1920 701 1961 18.
729 1919 929 1958 Paenula.
958 1921 1066 1958 Varr.
1094 1934 1157 1972 ap.
1180 1922 1284 1960 Non.
1307 1921 1376 1971 14,
1405 1921 1447 1962 3.
1475 1919 1558 1972 (ed.
1581 1920 1666 1972 Bip.
1694 1919 1728 1957 I.
1755 1917 1926 1970 2316.)

379 1987 477 2026 Non
503 1986 733 2038 quaerenda
762 1994 819 2024 est
844 1987 1016 2033 homini,
1047 1990 1118 2040 qui
1140 1989 1261 2027 habet
1284 1991 1487 2035 virtutem,
1507 1987 1692 2040 paenula
1710 1988 1765 2024 in
1779 1985 1926 2024 imbri.

378 2055 575 2106 Lamprid.
603 2054 709 2093 Alex.
739 2055 828 2094 Sev.
859 2058 926 2097 27.
971 2057 1168 2095 Paemdis
1204 2059 1312 2095 intra
1347 2057 1484 2095 urbem
1513 2057 1685 2109 frigam
1721 2067 1846 2093 cauca
1879 2061 1928 2092 ut

379 2122 579 2176 [senes‘ss]
617 2130 816 2161 senatores
852 2130 1053 2161 uterentur
1083 2127 1286 2176 permisit,
1324 2139 1451 2178 quum
1477 2125 1525 2163 id
1545 2124 1772 2163 vestimenti
1795 2135 1927 2174 genus

379 2204 533 2243 semper
553 2191 805 2229 itinerarium
827 2198 899 2228 aut
915 2192 1084 2243 pluviae
1095 2194 1256 2244 fuisset.
1285 2193 1370 2234 vid.
1388 2193 1440 2231 ibi
1453 2193 1617 2231 Salmas.
1637 2196 1679 2231 et
1698 2193 1749 2230 ad
1763 2190 1926 2230 Tutuss.

381 2262 430 2299 de
458 2260 552 2300 Pall.
579 2273 619 2312 Ρ.
650 2258 705 2299 79
735 2271 821 2313 sqq.
857 2259 1016 2304 Quintil.
1046 2261 1143 2300 Inst.
1174 2263 1224 2311 6,
1253 2262 1306 2312 3,
1334 2260 1404 2302 64.
1439 2260 1578 2299 Galba
1607 2259 1832 2312 paenulam
1857 2271 1927 2296 ro-

375 2330 513 2381 ganti,
553 2341 633 2365 non
662 2340 829 2378 possum
858 2328 1123 2375 commodare,
1160 2329 1271 2367 domi
1302 2342 1442 2366 maneo
1452 2344 1470 2376 ;
1512 2341 1638 2380 quum
1666 2325 1927 2364 coenaculum

380 2400 466 2444 ejus
488 2395 727 2448 perplueret.
763 2396 900 2435 senec.
939 2397 1034 2436 Nat.
1077 2397 1153 2442 Qu.
1183 2395 1235 2447 4,
1272 2399 1312 2438 6.
1346 2397 1420 2435 Est
1446 2397 1561 2447 igitur
1590 2394 1811 2446 „Reise-“
1843 2395 1925 2433 sive

379 2463 732 2515 „Regeumantel.“
771 2464 912 2504 Parum
945 2469 1122 2503 accurate
1159 2463 1387 2502 Lambinus
1415 2471 1452 2500 et
1488 2464 1724 2516 Xylander:
1742 2509 1746 2512 γ
1761 2458 1924 2514 „vesti⁸‘,

378 2546 491 2582 quam
530 2545 645 2585 supra
679 2534 845 2572 tunicam
880 2533 1128 2585 accipimus.“
1182 2533 1267 2571 vid.
1304 2545 1401 2582 quae
1437 2533 1486 2570 de
1519 2532 1622 2570 vario
1659 2530 1926 2583 hujussvesti-

381 2602 497 2638 menti
527 2615 597 2639 usu
626 2606 782 2653 praeter
811 2602 937 2641 Schm.
967 2602 1016 2640 ad
1042 2601 1080 2638 h.
1105 2600 1132 2638 l.
1162 2601 1358 2651 disputant
1385 2601 1539 2639 Ernest.
1569 2599 1788 2638 Clam-Cic.
1816 2598 1856 2636 h.
1883 2609 1921 2635 v.

381 2666 555 2705 Schwab.
585 2670 634 2706 ad
662 2669 824 2709 Phaedr.
853 2670 894 2720 5,
923 2672 966 2720 2,
996 2670 1035 2711 5.
1062 2669 1194 2708 Heiur.
1223 2669 1272 2706 ad
1300 2669 1385 2707 Juv.
1411 2669 1452 2718 5,
1472 2668 1540 2709 79.
1564 2669 1726 2720 Rupert.
1748 2669 1788 2706 et
1805 2665 1922 2703 Hess.

382 2734 431 2770 ad
461 2734 556 2775 Tac.
585 2735 681 2774 Dial.
711 2738 780 2778 39.
825 2738 1068 2790 Osenbriigg.
1094 2738 1142 2776 ad
1175 2737 1254 2776 Cic.
1283 2752 1341 2789 pr.
1381 2737 1464 2775 Mil.
1494 2738 1574 2787 10,
1603 2737 1672 2778 28.
1709 2732 1855 2772 winer.
1884 2733 1923 2770 in

382 2799 511 2850 „Bibl-
540 2800 715 2842 Realw-“
737 2800 768 2844 Ι.
797 2821 838 2858 p.
861 2808 957 2849 783.
987 2810 1026 2846 et
1049 2805 1210 2846 Becker.
1235 2807 1284 2843 ad
1310 2805 1410 2844 Gan.
1437 2805 1486 2846 11.
1514 2819 1554 2856 p.
1579 2803 1715 2844 93.-
1739 2799 1920 2838 εοιειῑιεο.

381 2866 573 2906 Maximin·
605 2868 645 2917 1,
677 2870 744 2910 35.
773 2872 840 2924 (ib.
868 2875 1050 2915 Wernsd.
1075 2874 1139 2914 Vl.
1160 2888 1200 2926 p.
1221 2873 1320 2926 275)
1349 2874 1449 2912 Non
1474 2871 1575 2910 mihi
1597 2869 1828 2915 mesticium,
1852 2881 1925 2906 nec

375 2947 506 2986 grave
526 2934 665 2986 frigus
685 2946 782 2978 erat.
815 2941 876 2981 De
903 2944 1069 2982 solstitio
1096 2947 1135 2982 et
1156 2942 1299 2981 bruma
1322 2943 1394 2981 sibi
1413 2938 1608 2981 contrariis
1633 2938 1709 2977 vid.
1723 2937 1855 2976 Davis.
1874 2935 1925 2974 ad
