1910 3138
100 203 180 246 131
621 201 842 242 mouns,
871 201 945 241 An
972 200 1018 241 V.
1037 200 1107 244 91.
1543 200 1630 243 479

97 315 261 368 phyrion
287 320 328 355 et
355 326 489 354 comm.
510 315 630 367 Cruq.
658 314 828 354 odorant
847 321 1031 366 pon-ecta
1055 313 1275 366 praebe-nt.
1318 314 1469 355 Coun-a
1487 323 1630 369 quanto

99 383 285 432 artificio,
315 383 468 434 quantis
493 385 600 434 quasi
626 383 808 423 machinis
836 383 1062 434 quibusdan
1081 382 1247 421 Orellius
1268 381 1407 434 utitur,
1434 388 1476 423 ut
1498 391 1631 424 osten-

99 452 194 502 dat,
222 451 414 503 quomodo
442 450 608 501 vulgaris
635 451 748 491 lectio
777 464 823 489 ex
850 463 916 500 ea,
955 463 1067 501 quam
1099 462 1190 488 vere
1225 449 1470 490 Horafianm
1504 458 1629 504 putat,

96 522 181 557 ona
203 520 265 557 sit.
312 517 572 567 „Primum,“
600 520 675 570 ait,
704 519 920 574 ,,παρῳδίᾳ
943 518 1016 557 hac
1036 530 1074 555 v.
1099 516 1200 568 Epp.
1229 516 1262 567 1,
1292 516 1360 568 14,
1384 517 1455 560 34.
1504 519 1629 571 Qum

96 584 279 623 bubulum
313 585 462 638 liquidi
495 587 627 625 media
657 587 706 625 de
744 594 858 625 nocte
884 586 1050 624 Falerni
1084 584 1272 636 explicare
1306 585 1443 636 aliquis
1476 587 1628 627 volebat

95 660 307 691 nocua-nos
333 659 548 704 vapores.“
597 655 647 692 At
674 667 770 706 quae
792 656 944 693 tandem
970 654 1063 692 haec
1082 651 1307 703 explicatio?
1354 653 1438 704 Ego
1454 655 1627 706 profecto

94 733 171 759 non
201 721 391 771 intelligo,
421 722 486 772 qni
510 722 589 760 fieri
620 725 807 774 potuerit,
837 727 880 761 ut
906 722 1011 772 quis,
1041 733 1154 771 quum
1182 721 1273 759 baec
1303 720 1420 759 verba

315 790 479 826 Potores
501 797 683 840 porrecta
710 797 921 842 negantem
941 788 1093 841 pocula
1122 795 1194 828 cet.
1266 804 1277 818 ·

94 855 263 905 legeret,
306 858 568 896 recordaretur
602 858 771 908 illorum,
817 870 929 908 quum
963 856 1063 894 nulla
1098 869 1255 908 prorsus
1294 857 1393 894 inter
1430 860 1628 908 utrumque

97 923 220 961 locum
258 923 467 963 intercedat
506 926 709 964 similitudo
757 938 881 976 neque
921 924 999 962 ulla
1033 937 1107 962 vox
1151 923 1276 973 adsit,
1325 936 1423 974 quae
1465 926 1627 963 excitare

93 991 263 1042 potuerit
294 1005 423 1031 eorum
453 994 680 1032 memoriam.
743 993 823 1030 Sed
850 993 940 1030 nihil
980 993 1162 1038 dicerem,
1196 990 1230 1028 si
1268 992 1323 1028 sic
1350 991 1422 1029 iam
1452 993 1626 1030 confecta

93 1071 155 1096 res
186 1063 302 1109 esset,
329 1061 432 1110 quod
464 1061 578 1112 longe
605 1075 712 1099 secus
742 1066 813 1101 est.
859 1061 1001 1098 Statuit
1028 1060 1127 1098 euim
1145 1057 1334 1108 Orellius,
1363 1060 1478 1098 verba
1498 1058 1627 1098 bibuli

92 1126 225 1164 media
252 1127 302 1164 de
326 1134 438 1165 nocte
464 1127 629 1166 Falerni
660 1130 759 1167 inter
786 1141 823 1166 v.
852 1126 911 1169 9⁰
931 1132 978 1166 ‘et
1004 1129 1057 1169 92
1092 1127 1259 1175 intrusa,
1292 1126 1429 1165 deinde
1458 1128 1626 1166 oderunt

92 1207 139 1232 ex
165 1207 200 1233 v.
229 1194 285 1236 89
312 1197 517 1247 repetitum
546 1210 650 1246 esse,
678 1197 716 1234 in
744 1210 820 1247 quo
845 1208 938 1234 sane
965 1195 1102 1244 miror,
1139 1194 1263 1244 quod,
1289 1195 1355 1245 qui
1383 1195 1456 1234 hoc
1485 1197 1624 1248 repeti-

92 1266 251 1312 verunt,
274 1270 431 1314 potores
458 1264 542 1302 loco
563 1277 640 1314 ‚suo
668 1268 867 1302 moverunt
893 1275 1018 1313 neque
1046 1261 1280 1313 scripserunt

313 1328 501 1370 Oderunt
527 1331 657 1369 bibuli
683 1332 814 1369 media
841 1331 891 1369 de
917 1337 1029 1368 nocte
1049 1330 1216 1367 Falerni

310 1396 486 1438 Potare:
508 1407 689 1450 porrecta
716 1407 926 1452 negantem
943 1398 1108 1450 pocula.

200 1465 279 1502 Sed
304 1479 352 1503 ne
375 1468 431 1504 sic
450 1468 601 1517 quidem
621 1468 746 1506 omnia
768 1468 970 1519 profligata
994 1472 1097 1506 sunt.
1138 1467 1237 1505 Nam
1257 1467 1453 1518 explicavit
1470 1467 1622 1517 quidem

90 1531 254 1570 Orellius
266 1559 279 1581 ‚
298 1535 490 1583 quomodo
506 1535 669 1585 vulgaris
685 1540 770 1574 orta
784 1536 835 1574 sit
846 1534 978 1584 lectio,
999 1548 1123 1586 neque
1136 1548 1248 1584 vero,
1268 1534 1460 1585 quomodo
1474 1535 1620 1573 illorum

87 1601 262 1638 codicum
275 1602 461 1652 scriptura
475 1608 559 1641 orta
578 1604 647 1652 sit,
666 1603 705 1641 in
725 1602 860 1653 quibus
874 1614 909 1644 v.
925 1604 977 1644 91
994 1603 1159 1642 omissus
1175 1607 1254 1653 est,
1273 1603 1452 1643 ostendit.
1489 1602 1621 1653 ltaque

89 1668 260 1706 criticum
285 1669 448 1719 aliquem
466 1671 574 1719 fingit
600 1670 716 1709 verba
733 1671 830 1710 male
849 1671 996 1709 intrusa
1021 1671 1226 1720 delevisse,
1258 1670 1352 1718 sed,
1380 1675 1620 1709 occaecatum

89 1735 232 1774 scilicet
261 1738 487 1775 emendandi
509 1739 657 1788 studio,
679 1746 836 1790 potores
844 1766 861 1784 ,
889 1740 995 1790 qnod
1016 1740 1179 1778 retinere
1204 1738 1389 1784 debebat,
1417 1738 1618 1787 delevisse,

90 1809 224 1843 contra
250 1805 441 1850 oderunt,
476 1807 582 1856 quod
617 1807 743 1846 delere
780 1806 966 1856 debebat,
1001 1808 1214 1846 retinuisse.
1271 1806 1414 1843 Credat
1450 1806 1618 1843 Judaens

89 1872 243 1923 Apella!
273 1873 358 1923 Ego
386 1873 440 1911 sic
465 1878 604 1912 statuo.
650 1876 693 1912 Si
714 1875 865 1914 criticus
882 1875 943 1914 ille
964 1876 1176 1914 Oressianus
1203 1876 1241 1912 in
1265 1874 1502 1913 emendando
1526 1886 1617 1911 usus

89 1943 151 1977 est
177 1939 309 1977 codice
335 1939 432 1988 alio,
461 1940 499 1977 in
529 1954 604 1992 quo
627 1955 715 1981 vera
743 1943 917 1982 exstabat
944 1944 1080 1993 lectio,
1115 1957 1191 1981 non
1215 1947 1368 1994 poterat
1390 1948 1469 1980 tam
1496 1944 1616 1993 turpi-

89 2010 148 2044 ter
176 2017 329 2056 enare,
357 2006 444 2056 quia
472 2007 634 2048 habebat
661 2011 852 2059 codicem;
891 2012 924 2050 si
951 2012 1104 2063 ingenio
1127 2010 1210 2049 solo
1234 2024 1325 2048 usus
1347 2014 1426 2059 est,
1454 2010 1614 2061 primum

88 2073 344 2111 coniecturam
371 2075 480 2122 feeit,
522 2078 580 2114 cui
606 2090 684 2117 nou
706 2080 844 2129 maior,
881 2093 996 2130 quam
1019 2079 1101 2117 aliis
1125 2079 1375 2126 coniecturis,
1410 2077 1615 2115 auctoritas

88 2141 292 2179 tribuenda
322 2146 403 2188 est;
432 2143 568 2181 deinde
591 2145 702 2184 homo
726 2151 804 2185 tam
827 2149 1026 2199 perspicax
1050 2150 1089 2184 et
1114 2150 1245 2183 acutus
1269 2157 1345 2182 non
1367 2149 1518 2195 poterat
1537 2148 1613 2182 tam

89 2220 223 2246 caecus
251 2222 358 2258 esse,
387 2214 430 2247 ut
457 2223 532 2249 non
559 2214 895 2263 animadverteret,
925 2214 1136 2252 subiectum
1163 2213 1311 2250 deesse.

196 2275 483 2327 Demonstravi,
512 2283 553 2316 ut
571 2281 729 2332 opinor,
755 2282 927 2320 Pottierii
948 2285 988 2318 et
1006 2281 1181 2318 Meinekii
1200 2279 1470 2326 coniecturam,
1499 2278 1612 2316 Orel-

87 2343 137 2381 lio
172 2343 392 2394 probatam,
428 2345 529 2383 nulla
564 2347 631 2385 niti
668 2350 838 2387 codicum
876 2348 1123 2396 auctoritate,
1167 2348 1295 2396 itaque
1325 2345 1398 2383 nisi
1431 2358 1491 2382 res
1528 2345 1612 2395 ipsa

87 2413 322 2461 apertissime
348 2412 485 2452 doceat
511 2418 550 2452 ct
579 2415 734 2466 clamet,
774 2416 888 2454 verba
913 2415 976 2452 illa
1005 2415 1188 2452 eiicienda
1214 2426 1320 2462 esse,
1350 2413 1434 2463 quis
1463 2412 1609 2453 dubitet

89 2490 134 2516 ea
153 2476 349 2516 retinere?
383 2479 587 2520 Videamus
605 2483 742 2533 igitur,
768 2495 860 2532 quas
881 2482 1044 2520 Orellius
1068 2482 1235 2519 rationes
1260 2481 1406 2520 afferat.
1445 2479 1610 2519 Primum

88 2546 401 2584 constructionem
429 2548 641 2598 ambiguam
668 2561 754 2588 esse
780 2550 896 2599 dicit,
932 2561 1046 2599 quum
1079 2549 1264 2599 genitivus
1298 2547 1465 2585 Falerni
1496 2553 1535 2586 et
1563 2561 1608 2590 ex

88 2613 216 2650 bibuli
253 2618 291 2651 et
328 2627 373 2651 ex
402 2615 553 2663 pocula
590 2629 706 2654 nexus
744 2629 830 2653 esse
863 2617 998 2667 possit.
1060 2615 1112 2652 At
1139 2616 1223 2666 quis
1261 2629 1424 2666 unquam
1450 2622 1607 2668 propter

86 2681 198 2719 talem
228 2681 514 2719 constructionis
547 2682 825 2733 ambiguitatem
852 2683 971 2721 verba
997 2681 1134 2720 eiecit?
1173 2687 1211 2720 et
1246 2682 1318 2721 hoc
1345 2684 1496 2735 quidem
1523 2684 1605 2723 loco

86 2762 163 2787 non
190 2749 304 2786 modo
338 2748 462 2799 aptius
488 2748 624 2798 multo,
661 2750 731 2788 sed
765 2749 875 2787 etiam
910 2753 1065 2800 propter
1092 2748 1291 2788 verborum
1323 2751 1605 2791 collocationem

87 2816 231 2854 facilius
262 2821 322 2854 est
351 2814 479 2853 bibuli
495 2815 681 2860 Falerni,
711 2829 822 2866 quam
841 2815 1006 2853 Falerni
1026 2817 1178 2867 pocula
1207 2820 1448 2870 coniungere.
1491 2821 1603 2866 Quod

88 2894 178 2920 vero
206 2883 370 2922 Orellius
393 2887 482 2935 post
501 2883 708 2922 Bentleium
729 2882 856 2921 bibuli
872 2883 1066 2923 ridiculum
1084 2890 1194 2924 vocat
1210 2890 1386 2937 potorum
1404 2887 1602 2937 ἐπίθετον,

1185 2950 1272 2993 31*
1295 2953 1386 3006 (9²0¹)
