1910 3138
685 700 1022 751 EXGURSUS
1045 702 1129 751 Al)
1157 703 1258 750 VV-
1286 705 1370 752 3⁷.
1396 705 1480 752 38.

601 818 660 863 de
706 819 836 864 oculo
879 817 1090 878 maliyno
1129 818 1229 864 cive
1270 815 1560 878 sancime-

317 1060 461 1129 Quum
498 1085 754 1137 Porphyrion
790 1089 841 1125 ad
883 1102 919 1127 v.
959 1089 1095 1127 limat:
1126 1116 1154 1139 „
1165 1092 1358 1140 attenuat,
1401 1086 1608 1134 imminuit,
1645 1085 1776 1125 atterit
1807 1088 1848 1124 et

315 1153 442 1192 invido
473 1154 581 1193 oculo
603 1155 822 1206 fascinat“
854 1162 893 1195 et
926 1156 1154 1195 Scholiasta
1188 1157 1357 1207 Cruquii
1381 1161 1552 1193 venenat
1577 1165 1730 1204 ,‚nove‚
1756 1152 1783 1191 i.
1808 1165 1844 1191 e.

308 1222 492 1273 fascinat
501 1226 537 1251 “-
575 1222 787 1274 explicent,
821 1223 1077 1271 Lambinus,
1124 1225 1376 1271 Torrentius,
1391 1223 1476 1262 ·alii
1503 1223 1629 1262 locum
1657 1222 1708 1260 ad
1730 1220 1846 1260 fasci·

314 1290 508 1328 nationem
535 1303 614 1328 non
645 1291 884 1331 incommode
919 1293 1093 1332 retulisse
1129 1294 1315 1331 videntur.
1371 1292 1414 1330 Si
1457 1290 1634 1330 Onellius
1669 1288 1847 1328 fascinari

317 1357 748 1411 (καταβασκαίνεσθαι)
769 1363 1030 1400 tantummodo
1060 1362 1229 1400 homines
1259 1365 1299 1399 et
1316 1360 1510 1411 animalia,
1533 1371 1612 1398 non
1633 1370 1717 1407 res,
1738 1369 1847 1395 com-

318 1426 440 1464 moda
469 1427 585 1478 dicit,
627 1426 758 1466 dubito
783 1441 874 1467 num
906 1430 947 1467 in
973 1429 1097 1481 poetis
1125 1429 1216 1467 talia
1242 1429 1379 1481 ubique
1407 1428 1616 1481 premmda
1647 1426 1737 1467 sint.
1793 1423 1846 1463 At

313 1506 376 1532 res
408 1495 492 1546 ipsa
518 1494 588 1533 hac
625 1495 716 1534 data
751 1498 953 1536 occasione
987 1509 1085 1548 quae
1121 1497 1332 1535 accuratius
1366 1497 1626 1548 perpendatur
1658 1494 1762 1534 haud
1786 1494 1846 1533 in-

315 1562 433 1612 digna
458 1563 610 1602 videtur
629 1577 729 1602 esse.
783 1564 939 1616 Antiqui
961 1565 1060 1603 enim
1078 1563 1273 1615 homines,
1303 1577 1327 1602 a
1346 1565 1487 1615 quibus
1505 1564 1564 1603 vel
1586 1567 1720 1604 nostra
1736 1567 1844 1601 aetas

314 1643 392 1667 non
420 1643 578 1681 prorsus
609 1631 808 1683 abhorret,
844 1634 882 1670 in
912 1631 1027 1671 oculis
1058 1633 1295 1682 quorundam
1322 1632 1515 1671 hominum
1542 1633 1721 1684 Imprimis
1747 1631 1845 1670 invi-

317 1697 452 1735 dorum
490 1699 567 1736 vim
602 1701 848 1750 pestiferam,
895 1713 992 1752 quae
1028 1700 1175 1737 fascino
1217 1700 1343 1752 phallo
1381 1700 1672 1750 defenderetur,
1717 1700 1845 1738 inesse

315 1765 459 1815 opinati
486 1772 588 1805 sunt.
638 1768 806 1807 Theocr.
828 1768 870 1818 5,
900 1771 967 1811 12.
994 1767 1106 1820 (ibiq.
1135 1768 1281 1821 Schol.)
1308 1765 1356 1809 τύ
1381 1769 1439 1819 δ’,
1469 1763 1503 1810 ὦ
1529 1767 1647 1819 κακέ,
1674 1766 1742 1810 καὶ
1765 1764 1846 1809 ποκ’

315 1827 461 1873 ἒτᾶκευ
495 1834 758 1876 Βασκαίνων·
805 1836 911 1888 Virg.
940 1836 1023 1875 Ecl.
1048 1836 1090 1886 3,
1128 1837 1222 1878 103.
1252 1835 1322 1887 (ib.
1346 1836 1457 1875 Voss.
1481 1839 1522 1875 et
1549 1835 1724 1888 Forbig.)
1760 1834 1846 1875 No-

315 1900 396 1936 scio
425 1900 516 1950 quis
544 1907 694 1939 teneros
731 1903 872 1942 oculus
899 1904 1002 1942 milii
1024 1905 1213 1957 fascinat
1249 1918 1387 1957 agnos.
1428 1905 1540 1944 Grat-
1568 1904 1714 1956 Cyneg.
1746 1899 1844 1945 406-

315 1968 465 2019 (Burm.
494 1971 534 2006 et
561 1969 700 2020 Stem.)
733 1972 802 2008 Ac
829 1973 889 2008 sic
917 1973 1082 2024 effectus
1120 1972 1305 2025 oculique
1337 1986 1490 2012 venena
1524 1972 1701 2025 maligni
1738 1971 1845 2010 Viuit

317 2035 445 2073 tutela
475 2049 564 2086 pax
603 2037 819 2088 impetrata
857 2037 1031 2077 deorum.
1083 2040 1198 2081 ovid.
1229 2041 1324 2079 Met.
1355 2042 1406 2091 7,
1442 2041 1539 2082 366.
1577 2041 1646 2093 (ib.
1677 2038 1843 2092 Gierig.)

322 2104 502 2154 Quorum
528 2104 664 2142 oculos
691 2106 776 2156 ipso
803 2107 988 2144 vitiantes
1010 2109 1145 2144 omnia
1174 2109 1286 2157 nisu,
1321 2109 1347 2145 i.
1372 2122 1405 2149 e.
1432 2109 1682 2159 fascinantes,
1709 2109 1749 2146 in
1770 2120 1841 2159 pe-

312 2173 375 2222 jus
401 2175 603 2211 mutantes.
644 2172 754 2225 Apul.
782 2173 874 2212 Met.
902 2172 945 2224 4,
975 2173 1039 2216 14.
1067 2174 1261 2226 (Hildebr.
1291 2189 1331 2226 p.
1367 2175 1480 2227 250.)
1507 2176 1695 2215 Invidiae
1722 2188 1843 2213 noxos

315 2239 459 2293 effugit
483 2239 631 2280 oculos.
659 2241 871 2291 Symmaeh.
900 2241 1025 2294 Epist.
1047 2244 1086 2291 1,
1119 2242 1184 2282 13.
1222 2242 1352 2279 Nullo
1371 2244 1534 2294 fascino
1555 2243 1741 2295 felicitae
1755 2255 1840 2294 pu-
1900 2261 1910 2289 ·,

318 2307 425 2346 blica
448 2308 687 2349 mordeatur.
711 2310 768 2349 Id.
791 2312 829 2359 1,
850 2308 916 2351 48.
959 2310 1058 2360 Quis
1076 2309 1215 2347 oculus
1232 2310 1459 2361 fascinavit
1475 2311 1714 2349 destinatam
1729 2312 1840 2363 quie-

317 2375 426 2413 tem?
461 2375 507 2414 A.
535 2377 635 2417 Geli.
661 2377 702 2428 9,
730 2376 773 2420 4.
801 2377 926 2416 oculis
950 2391 1105 2430 quoque
1132 2377 1328 2415 exitialem
1350 2379 1657 2428 fascinationem
1670 2379 1772 2428 fieri
1796 2381 1841 2417 in
1906 2407 1907 2411 ,

318 2443 458 2481 iisdem
485 2443 600 2482 libris
633 2446 826 2497 scriptum
855 2453 911 2484 est
917 2461 935 2494 ;
972 2445 1242 2498 traditurque,
1284 2459 1364 2483 esse
1391 2446 1569 2485 homines
1596 2448 1641 2485 in
1669 2443 1839 2499 ‘Rha-1123,

319 2515 392 2563 qui
415 2513 647 2551 interimant
679 2513 874 2560 videndo,
903 2527 1000 2565 quos
1028 2514 1180 2552 diutius
1207 2515 1304 2551 irati
1328 2514 1524 2552 viderint:
1564 2528 1703 2568 eosque
1733 2516 1850 2566 ipsos

317 2593 446 2618 mares
459 2582 737 2633 feminasque,
770 2583 842 2634 qui
867 2583 958 2620 visu
986 2590 1070 2620 tam
1092 2583 1249 2620 nocenti
1274 2589 1387 2632 sunt,
1410 2583 1598 2635 pupillas
1625 2585 1669 2622 in
1695 2584 1838 2635 cingu-

319 2647 369 2685 lis
394 2648 522 2686 oculis
551 2648 666 2687 binas
693 2649 849 2688 habere.
891 2650 1108 2700 Hieronym.
1139 2650 1189 2687 ad
1214 2651 1340 2702 Epist.
1366 2652 1415 2689 ad
1442 2651 1566 2694 Galat.
1584 2652 1624 2703 3,
1653 2653 1691 2693 1.
1720 2650 1838 2700 „Di-
1903 2652 1906 2653 ⁷

319 2717 422 2753 citur
442 2718 631 2768 fascinus
653 2720 815 2770 proprie
846 2716 1069 2770 infantibus
1096 2730 1232 2755 nocere
1261 2725 1298 2755 et
1325 2719 1451 2756 aetati
1471 2719 1671 2770 parvulae
1697 2725 1735 2755 et
1758 2717 1834 2767 his,

322 2784 393 2832 qui
429 2785 598 2823 necdum
621 2786 749 2835 firmo
784 2787 950 2838 vestigio
973 2785 1116 2838 figant
1146 2785 1336 2837 gradum.
1414 2787 1528 2825 Unde
1554 2793 1592 2823 et
1618 2785 1786 2837 quidam
1815 2798 1836 2823 e
1907 2815 1910 2820 .

316 2850 534 2899 gentilibus
547 2868 559 2888 .-
591 2852 738 2892 Nescio
767 2856 857 2906 quis
885 2862 1034 2892 teneros
1063 2853 1197 2892 oculos
1226 2854 1328 2892 mihi
1341 2854 1528 2906 fascinat
1554 2865 1692 2904 agnos.
1741 2853 1836 2891 Hoc

323 2922 455 2953 utrum
489 2931 624 2957 verum
654 2933 726 2969 nec
752 2934 802 2958 ne
829 2921 902 2973 sit,
939 2922 1052 2960 Deus
1079 2921 1246 2970 viderit,
1286 2923 1383 2975 quia
1406 2927 1538 2972 potest
1560 2919 1683 2967 fieri,
1722 2927 1768 2958 ut
1798 2926 1835 2956 et
