1910 3138
266 220 350 263 454
379 220 655 261 COMMENT.
677 220 733 258 IN
752 219 874 259 HOR.
902 219 1004 262 LIB.
1023 222 1052 260 Ι.
1095 220 1262 259 EPIST.
1283 221 1690 265 DUODEVICESIM.
1722 224 1802 265 106

267 337 468 374 admodum
493 333 717 371 defenderes
739 333 890 383 penitus
911 333 980 370 tibi
1009 334 1171 371 notum⁶⁶
1191 337 1266 372 etc.
1282 334 1335 384 *).
1374 335 1605 387 Compar-ant
1625 336 1802 388 Theogn.

268 405 362 445 963.
401 398 478 452 Μή
509 395 595 440 ποτ’
626 396 847 455 ἐπαινήσῃς
874 399 972 454 πρὶν
1009 397 1060 440 ἂν
1097 402 1207 456 εἰδῇς
1238 397 1368 454 ἄνδρα
1403 406 1617 456 σαφηνῶς,
1655 400 1803 457 'OQ-,niv

267 466 522 523 καὶρυθμὸν
550 467 620 508 καὶ
648 464 799 520 τρόπον
829 464 936 516 ὅστις
964 465 1014 508 ἂν
1045 463 1097 524 ᾗ,
1127 475 1166 508 et
1192 471 1283 508 illud
1313 471 1567 523 Theophrasti
1595 473 1697 524 apud
1723 472 1804 510 Ru-

267 541 320 580 til,
350 538 449 589 Lup.
479 551 517 588 p.
549 539 615 578 22.
660 536 878 575 Prudentis
908 549 988 574 esse
1009 537 1216 588 officium,
1245 539 1468 576 amicitiam
1486 538 1700 590 probatam.
1727 554 1805 591 ap-

261 615 412 659 petere,
449 619 529 642 non
559 606 780 656 appetitam
809 604 995 655 probare.
1047 604 1158 644 Adde
1188 606 1376 648 Plutarch.
1407 608 1455 646 de
1483 607 1627 646 Vitioso
1651 608 1804 647 Pudore

267 676 364 716 VIII,
390 689 428 725 p.
451 674 530 715 113
553 686 612 723 sq.
635 694 693 700 —-
716 672 762 711 V.
791 674 859 713 77.
887 673 1096 711 Incutiant
1113 696 1167 702 -—
1182 674 1387 724 pudorem.
1435 675 1615 714 Incutere
1642 676 1702 714 hie
1725 689 1804 714 non

266 751 341 784 tam
371 745 419 781 de
446 742 727 780 vehementiore
754 741 866 779 animi
891 746 1019 791 motu,
1059 742 1112 780 uti
1145 740 1211 792 14,
1239 744 1331 792 22.‚
1369 755 1481 794 quam
1521 744 1572 782 de
1598 757 1643 783 re
1678 743 1806 783 subita

266 813 325 851 vel
345 813 629 862 inexspectata,
659 809 743 850 coll.
776 809 959 848 Wiistem.
989 811 1038 847 ad
1067 811 1149 848 Sat.
1174 812 1212 859 2,
1242 812 1281 860 1,
1312 811 1381 852 39.
1406 815 1446 850 et
1471 812 1595 852 Kritz,
1626 812 1676 850 ad
1705 811 1804 850 Vess.

266 881 413 919 Patere.
439 894 476 930 p.
508 879 602 919 531.
631 900 687 907 —
726 877 772 916 V.
803 878 870 917 78.
907 877 1111 915 Fallimur
1148 886 1186 915 et
1223 880 1452 930 quondam,
1489 882 1514 920 i.
1543 895 1576 920 e.
1606 880 1806 930 interdum,

266 954 308 988 ut
335 949 410 990 Od,
441 950 482 997 2>
510 948 575 996 10,
612 948 674 987 18.
700 945 770 997 (ib.
800 945 986 997 Dillenb.)
1017 951 1055 984 et
1085 947 1191 996 Virg.
1220 948 1293 986 Ge.
1323 946 1364 997 4,
1395 950 1490 990 261.
1529 948 1624 988 Aen.
1653 951 1693 998 2,
1723 949 1806 989 867

268 1018 335 1069 (ib.
371 1016 548 1067 Forbig.)
583 1037 630 1043 —
675 1028 755 1051 non.
794 1014 991 1066 dignum,
1027 1019 1068 1052 ut
1098 1015 1221 1066 Epod.
1254 1017 1334 1064 12,
1363 1017 1429 1059 25.
1471 1031 1542 1069 ego
1572 1030 1653 1054 non
1670 1015 1807 1068 filix-5

268 1087 388 1136 Epist.
423 1085 496 1133 16,
524 1084 592 1123 66.
637 1096 718 1119 non
761 1084 837 1119 erit
872 1097 1053 1135 unquam.
1090 1088 1128 1122 et
1165 1084 1238 1123 alia
1275 1085 1377 1124 talia.
1429 1086 1541 1125 Conf-
1588 1084 1738 1124 Gerber
1770 1086 1810 1122 in

267 1154 483 1192 Zimmerm.
511 1151 728 1201 ,‚Zeitschr.
755 1152 782 1191 f.
818 1152 854 1190 d.
884 1151 1167 1190 Alterthmsw.“
1199 1154 1319 1194 1839.
1351 1167 1390 1205 p.
1418 1152 1487 1195 46.
1510 1176 1568 1183 —
1593 1154 1808 1199 tmdimus,

268 1226 309 1260 ut
328 1223 369 1271 9,
390 1221 432 1261 3.
465 1220 625 1258 Scilicet
645 1226 691 1257 ut
708 1218 781 1257 tibi
797 1233 838 1257 se
857 1219 1025 1258 laudare
1050 1227 1086 1256 et
1109 1220 1262 1257 tradere
1281 1235 1421 1268 coner,
1445 1223 1546 1262 conf.
1565 1222 1616 1261 ib.
1637 1236 1729 1261 ann.
1749 1243 1807 1250 —-

267 1290 315 1328 V.
344 1290 412 1330 79.
453 1290 586 1326 omitte
622 1290 734 1326 tueri.
788 1288 844 1327 Ita
875 1289 949 1326 Od.
974 1289 1024 1338 3,
1056 1290 1130 1337 29,
1163 1290 1228 1329 11.
1274 1289 1420 1327 Omitte
1450 1291 1602 1330 mirari.
1647 1290 1808 1330 Terent.

269 1357 365 1396 Eun.
393 1357 443 1406 5,
481 1360 529 1407 6,
570 1358 636 1398 19.
703 1357 848 1394 Omitte
882 1357 930 1394 de
966 1363 1002 1393 te
1029 1357 1169 1395 dicere.
1211 1357 1324 1396 Ovid.
1364 1359 1458 1397 Met.
1486 1359 1536 1409 3,
1567 1357 1662 1400 614.
1698 1358 1808 1395 mitte

265 1427 436 1477 precari.
490 1425 535 1463 ln
559 1426 784 1464 sententiam
811 1425 988 1475 Theogn.
1025 1426 1133 1467 1079
1159 1448 1215 1454 —
1241 1426 1311 1467 80.
1356 1420 1514 1467 Ου’δὲνα
1541 1428 1620 1467 τῶν
1649 1426 1806 1478 ἐχθρῶν

271 1490 513 1547 μωμήσομαι
538 1490 682 1534 ἐσθλὸν
712 1489 849 1543 ἐόντα,
893 1488 998 1534 Οὐδὲ
1017 1491 1090 1546 μὲν
1116 1490 1270 1546 αἰνήσω
1298 1491 1427 1535 δειλόν
1456 1491 1574 1535 ἐόντα
1597 1495 1731 1546 φίλον.
1750 1515 1806 1522 —

270 1564 314 1600 V.
348 1565 416 1605 80.
468 1563 521 1599 Ut
546 1564 709 1613 penitus
745 1569 894 1602 notum.
949 1562 1114 1600 Phaedr.
1142 1563 1195 1612 3,
1226 1564 1303 1612 10,
1333 1563 1398 1604 58.
1448 1563 1545 1600 Erit
1570 1562 1642 1610 ille
1673 1569 1808 1608 notus,

271 1645 387 1682 quem
409 1645 486 1681 per
524 1638 560 1667 te
587 1632 827 1683 cognoveri-³.
885 1630 942 1668 De
971 1630 1156 1682 particula
1181 1632 1342 1681 penitus
1380 1645 1464 1670 cum
1500 1631 1627 1670 verbis
1663 1643 1809 1682 cogno-

250 1701 422 1748 scendi,
451 1700 706 1751 perspiciendi
726 1701 858 1749 juncta
887 1701 959 1738 vid.
989 1700 1114 1740 Hand.
1136 1699 1300 1740 Turseli,
1325 1700 1384 1740 [V.
1411 1714 1452 1751 p.
1474 1697 1571 1742 427.
1589 1722 1648 1729 —
1666 1699 1703 1736 εἰ
1721 1706 1810 1736 ten-

271 1760 353 1804 lehc
381 1768 560 1806 crimina.
606 1768 803 1818 „Crimina
829 1772 917 1806 sunt
947 1768 1223 1818 συκοφαντίαι.
1262 1768 1426 1807 Glossae
1454 1772 1622 1819 veteres,
1659 1769 1808 1805 crimen

271 1834 468 1888 ἔγκλημα,
500 1832 680 1886 διαβολή.
721 1836 888 1886 Optime.
923 1834 1166 1873 Criminibus
1185 1837 1330 1873 tentari
1344 1836 1436 1888 **)‚
1465 1839 1810 1887 συκοφαντεῖσθαι

272 1909 311 1942 et
339 1904 441 1954 quod
471 1903 517 1941 D.
554 1903 849 1952 Chrysostomus
879 1908 1221 1953 συκοφαντεῖσθαι
1247 1900 1305 1944 ἐπ’
1331 1900 1586 1956 ἐγκλήμασιν.
1633 1905 1720 1950 Quo
1747 1903 1811 1942 ni-

270 1971 322 2009 hil
348 1983 434 2009 esse
458 1972 497 2008 in
520 1970 604 2008 aula
633 1971 885 2021 frequentius,
914 1976 1054 2009 norunt
1076 1972 1248 2009 omnes.“
1292 1972 1348 2009 D.
1373 1973 1580 2011 Heinsius.
1601 1994 1656 2000 —
1675 1971 1718 2010 V.
1739 1972 1810 2012 81·

281 2040 509 2090 Tziterisque
532 2045 598 2076 ιιιο
626 2059 684 2067 --
706 2038 921 2088 praesidia
969 2037 1097 2076 Locus
1118 2039 1341 2077 obversatus
1372 2053 1457 2079 esse
1477 2042 1627 2080 videtur
1653 2040 1810 2090 elegan-

272 2110 419 2147 tissimo
447 2111 585 2159 poetae
615 2106 820 2145 fabularum
841 2106 1087 2157 Aesopiarum
1116 2106 1347 2145 Desbillons
1375 2109 1416 2146 in
1440 2109 1568 2148 Carm.
1597 2108 1647 2146 ad
1673 2107 1809 2145 Claud.

272 2177 394 2214 Saler.
427 2176 454 2217 1.
484 2189 523 2226 p.
554 2175 621 2215 55.
651 2175 794 2226 praefi:
822 2188 960 2226 meque
987 2175 1090 2212 livor
1121 2176 1158 2212 si
1185 2175 1317 2213 malus
1346 2176 1627 2214 Amamlentis
1651 2175 1808 2227 appeti-

276 2246 371 2283 verit
387 2245 520 2292 jocis,
569 2244 651 2280 Τιιο
674 2243 877 2294 praesidio
907 2250 1029 2280 tulere
1055 2241 1278 2289 imbellem,
1310 2258 1467 2294 precor.
1510 2244 1553 2282 In
1582 2243 1807 2282 sententiam

274 2314 374 2352 conf.
398 2314 478 2353 Sat.
505 2314 544 2363 1,
575 2310 616 2361 4,
647 2313 698 2352 81
732 2324 791 2361 sq.

384 2459 423 2507 *)
444 2463 556 2496 Recte
573 2461 694 2496 Schol.
712 2462 820 2505 Cruq.
842 2461 1022 2495 formulam
1043 2460 1145 2495 ctiam
1162 2466 1264 2504 atque
1279 2460 1382 2494 etiam
1400 2459 1514 2504 aspice
1531 2458 1805 2504 interpretatur-2

275 2531 473 2564 „cognosce
495 2518 685 2564 diligenter
701 2523 739 2552 et
753 2518 939 2552 considera
954 2519 1029 2563 ejus
1043 2518 1197 2553 ωσι-θεέ(
1227 2517 1330 2551 Conf.
1349 2527 1429 2550 ann.
1447 2516 1492 2550 ad
1513 2516 1570 2561 17,
1587 2512 1621 2551 4.
1637 2519 1676 2549 et
1687 2515 1806 2551 Hand-

276 2577 433 2611 'l'urselL
450 2577 496 2610 ΙΙ.
518 2588 554 2620 p.
575 2575 657 2611 577.

365 2642 425 2689 **)
451 2644 589 2679 Crimen
610 2655 631 2677 a
649 2642 884 2688 scriptoribus
910 2641 1063 2687 antiquis
1091 2653 1159 2676 non
1180 2653 1244 2687 pro
1271 2641 1397 2675 scelere
1424 2644 1462 2674 et
1480 2640 1669 2685 maleficio,
1689 2636 1752 2673 sed
1770 2639 1809 2671 ut

277 2699 331 2733 hic
354 2701 412 2734 vel
431 2701 475 2734 de
500 2701 588 2734 falsa
607 2700 832 2734 accusatione
851 2700 910 2733 vel
934 2698 1207 2744 reprehensione
1231 2698 1287 2732 vel
1311 2698 1355 2731 de
1379 2701 1545 2732 accusato
1568 2694 1808 2731 accusandove

276 2756 392 2801 aliquo
414 2758 571 2791 facinore
591 2756 662 2791 dici
685 2759 919 2791 observarunt
938 2756 1083 2791 Munck.
1104 2755 1149 2789 ad
1168 2755 1298 2800 Hygin.
1324 2754 1414 2788 Fab.
1435 2755 1491 2789 19.
1510 2766 1548 2799 p.
1564 2749 1621 2787 54.
1643 2749 1806 2794 Madvig.

278 2812 412 2855 Opusc.
434 2826 469 2858 p.
491 2815 574 2849 370.
596 2815 714 2850 Halm.
737 2814 780 2847 ad
802 2815 880 2848 Cic.
902 2825 956 2858 pr.
978 2813 1073 2847 Sest.
1092 2813 1149 2856 38,
1173 2814 1230 2848 80.
1259 2812 1365 2856 Segstff.
1386 2811 1431 2845 ad
1450 2808 1527 2845 Cic.
1550 2806 1648 2842 Lael.
1672 2807 1726 2849 18,
1747 2802 1804 2840 65-

281 2867 434 2903 Tentare
451 2882 513 2914 pro
531 2882 662 2904 vexare
674 2897 683 2914 ‚
704 2870 873 2905 invadere
894 2870 1073 2904 illustrant
1092 2869 1257 2904 Torreat.
1275 2868 1319 2902 ad
1335 2867 1371 2902 h.
1388 2868 1413 2902 l.
1430 2870 1467 2902 et
1482 2863 1628 2909 Forbig.
1644 2863 1690 2898 ad
1706 2860 1807 2905 Virg.

277 2923 355 2957 Ecl.
379 2927 408 2966 1,
428 2925 497 2968 50..
518 2928 562 2960 de
581 2928 693 2961 verbo
714 2929 912 2961 morborum
935 2925 1079 2972 proprio
1102 2926 1139 2960 cf
1155 2937 1234 2960 ann.
1258 2925 1303 2960 ad
1323 2926 1357 2967 6,
1379 2925 1434 2960 28.

1899 2465 1910 2482 ·-.
1900 2442 1910 2452 ,2
1894 2339 1910 2415 d-’.ss
