2034 3224
146 270 204 311 87
305 266 683 308 commun
711 266 767 306 {N
796 266 1019 307 HORATII
1042 266 1143 307 Lm.
1161 268 1192 308 1.
1217 266 1383 310 Bpls‘r.
1402 265 1522 308 ΒΕΘ.
1622 264 1678 309 87

148 391 390 442 dem,
410 391 526 430 adeat
553 392 661 430 locos
687 395 729 431 et
756 392 962 442 scriptores
989 391 1078 430 olim
1102 405 1142 444 p.
1160 389 1355 432 81-84.
1379 390 1568 440 laudatos,
1594 391 1679 442 qui-

146 458 218 498 bu
238 459 406 499 adde-iffi
432 465 523 499 sunt
555 459 822 511 Gmtqfenduc
850 460 886 497 in
915 459 1096 498 Seebodii
1124 457 1336 508 »ΔΙ-0111176(
1365 459 1488 502 1829.
1518 473 1557 511 Ρ.
1586 461 1679 502 122.

145 529 187 565 et
210 527 471 580 fflrtcatagiue
493 528 533 565 in
557 553 589 578 „
598 526 775 576 Religion
804 528 874 565 der
903 528 1042 566 Rfimer
1051 528 1080 551 ‘⁴
1109 526 1157 564 11.
1192 539 1231 578 p.
1257 525 1351 569 256.
1409 527 1678 577 Quaecumque

144 593 218 633 &a
243 593 375 646 (Ovid.
404 594 511 633 Fut.
539 595 590 644 6,
634 594 749 645 307.)
793 594 949 632 Vacuna
974 593 1040 632 illa
1067 594 1159 641 fuit,
1205 605 1343 631 nomen
1370 595 1451 645 ejus
1475 596 1557 633 sive
1580 595 1682 632 serio

143 654 224 702 sive
250 676 321 715 per
337 663 466 714 jocum
488 661 538 700 ad
566 661 677 699 deam
701 662 887 713 quandam
915 660 1170 699 vacationibus
1191 660 1391 711 propitiam
1419 661 1489 714 (0.
1514 664 1682 701 Ραεεον.

141 730 194 768 N.
222 729 336 780 227.)
362 729 520 768 relatum
549 741 636 767 esse
663 729 832 777 videtur,
858 735 897 765 ut
927 741 1004 766 non
1029 729 1158 779 inepte
1195 729 1435 776 Tot-rentiam,
1457 729 1548 769 lieet
1573 731 1684 770 aliter

142 797 283 836 sentiat
313 796 592 841 Welandius,
616 796 811 846 ingeniose
836 795 886 833 ibi
918 808 982 833 rus
1011 809 1120 834 sunm
1145 795 1304 834 Pomm
1328 796 1612 848 facetissimum,
1639 802 1683 836 nt

141 864 208 916 qni
234 865 382 904 otiosus
410 865 503 903 haec
535 868 721 913 occupato
749 864 895 903 Romae
924 863 1064 902 Aristi«)
1094 865 1331 915 scripsisset,
1358 863 1567 904 collocasse
1597 866 1685 917 opi-

140 936 254 970 natus
277 934 340 971 sit.
394 932 534 981 Neque
560 929 611 968 ab
630 930 696 969 illa
721 932 924 980 sententia,
947 932 973 969 i.
1000 943 1034 969 e.
1057 943 1082 968 a
1109 933 1224 971 tacita
1251 932 1418 982 quadam
1438 933 1600 971 nominis
1626 934 1684 973 in-

140 1000 418 1051 terpretatione
443 998 625 1037 abhorret
655 998 801 1037 Annon.
828 999 900 1050 Ep.
929 998 983 1049 4,
1026 998 1095 1039 99.
1123 1011 1250 1051 neque
1277 1000 1522 1051 Epigramma
1544 999 1637 1038 illud
1661 1013 1686 1038 a

141 1064 223 1104 1³·oe
257 1078 303 1104 ex
332 1066 480 1104 Bonad.
508 1066 635 1104 Cam.
666 1080 711 1105 ex
747 1067 866 1117 antiq.
895 1067 970 1118 lup.
999 1066 1046 1105 ll.
1076 1078 1115 1117 p.
1144 1066 1229 1108 536
1262 1067 1424 1119 (Meyer.
1461 1066 1577 1106 Anth.
1617 1067 1683 1107 lut.

141 1132 196 1172 N.
234 1131 363 1184 1160)
400 1132 586 1182 nuatum,
627 1134 732 1184 quod
768 1133 863 1173 Italo
901 1133 1012 1171 alicui
1050 1134 1139 1172 Sec.
1178 1134 1280 1173 XVI.
1317 1134 1560 1174 tribuendum
1597 1147 1686 1174 esse

149 1198 295 1238 aellio
315 1199 481 1239 videtur.
533 1200 619 1239 Huc
640 1203 788 1241 accedit
808 1201 1017 1240 Horatiana
1042 1201 1081 1239 in
1102 1201 1310 1240 Nominum
1331 1215 1464 1254 propr.
1492 1203 1685 1254 significa-

141 1268 245 1308 tin-e
268 1267 423 1307 ludendi
450 1268 711 1318 consuetudo,
738 1269 845 1320 cujus
871 1270 1021 1322 aliquot
1046 1269 1219 1308 dedimus
1245 1269 1407 1319 insignia
1438 1271 1611 1322 exempla
1633 1271 1685 1309 ad

140 1336 185 1388 Β,
209 1337 279 1379 22.
306 1335 471 1375 Omnino
494 1338 644 1375 veteres
671 1340 809 1386 poetae
834 1337 976 1377 talibus
1001 1336 1144 1376 lusibus
1170 1334 1347 1388 (Quintil.
1364 1336 1460 1376 Inst.
1482 1339 1524 1388 6,
1552 1338 1596 1387 3,
1626 1338 1683 1379 53

138 1402 242 1455 sqq.)
263 1415 344 1442 non
367 1401 623 1452 abstinebant,
650 1403 690 1440 id
717 1405 820 1454 qnod
849 1405 978 1443 multis
1003 1404 1184 1456 ex-plis
1212 1417 1259 1443 ex
1275 1408 1439 1455 utraque
1465 1405 1595 1456 lingua
1611 1418 1682 1456 pe-

137 1469 219 1509 titis
253 1469 487 1508 illustrarunt
517 1469 824 1508 JanueDouza
861 1472 889 1510 s.
918 1473 1087 1511 innotis
1114 1472 1165 1510 ad
1195 1471 1333 1510 Catull.
1361 1471 1679 1525 e.v111.p.46.

94 1557 104 1561 -
137 1542 180 1577 et
203 1537 426 1590 Mmagius
450 1538 492 1576 in
521 1532 637 1575 obss.
665 1538 716 1575 ad
740 1536 931 1576 Amintam
955 1539 1074 1578 Tassi
1110 1541 1158 1589 2,
1195 1541 1242 1588 1,
1280 1539 1347 1580 15.
1370 1553 1409 1592 p.
1429 1538 1547 1591 247„
1583 1553 1681 1592 quos

135 1605 178 1644 in
199 1606 334 1644 endem
356 1618 400 1644 re
435 1605 673 1656 explananda
701 1605 831 1644 laudat
857 1606 1125 1646 Burmannus
1151 1607 1203 1646 ad
1228 1606 1381 1646 Lotich.
1417 1607 1478 1646 El.
1508 1608 1559 1658 5,
1607 1607 1680 1659 13,

138 1674 205 1715 17.
227 1673 343 1712 Conf.
372 1672 489 1711 Geth.
511 1671 627 1712 Voss.
650 1672 746 1711 Inst.
774 1673 885 1712 ont.
913 1672 964 1724 4,
1013 1676 1079 1716 11.
1118 1687 1156 1726 p.
1190 1675 1259 1716 32.
1315 1673 1482 1714 Ellendt.
1507 1674 1571 1714 ad.
1597 1675 1677 1715 Gie.

137 1740 187 1779 de
215 1740 285 1779 Or.
313 1742 364 1792 2,
401 1740 479 1790 63,
518 1740 614 1783 257.
648 1741 727 1791 64,
757 1739 852 1782 258.
875 1741 1082 1781 Hermann.
1106 1743 1158 1780 ad
1176 1741 1335 1781 Lucian.
1364 1743 1569 1789 Quomodo
1587 1743 1677 1782 hist.

138 1814 213 1848 etc.
239 1807 309 1849 88.
336 1820 377 1859 Ρ.
404 1807 501 1849 237.
555 1809 661 1847 Nun
686 1809 842 1848 Vacuna
865 1810 1051 1862 templum
1077 1810 1226 1848 Romae
1255 1823 1432 1862 quoque,
1478 1811 1544 1850 ubi
1579 1811 1677 1850 hanc

136 1875 188 1914 ob
213 1887 295 1913 rem
318 1874 416 1914 hanc
441 1875 653 1927 Epistolam
680 1878 861 1929 scriptam
885 1882 995 1929 putat
1025 1877 1174 1916 Gorius
1201 1878 1319 1929 (Mus.
1347 1878 1498 1918 Etrusc.
1521 1878 1570 1918 11.
1597 1879 1675 1918 tab.

138 1943 206 1988 19.
226 1955 266 1995 Ρ.
292 1942 349 1983 63
374 1943 452 1995 sq.)
478 1943 674 1994 hahuerit,
703 1946 755 1983 uti
783 1958 870 1984 cum
896 1945 961 1983 illo
986 1946 1163 1997 opinatur
1189 1947 1480 1999 Harmngius,
1517 1959 1580 1986 me
1605 1959 1675 1985 ne-

134 2010 234 2050 scire
256 2009 419 2060 ingenue
444 2011 571 2053 fateor
597 2015 638 2050 et
666 2012 726 2051 vel
751 2013 852 2052 adeo
879 2013 1110 2052 1111111110.-
1137 2012 1182 2051 V.
1197 2013 1264 2054 50.
1293 2014 1469 2066 Excepto
1489 2013 1602 2066 quod
1619 2035 1675 2042 -—

73 2106 82 2114 .
129 2077 333 2117 hovi&
361 2077 658 2132 Trists‚17,
685 2080 751 2122 12.
778 2080 846 2132 (ib.
871 2079 1673 2134 Loers.)Exoeptoquodmeper-didit‚

132 2159 239 2193 uuus
264 2159 353 2184 aas
376 2150 417 2185 et
437 2146 550 2186 Pont.
576 2146 628 2198 4,
654 2147 735 2198 14,
756 2148 799 2189 3.
834 2148 991 2193 Quintil.
1017 2148 1111 2188 Inst.
1138 2151 1191 2199 9,
1226 2149 1282 2199 4,
1318 2152 1386 2191 79.
1428 2149 1523 2187 Ρ1111.
1547 2148 1670 2199 Epist.

131 2215 182 2264 8,
222 2215 261 2256 1.
286 2200 373 2253 coll.
409 2214 535 2254 Bentl.
562 2216 612 2253 ad
638 2216 721 2254 Sat.
751 2216 802 2266 1,
845 2216 900 2264 6,
944 2217 1039 2258 126.
1074 2215 1194 2254 Drak.
1223 2217 1273 2255 nd
1299 2216 1384 2255 Liv.
1415 2218 1466 2264 1,
1511 2213 1589 2264 41,
1630 2215 1670 2255 6.

129 2276 304 2320 Hildebr.
330 2282 381 2320 ad
408 2281 518 2334 Apul.
543 2281 638 2321 Met
667 2283 709 2333 1,
737 2281 775 2322 5.
804 2295 842 2333 p.
870 2283 941 2324 30.
998 2283 1103 2321 Cave
1130 2289 1268 2333 autem,
1295 2285 1513 2322 Pronomen
1540 2293 1584 2318 eo
1610 2282 1669 2320 in-

132 2347 303 2399 telligas,
331 2350 437 2400 quod
466 2350 620 2401 quidem
646 2349 804 2400 intelligi
825 2349 963 2399 jubent
992 2350 1132 2389 Heind.
1161 2351 1212 2388 ad
1242 2351 1325 2388 Sat.
1357 2351 1405 2399 1,
1446 2349 1498 2398 1,
1533 2348 1602 2389 93.
1629 2352 1670 2387 et

132 2414 308 2454 Rmklim.
336 2417 405 2455 Gr.
429 2417 497 2456 lat.
523 2417 572 2456 II.
596 2430 637 2469 Ρ.
657 2416 752 2460 298.
779 2417 840 2456 ed.
869 2417 1004 2455 Stallb.
1032 2438 1081 2446 —-
1113 2418 1237 2455 simul
1260 2430 1371 2457 esses.
1427 2414 1487 2453 Ita
1510 2414 1590 2454 Cic.
1616 2415 1668 2454 ad

135 2479 246 2519 Attic„
275 2482 324 2531 5,
363 2484 442 2533 10,
476 2485 517 2525 3.
540 2492 704 2536 propto-
722 2485 967 2522 ticinitatem
994 2491 1093 2522 totos
1118 2485 1201 2522 dies
1228 2482 1353 2521 simad
1375 2495 1535 2520 eramus
1559 2482 1667 2520 invi—

134 2560 232 2584 cem.
288 2548 384 2587 Ibid.
411 2553 459 2599 6,
488 2553 535 2600 2,
565 2552 605 2592 5.
631 2551 773 2590 scribis
794 2551 966 2589 monim·
991 2559 1029 2588 te
1056 2552 1275 2601 interdum,
1312 2549 1668 2615 quoquonamul

132 2615 201 2650 sis.
260 2611 365 2652 Alias
389 2627 480 2653 cum
502 2617 639 2669 aliquo
666 2625 706 2660 et
731 2619 848 2671 apud
871 2618 1049 2670 aliquem
1076 2630 1164 2656 esse
1188 2619 1341 2668 dicitur,
1367 2621 1413 2656 ut
1435 2616 1526 2656 ibid.
1555 2618 1597 2669 5,
1625 2619 1663 2661 6.

74 2735 81 2740 ,
132 2683 171 2726 7
212 2681 263 2730 6,
307 2682 346 2722 2
384 2681 496 2721 Cous.
522 2684 648 2725 Hand.
677 2686 794 2726 Turs.
819 2687 867 2727 Π.
892 2701 931 2739 p.
958 2688 1052 2729 137
1079 2671 1513 2736 idanquedeffiffione
1537 2692 1665 2724 cem

129 2746 259 2785 laem-s
284 2760 324 2799 p.
351 2744 419 2789 42.

754 2889 1012 2897 ———-——-
