1910 3138
238 189 324 232 550
385 192 668 233 COMMENT.
697 191 754 230 IN
781 191 907 235 HoR.
939 191 1040 234 Llss.
1059 192 1088 232 1.
1130 191 1297 233 EPIST.
1322 192 1621 233 vlcssfflMAM.
1691 194 1774 241 202

236 313 331 345 rata
358 306 453 344 loris
483 304 658 343 horridi-s·
690 304 863 356 Scythae
883 305 1008 356 pellis
1018 333 1033 352 ,
1079 305 1171 356 Qua
1199 305 1413 357 vapulavit
1441 307 1630 360 Marsyae
1665 305 1777 358 Cele-

238 387 362 413 naeus
373 402 388 420 ‚
417 374 667 424 Ferulaeque
696 374 851 420 tristes,
879 380 1035 424 sceptra
1055 374 1411 426 paedagogorum,
1445 375 1601 414 Ument
1621 380 1659 411 et
1676 373 1776 412 Idus

237 442 440 481 dormiant
469 443 513 480 in
544 441 757 482 Oetobres:
787 442 953 480 Aestate
972 442 1091 492 pueri
1115 443 1153 481 ai
1176 443 1312 482 valent
1322 472 1337 490 ,
1364 444 1463 482 eatis
1481 442 1651 482 discunt.
1690 442 1777 480 Jam

237 511 351 550 verba
371 510 509 561 pluris
537 510 695 549 admov.
723 512 837 549 auris
862 511 901 549 in
920 511 1056 549 ceteris
1077 511 1248 551 omnibus
1269 511 1578 564 explicationibus
1591 511 1630 560 *)
1655 523 1777 562 paene

238 580 361 618 otiosa
392 579 613 630 frequentes
651 580 820 618 indicant
851 591 1018 629 pueros,
1066 580 1132 629 qui
1172 584 1263 631 post
1302 580 1416 619 ferias
1433 580 1498 631 **)
1531 578 1614 618 illas
1649 579 1775 617 finitas

235 660 335 687 novo
374 649 483 697 quasi
531 648 656 685 cursui
699 646 925 686 scholastico
961 647 1202 687 affluxerunt.
1268 648 1328 687 De
1365 648 1530 697 dictione
1569 647 1778 686 admovere

236 717 349 754 auris
377 717 427 755 ad
457 715 728 767 significandos
762 719 931 755 attentos
965 717 1159 756 auditores
1194 716 1424 755 Sckmtdiue
1454 715 1582 755 laudat
1616 714 1775 755 Terent.

235 783 389 823 Phorm.
419 785 460 834 5,
491 785 531 833 6,
561 784 628 826 29.
668 782 751 822 Cic.
792 783 841 822 de
879 785 949 824 Or.
979 787 1019 836 2,
1048 785 1119 835 36,
1157 785 1250 827 153.
1290 798 1351 837 pr.
1381 783 1496 825 Arch.
1532 787 1636 836 poet.
1664 783 1706 833 8,
1737 783 1776 824 5·

236 851 352 890 Ovid.
381 851 502 892 Trist.
527 852 570 902 3,
596 854 639 901 7,
670 851 738 894 25.
767 849 809 902 4,
834 853 902 903 10,
931 851 1003 894 49.
1054 853 1135 892 Sed
1162 853 1223 892 hic
1247 853 1352 893 locus
1377 865 1488 904 quam
1515 851 1631 891 latum
1659 851 1777 891 inter-

235 920 410 972 pretibus
438 920 587 959 dederit
615 933 813 972 campum,
842 921 881 959 in
909 934 984 972 quo
1011 934 1142 960 eorum
1165 934 1324 961 acumen
1353 925 1591 971 excurreret,
1619 920 1696 959 dici
1719 921 1778 960 vix

235 992 379 1041 potest.
429 987 464 1027 A
489 993 594 1028 recta
624 989 685 1027 via
713 989 902 1041 paululum
928 990 955 1027 ii
983 990 1208 1038 deflectunt,
1245 991 1310 1041 qui
1337 989 1376 1028 in
1405 989 1645 1028 similitudine
1679 989 1778 1028 ludi-

235 1057 408 1107 magistri
436 1061 476 1096 et
497 1070 699 1109 puerorum
728 1057 1052 1097 elementariorum
1080 1061 1326 1108 permanent,
1354 1058 1424 1096 sed
1450 1058 1498 1097 de
1520 1062 1695 1110 tempore
1721 1057 1778 1096 vel

235 1125 314 1164 diei
340 1125 400 1163 vel
426 1127 515 1164 anni
543 1126 759 1165 definiendo
788 1126 994 1177 ambigunt.
1039 1126 1075 1164 A
1095 1131 1221 1164 mente
1248 1130 1372 1164 autem
1392 1125 1536 1165 Poetae
1559 1125 1779 1176 longissime

236 1194 263 1231 ii
292 1193 454 1244 absunt,
490 1195 555 1245 qui
583 1195 828 1234 similitudine
855 1195 918 1233 illa
946 1195 1076 1233 relicta
1112 1193 1247 1232 librum
1273 1194 1334 1233 vel
1369 1194 1608 1233 recitatorem
1637 1194 1780 1232 faciunt

236 1261 300 1300 vel
327 1262 520 1300 lectorem.
576 1261 735 1301 Praeter
761 1267 910 1302 ceteros
934 1263 1098 1301 delirant
1135 1262 1371 1302 Scholiastae
1398 1264 1448 1301 ad
1475 1262 1627 1301 verbum
1655 1273 1778 1314 paene

236 1330 275 1368 in
304 1343 372 1368 sua
400 1331 587 1381 sapientia
613 1332 823 1371 insaniente
852 1332 1146 1373 consentientes.
1202 1331 1268 1369 Sic
1297 1331 1396 1370 enim
1423 1330 1570 1370 Acron:
1608 1343 1777 1381 „secun-

237 1398 328 1436 dum
355 1411 499 1437 morem
528 1398 766 1439 librariorum
794 1403 836 1439 et
861 1401 1128 1451 magistrorum
1162 1400 1348 1452 loquitur,
1381 1399 1448 1450 qui
1476 1400 1576 1439 circa
1604 1402 1777 1450 quartam

237 1466 299 1504 vel
326 1468 495 1516 quintam
522 1467 654 1507 horam
689 1469 832 1508 dictata
868 1470 998 1521 pueris
1027 1468 1212 1521 praebere
1242 1473 1539 1518 consueverunt,
1573 1480 1649 1518 quo
1678 1471 1778 1506 tem—

236 1547 332 1585 pore
357 1535 633 1576 tractabiliores
659 1539 792 1577 sunt.“
839 1538 1001 1577 Facilius
1028 1537 1238 1576 tolerantur
1261 1538 1325 1589 qui
1345 1541 1387 1576 ut
1407 1536 1624 1575 LandInue
1651 1539 1779 1586 „tem-

237 1616 310 1654 pus
337 1607 428 1655 post
467 1609 591 1644 ortum
619 1605 735 1656 solis,
774 1619 850 1656 quo
884 1607 990 1658 pueri
1025 1606 1074 1644 ad
1113 1619 1243 1645 senem
1278 1606 1442 1645 docendi
1476 1595 1692 1654 venerint‚'“
1719 1604 1779 1643 vel

238 1675 282 1708 ut
310 1672 531 1711 Ascensum
565 1678 865 1725 „tempestatem
892 1687 1067 1724 vernam,
1107 1688 1205 1725 quae
1236 1688 1376 1726 pueros
1410 1673 1546 1712 librum
1583 1674 1778 1713 audituros

239 1740 484 1790 adduxerit,“
513 1742 717 1792 significari
746 1743 960 1794 opinantur.
1028 1744 1172 1782 Contra
1207 1743 1454 1795 Doeringius
1481 1755 1567 1781 cum
1606 1741 1779 1780 Gesner-o

238 1807 352 1845 horas
380 1811 661 1859 pomeridianas
688 1811 886 1861 intelligit,
927 1813 1062 1862 quibus
1099 1813 1191 1852 solis
1224 1813 1327 1852 calor
1362 1812 1487 1851 mitior
1525 1819 1613 1849 esse
1640 1809 1778 1855 soleat,

240 1880 280 1914 et
310 1888 386 1926 quo
411 1881 584 1927 tempore
612 1883 790 1929 parentes
820 1880 879 1918 vel
909 1880 970 1918 alii
997 1881 1108 1918 ludos
1137 1882 1265 1919 adisse
1294 1886 1354 1930 et,
1389 1891 1486 1930 quae
1514 1878 1568 1916 ibi
1594 1879 1779 1917 doceren-

239 1947 302 1982 tur
319 1946 449 1997 pueri,
479 1946 669 1984 audivisse
692 1947 889 1986 videantur
913 1948 998 1990 coll,
1024 1948 1106 1986 Sat.
1131 1950 1170 1998 1,
1191 1950 1232 1999 6,
1253 1950 1319 1990 82.
1363 1947 1568 1998 Interpreti
1589 1945 1642 1983 illi
1665 1956 1779 1997 prae-

239 2013 390 2051 iverunt
421 2014 485 2051 alii
521 2014 759 2065 complures,
799 2016 862 2064 qui
897 2016 947 2052 ad
982 2028 1182 2067 vesperum
1209 2020 1247 2055 et
1275 2015 1354 2054 sole
1389 2016 1466 2066 jam
1492 2015 1778 2053 defervescente

239 2082 382 2120 dictata
411 2082 601 2134 discipulis
621 2083 761 2120 tradita
781 2095 869 2121 esse
893 2083 1070 2122 dicebant
1082 2085 1182 2135 ***).
1232 2083 1439 2122 Auditores
1459 2096 1601 2133 eosque
1619 2081 1778 2120 diversis

241 2150 500 2202 temporibus,
529 2152 554 2189 i.
584 2164 617 2189 e.
647 2151 707 2189 vel
735 2151 828 2188 hora
858 2152 970 2189 tertia
998 2156 1064 2190 aut
1089 2156 1242 2202 quarta,
1270 2151 1329 2190 vel
1359 2151 1613 2190 invalescente
1633 2150 1693 2188 die
1719 2147 1777 2187 vel

352 2274 390 2322 *)
406 2277 689 2324 Explicationem
706 2279 799 2313 illam
810 2279 881 2323 jam
897 2277 1092 2324 attigerunt
1106 2278 1276 2313 Zurclcius
1291 2284 1328 2313 et
1343 2278 1552 2321 Schmidiue‚
1569 2289 1660 2312 nnnc
1675 2289 1778 2324 egre-

239 2336 301 2381 gie
322 2340 443 2370 tuetur
462 2337 619 2379 Fuluius,
643 2336 707 2370 Vir
729 2335 951 2370 doctissimus
972 2335 1123 2382 mihique
1139 2335 1388 2380 amicissimus,
1407 2337 1505 2381 cujus
1521 2334 1777 2383 expositionem

241 2393 332 2427 infra
348 2392 383 2426 in
404 2394 565 2426 Excursu
586 2394 891 2428 transscribemus.

338 2448 399 2494 **)
426 2450 555 2484 Feriae
584 2450 755 2484 messivae
785 2457 822 2485 et
842 2450 1071 2486 vindemiales
1099 2448 1134 2483 in
1165 2449 1295 2484 scholis
1323 2450 1533 2493 conjunctae
1556 2447 1778 2493 judiciariam

241 2518 382 2553 quoque
403 2518 520 2541 curam
542 2507 771 2552 relaxabant,
802 2506 873 2542 vid.
892 2508 1051 2553 interpp.
1072 2507 1116 2541 ad
1138 2506 1268 2545 Minue.
1289 2506 1367 2540 Fal.
1391 2505 1576 2541 Octavian.
1600 2508 1633 2542 2.
1662 2517 1699 2551 p.
1722 2507 1778 2540 10.

244 2563 299 2597 ed.
318 2564 445 2598 Ouzel.
466 2564 600 2609 (Lugd.
622 2564 747 2599 Batav.
764 2565 895 2608 1672);
917 2564 1100 2599 breviores
1117 2569 1217 2597 erant
1234 2563 1344 2597 seriae
1359 2563 1556 2597 scholarum
1572 2561 1778 2597 Saturnales

242 2627 281 2652 et.
301 2620 539 2663 Miner-vales,
561 2622 606 2655 de
624 2621 697 2656 illis
719 2622 812 2658 conf.
833 2621 925 2657 Plin.
945 2621 1065 2667 Epist.
1085 2622 1120 2664 8,
1136 2622 1171 2665 7,
1190 2622 1221 2655 1.
1244 2621 1353 2655 Mart.
1369 2620 1403 2664 5,
1424 2620 1507 2664 (81)
1526 2619 1591 2664 85,
1613 2622 1647 2655 1.
1667 2620 1714 2663 2.,
1733 2618 1779 2653 de

244 2675 296 2709 his
318 2677 474 2711 Schmid.
498 2678 543 2711 ad
563 2678 680 2723 Epist.
701 2680 736 2725 2,
758 2680 791 2723 2,
812 2679 890 2713 197.
913 2684 950 2712 et
971 2680 1122 2723 Rupert.
1144 2677 1188 2712 ad
1207 2677 1288 2713 Juv.
1310 2679 1366 2720 10,
1388 2676 1468 2712 115.

307 2730 393 2777 ***)
409 2735 528 2768 Ludos
545 2733 725 2770 literarum
739 2735 908 2770 matutino
925 2735 1071 2770 maxime
1089 2740 1247 2780 tempore
1263 2733 1395 2780 aperiri
1411 2733 1536 2768 solitos
1551 2743 1630 2767 esse
1646 2733 1778 2766 testan-

244 2794 302 2821 tur
323 2790 392 2823 loci
413 2798 451 2823 nt
472 2792 578 2825 Mart.
600 2793 634 2837 9,
659 2793 718 2836 70,
739 2796 755 2827 1
771 2812 827 2819 —
840 2789 885 2838 4.Ι
898 2792 965 2838 (ib.
986 2793 1118 2826 Rader.
1138 2804 1175 2838 p.
1191 2793 1292 2835 820.)
1315 2793 1369 2835 12,
1389 2790 1446 2834 57,
1467 2789 1501 2826 5.
1523 2789 1603 2824 coll.
1621 2789 1654 2831 9,
1669 2787 1726 2828 30⁷
1740 2786 1776 2820 7·

245 2844 394 2890 Rupert.
414 2846 457 2879 ad
477 2848 558 2881 Juv.
580 2849 614 2892 7,
634 2851 716 2886 222.
760 2850 887 2894 Neque
907 2861 1091 2895 negamus,
1121 2849 1164 2884 ad
1184 2848 1345 2884 lucernas
1365 2858 1503 2894 quoque
1530 2855 1659 2892 P⁰e¹⁰⁵
1685 2840 1775 2876 ‘fidi'

245 2900 337 2936 cisse
357 2902 437 2936 coll.
458 2903 578 2940 Schol.
598 2905 642 2939 ad
661 2906 741 2940 Juv.
764 2906 798 2949 7,
819 2903 900 2943 225.
