1910 3138
268 221 352 264 438
395 220 673 263 COMMENT.
696 221 754 260 IN
773 220 897 260 HOR.
919 219 1018 260 LIB.
1039 222 1069 264 1.
1109 221 1276 261 EPIST.
1296 221 1707 263 DUODEVICESIM.
1751 223 1808 265 90

270 350 384 376 causa
411 336 492 374 aliis
519 347 658 373 arcana
682 333 828 384 effutit,
862 333 1093 372 Schmidius
1112 335 1259 374 confert
1287 335 1332 374 P.
1361 336 1445 387 Syr.
1469 338 1565 378 796.
1595 338 1807 388 Respicere

272 408 333 443 nit
361 404 561 442 consuevit
587 404 662 439 ira.
716 402 826 440 Adde
856 403 904 439 de
932 402 988 439 ira
1016 401 1164 453 loquaci
1197 404 1312 455 Prop.
1341 405 1378 453 1,
1417 407 1454 456 1,
1480 406 1549 447 27.
1599 405 1666 443 Sit
1693 406 1808 443 modo

271 474 455 518 libertas,
485 485 587 524 quae
614 470 719 507 volet
747 472 810 508 ira
837 470 962 522 loqui.
1007 471 1144 509 Weitz.
1181 473 1231 509 ad
1269 471 1450 510 Prudent.
1478 473 1673 524 psychom.
1710 475 1809 515 205.

272 543 330 580 De
359 540 614 591 metaphorico
646 545 928 576 tormentorum
953 552 1048 586 usu,
1083 539 1220 590 quibus
1254 537 1298 580 τὸ
1326 540 1553 592 βασανίζειν
1580 543 1681 594 apud
1710 542 1807 580 Plat.

273 612 309 647 in
339 608 497 648 Lachet.
527 621 565 659 p.
595 608 686 648 188.
714 606 762 645 A.
792 607 1034 658 exprimitur,
1063 608 1138 645 vid.
1167 607 1383 648 Gottleber.
1409 621 1472 660 ap.
1501 609 1624 649 Beier.
1646 610 1698 649 ad
1726 609 1808 648 Cic.

274 678 386 718 offic.
412 678 454 728 3,
485 678 524 724 9,
553 674 624 716 39.

383 746 430 787 V.
460 745 515 786 39
541 767 598 773 —
627 741 695 783 40.
739 742 827 779 Nee
858 749 930 781 tua
964 743 1100 781 studia
1126 766 1182 772 —
1207 758 1375 796 panges.
1431 744 1578 783 Studia
1610 744 1671 784 hic
1704 748 1744 783 et
1771 756 1809 784 v.

273 815 339 855 65.
367 827 412 853 ea
433 811 637 865 imprimis,
667 823 765 861 quae
792 811 927 850 Cicero
953 826 1022 864 pro
1053 813 1160 852 Coel.
1193 813 1261 863 19,
1287 812 1354 854 46.
1383 813 1519 851 studia
1541 811 1811 850 delectationis

272 886 395 920 vocat.
450 879 623 931 Exempli
647 892 762 917 causa
791 880 1001 930 contraria,
1030 884 1072 917 ut
1103 886 1260 920 venatus
1290 890 1329 919 et
1364 882 1492 933 poesis
1528 882 1711 927 studium,
1738 893 1812 933 po-

273 953 422 988 nuntur.
470 948 715 998 Quapropter
740 960 822 986 cum
857 948 1002 986 Claud.
1032 947 1165 986 Minoe
1200 949 1277 988 noli
1315 953 1448 1001 putare
1477 948 1663 1001 praecipi:
1693 961 1812 999 „mo-

274 1020 384 1057 deste
411 1018 460 1055 de
489 1030 531 1055 se
564 1016 718 1066 suisque
747 1017 879 1055 studiis
910 1017 1072 1066 sentire,
1111 1018 1416 1069 scriptorumque
1445 1017 1652 1056 alienorum
1680 1016 1814 1055 eandi-

274 1087 363 1124 ‹lum
397 1085 677 1123 aestimatorem
714 1085 939 1137 minimeque
974 1098 1166 1123 morosum
1210 1090 1250 1124 et
1283 1086 1474 1125 difficilem
1509 1098 1552 1125 se
1584 1085 1814 1138 praebere.“

275 1155 334 1192 Ad
362 1159 527 1192 mentem
555 1154 699 1192 Poetae
727 1165 850 1205 prope
879 1153 1063 1191 accedunt
1084 1152 1241 1191 Isocrat.
1263 1153 1312 1191 ad
1340 1153 1539 1192 Demonic.
1564 1167 1603 1206 p.
1623 1155 1690 1196 18.
1721 1153 1813 1192 wlf.

276 1224 424 1274 Μιμοῦ
445 1218 494 1262 τοὶ
528 1224 610 1262 ταῖν
639 1220 834 1275 βασιλέων
867 1216 956 1272 ἤθη
983 1219 1051 1261 καὶ
1084 1221 1204 1261 δίωκε
1231 1218 1280 1261 τοὶ
1307 1221 1470 1262 ἐκείνων
1502 1217 1813 1275 ἐπιτηδεύματα·

275 1288 404 1339 δόξεις
429 1287 506 1343 γάρ
534 1285 684 1338 αὐτοὺς
716 1286 983 1341 ἀποδέχεσθαι
1011 1288 1079 1328 καὶ
1110 1290 1254 1341 ζηλοῦν
1290 1295 1328 1328 et
1355 1290 1515 1328 Terent.
1558 1291 1674 1329 Andr.
1706 1292 1744 1340 1,
1774 1291 1813 1338 1,

273 1360 328 1400 35
358 1380 415 1389 —
440 1359 510 1399 39.
551 1359 724 1397 Dictione
753 1358 982 1397 Lucretiana
1005 1357 1063 1407 (1,
1095 1358 1162 1399 26
1192 1358 1306 1406 932„
1335 1370 1412 1396 non
1437 1359 1544 1408 4,8
1555 1387 1566 1406 ,
1595 1358 1658 1396 ubi
1673 1357 1813 1409 pando

275 1429 415 1466 rectius
440 1426 632 1478 scribitur)
665 1433 855 1479 poemata
884 1438 1066 1477 pangere
1098 1424 1162 1477 (A.
1186 1425 1231 1463 Ρ.
1261 1427 1376 1478 416)
1414 1427 1551 1467 Cicero
1587 1438 1740 1478 quoque
1774 1426 1813 1464 in

276 1497 401 1547 Epist.
431 1496 481 1533 ad
509 1494 597 1534 Div.
625 1496 693 1545 16,
728 1497 794 1543 18,
825 1495 864 1535 5.
894 1495 1025 1533 utitur.

386 1564 432 1602 V.
462 1562 515 1604 41
545 1585 602 1591 —
629 1562 696 1604 45.
748 1563 893 1600 Gratia
921 1563 981 1599 sic
1010 1584 1057 1590 —
1090 1564 1278 1614 imperiis.
1323 1564 1542 1602 Sententia:
1571 1562 1730 1612 „Quum
1755 1562 1815 1600 in·

275 1637 333 1669 ter
369 1632 538 1669 homines
572 1631 707 1668 studiis
746 1630 1076 1681 voluntatibusque
1109 1631 1278 1670 diversos
1311 1632 1558 1670 communitas
1590 1630 1692 1677 vitae
1729 1643 1816 1670 esse

276 1704 461 1750 nequeat,
505 1700 738 1750 sequendum
775 1704 835 1737 est
873 1698 1092 1751 Amphionis
1134 1703 1173 1738 et
1203 1700 1340 1749 Zethi,
1376 1699 1533 1738 fratrum
1566 1700 1816 1751 geminorum,

278 1766 346 1803 sed
375 1766 564 1804 hominum
594 1767 860 1805 diversissimis
901 1768 1066 1806 moribus
1102 1768 1252 1818 insigne
1288 1768 1521 1820 exemplum,
1556 1769 1620 1819 qui
1647 1767 1816 1819 quamvis

277 1835 332 1871 sic
360 1835 564 1872 concordia
590 1835 774 1872 distracta
800 1840 926 1884 esset,
955 1835 1064 1874 facile
1089 1837 1127 1873 in
1153 1837 1314 1887 gratiam
1340 1837 1555 1884 redierunt,
1585 1849 1699 1887 quum
1723 1834 1816 1874 Am-

278 1902 397 1954 phion
428 1901 591 1939 morosis
631 1902 759 1940 fratris
791 1902 854 1940 'sui
889 1903 1055 1942 moribus
1091 1905 1218 1945 cessit.
1280 1904 1342 1942 Tu
1375 1904 1435 1941 vel
1471 1903 1615 1943 facilins
1647 1903 1817 1956 potentis

279 1969 387 2007 amici
413 1968 509 2018 (Od.
533 1970 580 2017 2,
613 1971 687 2018 18,
717 1971 787 2020 12)
822 1975 954 2021 utpote
986 1970 1122 2009 leniter
1154 1972 1373 2022 imperantis
1407 1972 1622 2011 voluntates
1659 1971 1816 2022 adjuva-

282 2036 381 2077 bis.“
440 2035 498 2074 De
527 2036 652 2074 fabula
676 2037 760 2087 ipsa
787 2038 824 2074 in
858 2037 1050 2089 Euripidis
1079 2043 1117 2076 et
1152 2039 1304 2077 Pacuvii
1339 2039 1505 2092 Antiope
1538 2043 1704 2078 tractata
1731 2039 1817 2077 vide

285 2103 488 2143 lsVelcken·
513 2105 765 2143 doctissimam
801 2105 1116 2155 disputationem:
1151 2106 1262 2156 „Die
1297 2107 1450 2145 Griech.
1490 2106 1749 2158 Tragt‘idien“
1774 2109 1842 2158 μ’

282 2173 363 2214 811
387 2186 473 2224 sqq.
518 2173 660 2211 Botlu‘i
690 2172 800 2213 Poet.
836 2172 899 2210 lat.
933 2187 1036 2213 scen.
1071 2175 1201 2225 fragm.
1233 2176 1263 2213 Ι.
1293 2190 1331 2227 p.
1368 2176 1447 2218 102
1478 2188 1564 2226 sqq.
1592 2174 1678 2213 coll.
1705 2174 1816 2213 Serv.

283 2246 320 2280 et
338 2241 500 2294 Forbig.
529 2243 580 2280 ad
598 2242 702 2292 Virg.
735 2241 869 2292 Eclog,
890 2243 931 2291 2,
952 2241 1034 2292 24.,
1061 2243 1109 2280 de
1137 2244 1331 2294 utriusque
1350 2243 1478 2281 fratris
1504 2256 1551 2282 ex
1567 2243 1664 2281 Jove
1683 2245 1722 2281 et
1739 2241 1819 2281 An-

282 2311 386 2361 tiope
413 2311 494 2348 nati
521 2310 823 2349 dissimilitudine
850 2310 1060 2348 studiorum
1096 2311 1247 2362 Ungeri
1273 2310 1460 2352 Paradox.
1489 2310 1612 2352 Theb.
1643 2312 1682 2366 1,
1710 2311 1752 2351 3.
1779 2323 1818 2362 p.

283 2379 352 2420 30.
379 2382 419 2416 et
448 2379 490 2427 2,
515 2379 552 2418 1.
578 2393 616 2430 p.
641 2380 708 2420 86.
740 2377 886 2417 Locum
913 2383 1036 2417 autem
1064 2378 1232 2417 Platonis
1262 2392 1284 2418 e
1310 2380 1456 2429 Gorgia
1486 2378 1575 2431 (41.
1607 2378 1658 2417 ih.
1685 2378 1820 2417 snauh.

284 2461 321 2497 p.
354 2445 454 2498 143)
487 2446 535 2484 ab
578 2446 799 2486 Horatianis
846 2447 1117 2499 interpretibus
1157 2446 1307 2486 allatum
1345 2460 1390 2485 ex
1426 2447 1619 2499 Euripidis
1657 2446 1819 2498 Antiope

284 2527 371 2553 esse
394 2514 565 2566 pluribus
595 2514 767 2565 edocuit,
796 2516 923 2565 quoad
951 2516 1090 2564 sciam,
1118 2515 1259 2566 primus
1286 2516 1345 2552 D.
1372 2516 1566 2553 Heinsius
1591 2515 1630 2554 in
1657 2513 1749 2556 Not.
1778 2528 1819 2566 p.

285 2581 351 2622 54.
381 2582 441 2623 ed.
476 2583 598 2624 1612.
632 2604 679 2610 —
719 2583 865 2621 Gratia
889 2607 945 2612 —
972 2583 1146 2621 dissiluit
1173 2587 1215 2622 ut
1241 2583 1385 2622 Arnob.
1418 2586 1457 2631 2,
1487 2583 1555 2625 60.
1583 2583 1756 2621 dissiliat
1783 2589 1822 2620 et

286 2649 542 2700 dirumpatur
579 2651 770 2697 auditus,
809 2653 1049 2690 similitudine
1077 2665 1100 2689 a
1128 2652 1342 2690 vulneribus
1370 2656 1540 2703 sumpta,
1577 2651 1651 2689 vid.
1690 2650 1740 2688 ad
1774 2649 1817 2698 3,

288 2716 537 2757 3o.31.1n
569 2732 648 2757 rem
683 2719 898 2758 Scholiasta
926 2721 973 2757 ad
1003 2720 1155 2758 Hesiod.
1188 2719 1337 2770 Theog.
1372 2721 1437 2760 60.
1475 2715 1720 2772 ὁμόφρονας]
1745 2711 1818 2767 οὔχ

290 2778 418 2836 ὥσπερ
444 2779 626 2837 Ἀμφίων
653 2803 722 2827 και
754 2790 899 2840 Ζῆθος
928 2783 1095 2838 ἀδελφοὶ
1129 2785 1203 2839 μὲν
1230 2781 1358 2840 ἦσαν,
1388 2783 1608 2840 &eodemne
1633 2781 1678 2825 δὲ
1705 2777 1818 2836 γηό·

292 2863 381 2890 νασι
408 2856 493 2900 ταῖς
520 2853 822 2907 προαιρέσεσιν,
862 2851 962 2895 ἀλλὰ
990 2871 1065 2908 την
1094 2871 1223 2908 αυτην
1251 2871 1332 2896 των
1359 2848 1676 2905 ἐπιτηδευμάτων
1704 2847 1820 2900 ἔσχον

291 2919 531 2971 'thaiQeow
563 2945 618 2949 —
643 2922 689 2958 V·
721 2921 787 2963 42.
817 2923 940 2960 donee
968 2931 1150 2974 suspecta
1174 2936 1304 2960 severo
1335 2921 1532 2960 Conticuit
1551 2918 1652 2970 lyra.
1690 2915 1818 2955 Schol.
