1910 3138
282 159 365 202 196
422 158 699 200 COMMENT.
718 156 776 197 IN
792 152 916 198 HOR.
937 156 1036 198 Lm.
1055 158 1086 198 Ι.
1118 157 1286 200 EPIST.
1306 157 1502 204 QUART.
1521 157 1701 206 Dsscm.
1757 160 1813 202 86

279 300 354 339 que
375 290 418 325 ut
440 287 522 325 Sat.
550 285 596 333 1,
628 284 675 333 1,
707 283 886 325 1—12.
917 283 965 333 2,
995 285 1046 333 7,
1071 284 1307 325 22—112.
1347 283 1425 322 Od.
1448 284 1498 334 3,
1531 286 1578 334 1,
1603 283 1725 326 35—
1743 283 1813 325 37.

279 355 402 407 Epist.
435 355 481 403 1,
510 352 558 399 1,
584 350 790 392 80-89,
819 351 868 401 8,
900 351 950 392 12
981 349 1050 402 (ib.
1080 350 1251 401 annot),
1279 351 1350 390 sed
1378 351 1437 389 hie
1467 353 1682 403 speciatim,
1722 352 1746 390 i.
1775 364 1812 390 e.

278 425 380 462 vitae
408 420 574 459 rusticae
602 417 732 456 habita
758 418 930 468 ratione,
968 418 1119 469 oblique
1146 419 1282 470 tangit.
1332 419 1463 458 Simile
1489 421 1537 458 de
1566 420 1813 471 demigratio-

279 492 388 530 nibus
418 492 458 526 et
483 486 694 526 temerariis
721 485 891 524 locorum
912 484 1180 524 mutationibus
1205 492 1466 538 argumentum
1490 488 1650 525 vidimus
1681 488 1720 542 1,
1745 488 1811 528 11.

279 558 503 609 expositum.
565 554 620 593 Ut
646 552 721 590 illic
758 551 969 604 aequalium
998 565 1217 603 perversum
1245 556 1479 607 demigrandi
1514 556 1677 594 studium
1704 558 1812 593 taxa-

276 627 355 675 vit,
395 625 449 662 ita
477 624 537 662 hic
565 622 773 660 eorundem
804 621 1084 659 inconstantem
1109 622 1207 661 vitae
1234 624 1398 662 rusticae
1427 636 1606 662 amorem.
1663 623 1742 661 Sed
1770 626 1811 661 ut

277 705 374 744 quae
402 691 516 731 vellet
542 690 724 729 Horatius
752 689 873 739 magis
907 689 1110 740 perspicua
1146 694 1275 729 essent
1303 695 1343 729 et
1376 692 1482 742 quasi
1508 691 1578 729 sub
1613 695 1810 742 aspectum

275 761 423 812 posita,
461 760 558 797 hanc
595 758 646 795 ad
682 757 846 795 villicum
880 756 988 795 finxit
1019 757 1243 809 Epistolam.
1305 759 1444 810 Neque
1482 760 1581 799 enim
1613 759 1809 812 probabile

277 833 355 879 est,
384 828 544 866 Poetam
571 828 621 865 ad
648 826 838 865 hominem
865 825 1014 864 infimae
1042 827 1268 864 conditionis
1286 849 1344 855 ——-
1362 827 1471 866 villici
1499 828 1581 867 fere
1606 828 1680 880 ipsi
1707 826 1807 866 servi

273 896 437 935 familiae
471 895 635 934 rusticae
675 894 750 933 nisi
787 894 922 931 ceteris
959 895 1080 933 servis
1118 899 1160 933 ut
1195 895 1320 946 operis
1358 895 1522 934 faciundi
1557 901 1730 935 auctores
1768 898 1808 934 et

277 979 404 1004 rerum
433 965 660 1004 rusticarum
689 962 871 1000 custodes
901 963 1110 1013 praepositi
1138 975 1216 1000 non
1241 966 1350 1000 erant
1369 984 1426 991 —
1443 976 1486 1001 re
1510 976 1598 1002 vera
1623 964 1691 1002 has
1718 963 1807 1003 lite-

272 1047 335 1072 ras
365 1034 533 1072 dedisse.
593 1030 776 1081 Exemplo
805 1031 964 1080 praeivit
991 1029 1159 1068 Lucilius
1173 1028 1233 1081 ²⁶¹),
1264 1031 1327 1081 qui
1357 1035 1396 1069 et
1421 1031 1505 1082 ipse
1531 1031 1705 1083 Fundio,
1734 1030 1806 1069 vil-

273 1102 346 1140 lico
376 1114 469 1151 suo,
497 1099 558 1137 vel
588 1098 788 1150 epistolam
820 1098 878 1135 vel
907 1096 1041 1134 librum
1070 1097 1272 1148 inscripsit.
1330 1099 1510 1138 Horatius
1539 1091 1678 1151 igitur,
1707 1111 1805 1151 quae

271 1174 331 1208 est
359 1170 440 1219 ejus
470 1182 553 1206 cum
581 1166 799 1217 aequalibus
829 1164 994 1202 salubria
1023 1167 1316 1204 communicandi
1343 1167 1469 1217 ratio,
1497 1167 1658 1206 villicum
1682 1180 1803 1217 sunm,

270 1237 527 1275 fastidientem
554 1248 679 1272 rerum
704 1233 949 1271 villaticarum
966 1235 1273 1285 procuratorem,
1303 1235 1409 1286 quasi
1437 1234 1670 1287 exemplum,
1699 1235 1803 1286 quod

269 1382 378 1417 tionis
393 1382 631 1428 plenissimum
645 1384 831 1418 multorum
847 1381 1081 1428 interpretum
1095 1383 1188 1428 fugit
1203 1394 1346 1418 acumen
1356 1411 1366 1430 ,
1386 1387 1427 1419 ut
1446 1385 1530 1431 quid
1543 1386 1660 1420 Poeta
1671 1396 1800 1431 reapse

271 1440 444 1474 sensisset
461 1444 524 1474 aut
551 1452 589 1476 se
616 1441 755 1476 nescire
782 1440 1002 1485 faterentur,
1033 1444 1094 1474 aut
1121 1440 1241 1486 Alphii
1268 1452 1454 1486 personam
1481 1441 1605 1489 inepte
1629 1443 1802 1477 intrusam

270 1497 442 1531 dicerent.
483 1497 558 1531 Sed
577 1503 676 1533 recte
695 1498 740 1532 de
759 1497 821 1532 illo
842 1497 994 1532 carmine
1009 1496 1185 1542 judicavit
1202 1497 1258 1531 vir
1276 1498 1403 1533 doctus
1423 1498 1562 1547 quidam
1579 1499 1616 1533 in
1634 1499 1802 1544 „Blitter

268 1554 327 1588 fiir
355 1553 581 1590 literarische
608 1555 908 1599 Unterhaltung“
937 1554 1041 1589 1831.
1070 1555 1138 1590 Nr.
1160 1555 1240 1590 291.
1268 1567 1305 1600 p.
1327 1557 1418 1593 1262
1439 1569 1518 1603 sqq.
1547 1556 1706 1601 „Ueber
1734 1557 1799 1591 das

268 1610 540 1645 humoristische
559 1613 724 1647 Element
742 1612 780 1646 in
806 1612 871 1646 der
894 1610 1065 1657 heutigen
1083 1611 1310 1646 Dichtkunst.
1335 1613 1467 1648 Erster
1490 1612 1677 1648 Artikel.“
1704 1613 1799 1648 Num

269 1668 443 1702 Horatius
462 1667 499 1702 in
518 1667 580 1702 illo
599 1674 762 1715 poemate
782 1680 879 1704 suam
898 1667 1011 1714 ipsius
1027 1669 1297 1703 inconstantiam
1313 1669 1569 1716 descripserit,
1589 1674 1668 1705 esto
1687 1681 1798 1717 penes

270 1729 448 1758 auctorem
476 1724 579 1770 hujus
599 1726 798 1771 opinionis,
830 1725 1035 1770 Teuffelium
1054 1725 1091 1759 in
1111 1725 1355 1769 „zeitschrift
1379 1727 1406 1761 f.
1434 1727 1469 1763 d.
1498 1726 1798 1762 Alterthumsw.“

271 1779 376 1816 1844.
396 1793 434 1825 p.
453 1779 534 1816 512.
567 1781 616 1816 At
634 1783 919 1829 quemadmodum
937 1783 1014 1816 dies
1033 1782 1126 1816 diem
1141 1783 1290 1827 doceat,
1308 1787 1463 1818 testatur
1483 1784 1556 1822 Od.
1575 1785 1594 1819 1
1607 1810 1618 1829 ‚
1639 1785 1718 1828 28„
1739 1783 1798 1818 cui

271 1837 414 1872 carmini
436 1837 643 1882 explicando
663 1843 748 1885 post
768 1840 925 1874 eruditas
946 1851 1047 1874 curas
1069 1840 1231 1884 Gerberi,
1255 1841 1473 1884 Gernhardi,
1494 1841 1687 1876 Eichstadn‘i
1697 1851 1797 1875 suum

269 1894 439 1929 calculum
466 1894 520 1928 ita
539 1895 672 1940 adjecit
691 1897 754 1930 Fr.
774 1897 865 1931 [Διά.
887 1897 1073 1941 Eggertus
1091 1897 1238 1941 (Progr.
1257 1897 1368 1932 schol.
1393 1893 1499 1933 1844.
1519 1897 1658 1933 Strelit.
1674 1897 1795 1943 nom),

271 1952 313 1985 V.
335 1951 384 1995 d.,
404 1954 445 1985 ut
464 1962 554 1997 quae
573 1956 695 1997 partes
713 1958 841 1986 nautae
867 1952 1004 1986 dandae
1024 1958 1145 1987 essent
1165 1954 1363 1988 luculenter
1381 1954 1559 1990 edoceret.

380 2012 419 2063 *)
438 2018 492 2052 De
510 2019 577 2052 hoc
596 2019 690 2065 quod
707 2027 851 2053 secutus
871 2019 1043 2053 Horatius
1064 2024 1120 2053 est
1146 2022 1306 2067 exemplo
1325 2022 1510 2056 Luciliano
1528 2022 1605 2058 vid.
1625 2021 1793 2058 Schmidt.

268 2075 305 2109 in
323 2075 451 2121 Progr.
471 2075 583 2110 schol.
603 2076 723 2110 Berol.
743 2073 846 2111 1840.
867 2076 905 2110 C.
926 2076 1051 2110 Lucina·
1062 2076 1263 2111 Satirarum
1283 2090 1374 2121 quae
1392 2080 1435 2113 de
1452 2079 1540 2112 libro
1559 2089 1654 2112 nono
1672 2090 1794 2124 super-

268 2137 351 2167 sunt
372 2132 539 2178 disposita
555 2137 590 2167 et
605 2133 785 2167 illustrata
811 2144 847 2178 p.
864 2131 924 2166 33.
948 2138 984 2165 et
1010 2132 1044 2164 J.
1065 2132 1195 2166 Becker
1211 2133 1250 2167 in
1281 2134 1526 2178 „zeitschrift
1550 2135 1577 2169 f.
1596 2134 1655 2168 die
1673 2134 1793 2168 Alter-

268 2189 665 2223 thumswissenschaft“
686 2185 789 2224 1843.
808 2201 842 2234 p.
860 2185 941 2224 249.
970 2187 1103 2222 Dubito
1121 2194 1255 2231 autem,
1284 2194 1429 2225 rectene
1449 2179 1495 2225 de
1522 2202 1565 2225 ea
1589 2202 1631 2225 re
1649 2189 1791 2226 dubitet

273 2246 420 2281 Orellius
438 2247 474 2281 in
493 2247 550 2281 ed.
572 2248 606 2282 2.
625 2258 660 2292 p.
676 2245 757 2281 517.
801 2246 854 2279 De
875 2244 1077 2280 conditione
1095 2245 1293 2280 villicorum
1319 2246 1401 2280 vide
1425 2247 1574 2282 Gorium
1599 2247 1637 2281 in
1665 2246 1790 2284 Palen.

269 2302 369 2337 Thes
388 2304 446 2338 111.
474 2315 511 2348 p.
532 2304 613 2339 281.
640 2303 784 2347 Pignor.
813 2302 857 2336 de
889 2302 993 2336 Serv.
1018 2301 1108 2336 ibid.
1138 2313 1175 2347 p.
1197 2302 1302 2337 1300.
1335 2303 1414 2339 Tit.
1434 2304 1560 2349 Popm.
1588 2303 1634 2338 de
1653 2303 1789 2350 Operis

269 2359 418 2396 Servor.
444 2359 532 2396 ibid.
551 2372 589 2406 p.
609 2360 697 2394 1331
715 2371 793 2406 sqq.
821 2358 903 2394 coll.
933 2358 1035 2392 Cort.
1056 2358 1102 2391 ad
1126 2358 1273 2396 Sallust,
1292 2359 1376 2405 Jug.
1396 2358 1461 2403 85,
1481 2360 1541 2396 39.
1569 2359 1726 2410 Ellendt.
1743 2361 1789 2396 ad

268 2416 346 2449 Cic.
366 2415 410 2450 de
431 2417 498 2451 Or.
519 2418 552 2462 1,
571 2415 629 2462 58,
651 2413 732 2453 249.
752 2421 788 2450 et
808 2427 895 2462 quos
914 2414 1033 2449 laudat
1051 2415 1242 2449 Schmidius
1260 2416 1305 2450 ad
1323 2427 1358 2450 v.
1376 2417 1410 2451 1.
1442 2417 1498 2452 De
1519 2429 1639 2452 eorum
1657 2416 1788 2453 officiis

268 2472 338 2507 loci
356 2473 537 2519 principes
556 2478 639 2508 sunt
658 2474 740 2509 Cat.
761 2474 805 2507 R.
827 2473 871 2508 R.
891 2473 925 2507 5.
947 2468 1025 2508 1'42.
1047 2468 1127 2506 143.
1146 2471 1251 2507 Varr.
1271 2472 1314 2506 R.
1333 2473 1379 2507 R.
1400 2474 1433 2516 1,
1451 2474 1485 2510 2.
1506 2475 1561 2510 18.
1581 2473 1720 2509 Colum.
1737 2473 1784 2508 R.

268 2528 311 2563 R.
332 2529 373 2572 1,
394 2531 428 2565 8.
450 2532 490 2566 11
505 2556 515 2574 ‚
538 2532 571 2568 1.
608 2530 671 2565 Ille
691 2534 805 2565 autem
824 2529 1038 2564 Horatianus
1059 2529 1103 2562 ab
1132 2527 1236 2563 initio
1256 2540 1345 2564 unus
1364 2541 1385 2563 e
1403 2530 1535 2566 familia
1550 2531 1687 2566 urbana
1702 2530 1784 2575 fnit,

267 2596 369 2629 quem
384 2587 490 2621 herus
511 2598 615 2633 quum
640 2591 789 2632 propter
813 2587 930 2621 munia
951 2585 1022 2620 sibi
1042 2583 1198 2619 fideliter
1222 2585 1303 2621 olim
1322 2587 1520 2632 praestita,
1548 2591 1623 2622 tum
1641 2587 1687 2622 ob
1705 2587 1782 2632 ejus

266 2641 442 2685 singulare
470 2645 564 2678 ruris
592 2644 742 2679 studium
771 2644 924 2678 familiae
949 2641 1104 2677 Sabinae
1133 2642 1228 2685 (Sat.
1246 2644 1286 2688 2,
1309 2644 1352 2686 7,
1372 2643 1458 2688 118)
1486 2644 1682 2690 praeficere
1709 2653 1780 2687 non

264 2696 462 2741 dubitavit3
483 2701 528 2736 cf.
549 2702 593 2735 C.
613 2701 761 2738 Passov.
782 2701 849 2735 Nr.
866 2701 945 2737 229.
977 2698 1070 2734 Mire
1091 2699 1277 2734 Chabotius
1294 2700 1430 2735 Davum
1449 2701 1527 2740 Sat.
1544 2702 1577 2744 2,
1591 2700 1639 2743 7.,
1660 2700 1779 2734 Sana-
1829 2698 1836 2706 ’

263 2754 375 2787 donus
394 2760 431 2789 et
449 2755 657 2802 Dorighello
676 2768 821 2803 puerum
841 2758 912 2792 Od.
933 2759 966 2799 1,
985 2755 1042 2792 38.
1061 2755 1098 2790 in
1116 2766 1270 2800 persona
1287 2757 1401 2792 villici
1418 2757 1489 2791 sibi
1509 2755 1688 2804 reperisse
1707 2755 1778 2790 visi

260 2814 355 2845 sunt.
364 2810 442 2899 5De
461 2812 625 2858 Epistola
642 2825 682 2849 re
702 2826 789 2849 vera
806 2814 851 2850 ad
870 2814 1034 2849 Villicum
1052 2812 1138 2847 data
1155 2824 1224 2847 non
1244 2813 1387 2849 dubitat
1403 2812 1527 2848 Weber
1543 2823 1580 2858 p.
1595 2811 1677 2848 309.
1693 2812 1774 2847 coll.

261 2875 296 2908 p.
321 2866 362 2899 16
388 2888 399 2898 .
841 2883 843 2886 ·

1894 2102 1910 2336 „badad—Q*
1907 2058 1910 2065 .
1906 2031 1910 2042 ..
1908 1991 1910 1994 .

1888 2652 1910 2781 ..ἕψει-ηε.
1899 2612 1902 2614 <
1895 2570 1903 2575 ·
