1910 3138
144 162 202 204 67

567 163 714 204 LIBRI·
738 163 768 206 1.
824 165 1086 205 El’ls‘roLA
1112 166 1249 205 XVIII.

208 275 276 322 Ac
306 288 363 323 ne
394 279 442 322 te
474 278 672 324 retrahas
707 282 752 324 et
783 281 1081 326 inexcusabilis
1114 281 1246 341 absis,

209 355 415 414 Quamvis
445 358 506 402 nil
539 360 663 403 extra
698 373 918 405 numerum
950 360 1105 405 fecisse
1137 361 1391 420 modumque

208 432 375 480 Curast
405 437 616 482 interdum
642 441 820 499 nugaris
853 454 955 485 rure
988 443 1193 500 patern03

203 513 396 559 Partitur
425 516 563 560 lintris
593 519 835 579 exercitus3
863 519 990 564 Actia
1015 535 1163 581 pugna

148 577 151 579 ⁵
204 591 275 637 'l'e
309 592 418 638 duce
448 608 527 655 per
561 609 719 655 pueros
752 598 894 642 hostili
926 612 1046 643 more
1074 598 1283 659 refertur3

201 670 493 718 Adversarius
524 678 590 719 est
618 674 779 735 frater,
823 678 944 722 lacus
966 677 1134 722 Hadria
1146 694 1161 736 3
1200 678 1336 724 donec

200 749 467 797 Alterutrum
494 755 624 799 velox
649 756 839 800 Victoria
872 755 1023 800 fronde
1056 761 1250 802 coronet.

203 828 461 877 Consentire
487 835 578 878 suis
606 834 756 878 studiis
789 836 859 893 qui
892 834 1118 879 crediderit
1149 839 1211 896 te,

1603 840 1659 882 65

200 909 366 955 Fautor
393 914 574 972 utroque
598 917 718 958 tuum
741 914 931 958 laudabit
959 914 1114 974 pollice
1138 915 1303 960 ludum.

197 988 398 1034 Protinus
425 994 473 1035 ut
504 1006 726 1052 moneam,
759 994 796 1037 si
822 992 919 1051 quid
942 994 1159 1038 monitoris
1186 1008 1296 1056 eges
1317 996 1380 1054 tu,

129 1155 233 1202 reliq.
247 1156 345 1194 Rdd.
360 1158 458 1204 vulg.
474 1160 669 1196 etiamAld.
679 1162 762 1201 501.
780 1162 868 1197 Dac.

129 1224 292 1259 anonym.
316 1215 419 1260 Traj.
448 1217 495 1251 ad
520 1217 634 1253 Rhea.
662 1219 743 1254 713.
776 1219 868 1254 Cun-

126 1270 209 1305 Jou.
224 1271 303 1305 Val.
315 1271 436 1318 Camp.
451 1274 562 1317 Nutu,
574 1280 609 1309 et
622 1276 662 1310 si.
677 1276 748 1311 Ed.
759 1276 869 1310 Prae-

127 1326 198 1361 die.
215 1346 266 1352 —
282 1328 315 1362 σι’
329 1330 433 1373 quod.
459 1330 530 1365 Ms.
548 1332 669 1366 Berol.
684 1335 718 1367 1.
734 1351 791 1358 —
806 1335 868 1367 ad-

121 1382 265 1428 judicet.
283 1384 354 1418 Ms.
368 1385 466 1420 Mon.
483 1399 515 1420 c.
536 1388 606 1422 Ed.
622 1390 704 1425 Asc.
719 1388 800 1423 519.
815 1409 863 1414 -—

126 1439 338 1475 advindicat.
366 1441 456 1477 Mss.
484 1443 551 1478 Fe.
571 1445 611 1487 2,
638 1444 663 1479 i.
690 1445 808 1481 Berol.
834 1447 867 1480 1.

126 1495 317 1539 abjudicat.
335 1498 403 1532 Fe.
418 1501 451 1542 2,
471 1500 508 1534 h.
529 1501 600 1535 Gn.
623 1503 655 1535 1.
676 1504 711 1538 2.
730 1521 779 1527 —
806 1514 867 1535 ar-

124 1551 186 1586 u‘s.
221 1552 325 1598 Conj.
364 1554 480 1589 Bentl.
495 1568 507 1597 ς
546 1563 670 1591 contra
707 1557 868 1603 disputat

23 1596 52 1615 ²·
124 1607 280 1642 Schmin.
290 1629 348 1635 —
359 1611 525 1646 ceterum
538 1613 575 1646 in
590 1625 627 1649 v.
643 1615 741 1648 ιιιιιῑ.
754 1614 867 1660 prima

46 1700 50 1703 ,
124 1665 263 1710 syllaba
279 1665 401 1701 brevis
421 1674 460 1702 ut
488 1669 590 1714 Virg.
617 1670 705 1704 Aen.
726 1673 759 1714 1,
785 1672 865 1706 109.

180 1721 223 1755 V.
238 1721 298 1758 58.
326 1726 377 1757 Ac
394 1729 429 1759 te
445 1736 502 1759 ne.
529 1726 599 1760 Ms.
623 1727 690 1761 Fe.
711 1729 744 1771 2,
769 1739 803 1761 a.
823 1729 864 1772 (a

123 1777 158 1811 2.
172 1778 225 1821 m)
248 1779 301 1813 1k.
320 1776 356 1814 4.
384 1780 483 1817 Mon.
503 1794 540 1827 g.
560 1785 611 1817 Ac
623 1795 687 1818 nec
700 1789 746 1818 te.
767 1784 861 1819 Edd.

121 1833 213 1869 Ven.
227 1831 308 1871 486.
323 1836 381 1870 92.
400 1837 501 1884 Lips,
519 1836 601 1875 492.
620 1842 672 1874 Ac
685 1841 746 1883 (ne
759 1846 793 1875 te
805 1861 861 1867 —-

124 1887 243 1939 dein).
284 1892 347 1926 Sic
372 1894 455 1933 edd,
481 1894 586 1930 Both.
609 1896 716 1931 Doer.
749 1897 861 1932 Orell-

121 1948 192 1990 Ac,
204 1959 251 1981 ne
261 1953 329 1983 etc.
351 1950 445 1984 Edd.
460 1953 654 1998 complures
671 1959 710 1987 ut
722 1953 858 1988 Bersm.

34 2027 46 2034 .
97 2003 233 2039 VGesu.
269 2005 368 2040 Sivr.
409 2007 521 2043 Hunt.
562 2009 721 2045 Hoched.
756 2010 859 2045 Jahn.

119 2057 273 2095 Dillenb.
286 2062 480 2107 Perperam
501 2070 539 2099 et
552 2066 612 2100 alii
628 2078 766 2101 versum
781 2067 859 2102 colo

121 2115 179 2150 vel
195 2117 266 2151 alia
283 2120 416 2163 majore
430 2121 659 2157 distinctione
678 2125 857 2167 claudunt,

120 2176 160 2206 ut
180 2173 291 2219 Cruq.
310 2175 420 2212 Fabr.
446 2178 556 2213 Torr.
583 2179 727 2224 Lubin.,
748 2191 856 2226 quan-

120 2238 221 2272 quam
238 2231 381 2267 diversa
399 2235 596 2279 sententia,
617 2238 681 2271 sed
700 2236 781 2271 vide
800 2237 856 2270 in-

119 2283 176 2318 fra
194 2294 418 2324 commentar.
440 2309 488 2315 —
511 2292 620 2327 inac-
642 2295 764 2328 ubsies.
785 2293 854 2326 Ed.

118 2340 236 2376 Bentl.
267 2356 312 2378 ex
334 2347 504 2390 conject.,
533 2360 635 2394 quem
658 2361 734 2395 seq.
751 2351 857 2383 Baxt.

119 2397 206 2432 San.
235 2400 313 2444 (qui
342 2401 433 2445 def.)
465 2403 583 2440 Merv.
616 2406 710 2440 Phil.
745 2407 856 2439 Gesn.

118 2451 227 2488 Bask.
255 2455 404 2501 Dorigh.
431 2458 529 2493 Sivr.
560 2461 684 2497 Comb.
710 2462 855 2495 wakef.

118 2509 207 2542 Bad.
243 2511 361 2546 Wetz.
395 2514 507 2547 Zeun.
542 2516 650 2550 Daru.
683 2517 855 2551 Wieland.

118 2564 255 2600 Bodon.
284 2567 407 2613 Camp.
435 2569 556 2604 Jaeck.
587 2573 697 2607 Doer.
732 2574 854 2617 Camp.

119 2621 251 2667 Charp.
266 2624 382 2657 Amar.
403 2625 451 2658 At
459 2626 638 2662 Sanadoni
652 2634 856 2673 argumenta

119 2688 142 2711 a
163 2690 334 2713 concursu
355 2679 635 2717 terminationem
652 2685 702 2729 is,
723 2690 763 2718 ut
782 2685 855 2718 Ita-

119 2727 182 2779 Εἰ,
201 2737 307 2770 armis
323 2736 579 2780 inexcusabilis,
599 2740 708 2784 absis,
734 2752 855 2784 quam-

119 2789 187 2835 vis,
207 2790 312 2827 hodie
333 2805 433 2827 nemo
452 2799 571 2835 curat3
595 2795 641 2829 cf.
662 2806 740 2829 ann.
759 2796 803 2830 ad
820 2797 853 2836 2,

122 2845 177 2880 1⁷.
199 2858 236 2893 p.
253 2851 345 2893 111„
366 2850 513 2884 Haberf.
530 2850 594 2884 Fe.
617 2857 654 2885 et
675 2851 789 2886 Orell.
809 2851 852 2886 ad

913 1163 950 1201 h.
969 1162 994 1196 Ι.
1016 1182 1066 1189 -
1100 1164 1144 1198 V.
1160 1162 1219 1198 59.
1239 1166 1297 1200 60.
1319 1162 1527 1198 Parenthesi
1546 1162 1657 1197 inclu-

914 1220 1002 1253 dunt
1020 1221 1150 1255 verba:
1182 1222 1346 1264 Quamvis
1363 1239 1419 1246 -—
1438 1221 1550 1255 Cur-as
1572 1220 1654 1255 edd.

913 1277 1035 1312 Lamb.
1051 1277 1135 1321 xyl.
1160 1276 1250 1311 Min.
1275 1278 1365 1320 Val.,
1385 1283 1508 1311 contra
1528 1277 1655 1322 dispu-

911 1337 992 1367 tant
1020 1334 1130 1380 Cruq.
1161 1334 1270 1369 Fabr.
1299 1335 1429 1377 Torr.‚
1460 1345 1654 1379 quanquam

912 1395 1052 1434 errant,
1080 1390 1174 1435 quod
1192 1395 1274 1424 ante
1295 1391 1469 1424 interdum
1496 1391 1655 1436 particu-

911 1446 981 1480 lam
998 1453 1118 1481 tamen
1143 1447 1294 1492 intelligi
1312 1447 1451 1491 jubent.
1478 1448 1565 1481 Post
1585 1449 1655 1482 Cu.-

912 1515 971 1537 ras
997 1503 1099 1537 colon
1129 1510 1227 1538 recte
1253 1503 1374 1549 posuit
1400 1504 1569 1539 Orellius.
1595 1523 1654 1529 —-

912 1560 1031 1593 Cures.
1058 1560 1148 1594 Mss-
1173 1561 1273 1595 Mon.
1294 1572 1326 1594 e.
1350 1572 1408 1605 g.‚
1436 1561 1501 1595 sed
1529 1561 1577 1595 cf.
1593 1557 1651 1604 14,

910 1616 944 1650 6.
964 1627 1002 1660 p.
1023 1616 1102 1650 189.

964 1672 1011 1706 V.
1029 1674 1088 1708 61.
1118 1673 1285 1708 Partitur.
1312 1672 1383 1707 Ma.
1407 1671 1509 1718 Lips.
1531 1672 1567 1706 3.
1594 1691 1653 1697 —

908 1728 1026 1762 Acuca.
1051 1729 1156 1763 Dess.
1182 1729 1218 1764 3.
1253 1729 1355 1775 Lips.
1385 1731 1420 1764 1.
1442 1731 1475 1764 2.
1516 1728 1649 1763 Aetion.

907 1784 1005 1819 Mon.
1020 1785 1043 1818 1.
1070 1804 1119 1810 —-
1148 1786 1195 1820 V.
1215 1787 1272 1821 62.
1298 1787 1400 1821 mole.
1419 1785 1518 1820 Mon.
1537 1786 1575 1819 b.
1598 1804 1646 1809 —

906 1841 951 1874 V.
976 1842 1035 1877 63.
1064 1842 1215 1876 Hadria.
1248 1843 1302 1877 ik.
1336 1845 1370 1877 1.
1402 1840 1438 1877 4.
1467 1844 1501 1878 6.
1535 1842 1650 1876 Orell.

905 1897 1015 1933 bSod.
1034 1898 1138 1932 Dess.
1155 1901 1189 1934 1.
1207 1898 1308 1944 Lips.
1326 1901 1360 1935 2.
1374 1899 1411 1934 3.
1431 1899 1529 1934 Mon.
1545 1909 1650 1939 omn.,

905 1953 975 1989 def.
994 1955 1081 1991 Fea.
1099 1955 1143 1988 ad
1172 1955 1243 1990 Od.
1265 1958 1298 1999 1,
1325 1956 1361 1998 3,
1388 1955 1445 1990 15.
1476 1955 1582 1989 Drak.
1603 1955 1648 1988 ad

905 2011 987 2045 Liv.
1010 2010 1066 2055 24,
1087 2014 1144 2055 lo,
1162 2014 1219 2047 10.
1240 2013 1282 2046 C.
1298 2013 1467 2047 Schneid.
1489 2012 1647 2045 Elemen-

903 2068 987 2102 tarl.
1007 2081 1043 2114 p.
1068 2069 1148 2103 186.
1167 2088 1226 2094 -—
1243 2070 1288 2107 V.
1309 2068 1366 2104 64.
1394 2068 1556 2102 Victoria.
1585 2066 1648 2100 Sic

904 2124 987 2160 edd.
1004 2126 1095 2160 Cun.
1116 2125 1233 2158 Schm.
1255 2125 1368 2160 Orell.
1390 2125 1434 2159 al.
1460 2130 1497 2158 et
1512 2123 1645 2157 rectius

903 2192 1003 2225 quam
1024 2182 1103 2215 vict.
1122 2180 1160 2214 in
1180 2181 1261 2215 edd.
1284 2181 1403 2215 Bentl.
1434 2180 1499 2213 Fe.
1522 2198 1569 2204 —
1589 2190 1647 2213 co-

901 2243 1020 2271 renat.
1051 2237 1140 2271 Mss.
1161 2238 1240 2273 Val.
1263 2242 1360 2282 quat.
1380 2237 1445 2270 Fe.
1464 2238 1496 2278 1,
1518 2236 1553 2269 d.
1571 2236 1643 2269 Gu.

903 2295 935 2326 1.
950 2293 986 2327 3.
1003 2312 1050 2317 —
1073 2294 1114 2327 V.
1131 2294 1187 2328 66.
1209 2294 1352 2327 Factor.
1373 2292 1461 2326 Mss.
1484 2292 1537 2326 Ik.
1558 2288 1593 2326 4.
1609 2293 1644 2326 6.

902 2349 1041 2382 Laudat
1059 2350 1150 2383 hunc
1164 2361 1198 2382 v·
1217 2354 1255 2382 et
1268 2348 1428 2382 anteced.
1447 2348 1503 2383 Jo.
1517 2349 1645 2382 Sares-

903 2405 978 2438 ber.
1008 2405 1045 2438 in
1071 2406 1166 2449 Nug.
1196 2405 1282 2438 Cur.
1306 2404 1339 2447 3,
1366 2401 1402 2438 4.
1436 2423 1491 2429 —
1520 2405 1566 2440 V.
1583 2403 1642 2440 67.

904 2460 1075 2494 Protinus.
1116 2462 1179 2494 Sic
1200 2472 1281 2494 mss.
1301 2459 1416 2494 nostri
1442 2461 1520 2494 fere
1549 2472 1640 2495 omn.

902 2523 939 2550 et.
965 2516 1078 2551 orell.
1106 2523 1256 2562 excepto
1284 2517 1346 2556 S.,
1377 2516 1435 2562 qui
1460 2522 1640 2562 receptam

901 2573 1031 2617 probat
1058 2580 1095 2605 et
1122 2573 1181 2606 hic
1205 2578 1242 2606 et
1268 2571 1330 2615 12,
1356 2573 1390 2608 8.
1416 2573 1490 2607 vid.
1524 2578 1638 2611 nostr.

900 2639 979 2661 ann.
1000 2628 1044 2661 ad
1069 2630 1126 2670 12,
1143 2630 1178 2663 8.
1201 2633 1238 2662 et
1264 2628 1381 2663 Hand.
1402 2629 1558 2664 Tursell.
1574 2631 1638 2666 IV.

898 2695 935 2728 p.
961 2685 1042 2718 620.
1064 2684 1245 2719 Protenus.
1278 2683 1370 2719 Edd.
1400 2685 1519 2720 Bentl.
1546 2687 1637 2722 Cuu.

898 2740 1039 2773 Wakef.
1065 2740 1109 2773 al.
1129 2760 1186 2766 —
1212 2741 1331 2775 Verba
1362 2741 1393 2776 εἰ
1411 2742 1492 2786 qm'd
1519 2762 1567 2769 —
1594 2749 1637 2778 tu

897 2795 1105 2841 parenthesi
1147 2797 1331 2832 includunt
1372 2797 1495 2833 Lamb.
1525 2800 1634 2846 Cruq.

896 2853 1007 2887 Pulm.
1028 2852 1146 2888 Bentl.
1168 2854 1214 2888 al.
1229 2875 1286 2881 —
1302 2855 1404 2890 Hunc
1419 2866 1556 2891 versum
1570 2857 1633 2892 de-
