1910 3138
296 153 381 197 208
437 152 719 194 COMMENT.
734 151 793 191 IN
810 151 937 192 HOR.
953 151 1102 196 L113J.
1127 153 1294 194 EPIST.
1309 153 1508 202 QUART.
1521 154 1703 197 Dsscm.
1757 155 1815 204 48

294 281 470 329 dixerim,
499 276 779 316 mediastinum
802 275 933 330 optata
954 291 1045 329 sua,
1073 283 1117 318 ut
1134 293 1201 318 rus
1224 281 1457 331 mitteretur,
1486 282 1639 320 domino
1665 281 1816 334 aperire

293 362 372 387 non
395 361 481 386 esse
508 358 662 393 ausum;
689 347 740 384 de
767 346 958 386 sententia
985 347 1196 386 Sanadoni
1219 353 1259 388 et
1283 348 1610 401 Dorighellonis,
1641 350 1731 401 quia.
1745 349 1816 389 be-

294 416 469 455 neficium
495 413 639 452 meritis
673 415 751 453 suis
778 415 862 454 fore
891 415 1012 466 majus
1040 416 1197 463 viderit;
1232 418 1281 456 de
1316 418 1506 457 sententia
1546 411 1742 456 Torrentic'
1764 418 1815 456 ad

293 483 517 523 servandum
544 482 723 520 decorum
752 484 855 522 servi
881 483 998 522 tacite
1033 485 1226 536 optantis,
1263 486 1367 536 quod
1408 486 1442 524 si
1479 485 1606 537 palam
1640 486 1816 538 petisset,

292 554 456 591 fortasse
486 550 758 602 vapulasset&
806 552 869 589 Cf.
897 551 1068 602 Herzog.
1104 553 1153 591 ad
1187 553 1279 592 Sall.
1306 553 1396 604 Jug.
1419 553 1499 604 31,
1527 555 1565 595 9.
1590 576 1648 584 —-·
1674 554 1719 592 V.
1747 555 1813 595 16.

293 619 490 658 discedere
530 620 706 666 tristem,
741 620 768 658 i.
804 632 839 658 e.
873 619 1001 670 iniqua
1033 625 1183 671 mente,
1221 623 1324 671 quod
1355 626 1569 673 nostrates,
1604 622 1814 672 „verdrfis-

289 687 393 727 lich“
427 689 506 726 sive
539 685 840 737 „iibelgelaunt“
881 688 1036 734 dicunt;
1077 689 1185 730 confi·
1215 689 1283 739 18,
1323 691 1392 731 89.
1431 694 1473 730 et
1505 690 1622 729 Wolf.
1654 690 1706 728 ad
1734 689 1814 731 Cic.

290 756 409 795 Tusc.
442 756 493 807 5,
533 757 613 806 32,
652 754 721 796 91.
771 754 832 794 De
868 756 1087 797 constantia
1122 760 1270 808 autem,
1307 769 1428 808 quamv
1447 757 1510 796 hic
1545 757 1619 796 sibi
1654 757 1814 797 vindieat

289 826 437 876 Poeta,
465 829 626 877 propter
650 825 733 862 Sat.
761 826 801 874 2,
826 825 869 875 7,
900 826 966 867 28.
995 825 1111 863 nimio
1137 826 1368 865 morosiores
1393 829 1481 864 sunt
1499 826 1699 864 Ducarius
1711 822 1751 877 *)
1774 829 1815 863 et

298 893 509 932 Gesner-us.
563 893 625 932 De
656 893 796 930 invisis
833 893 1003 944 negotiis
1041 897 1175 945 utpote
1211 894 1290 932 otio
1328 893 1430 932 vitae
1463 895 1624 933 rusticae
1662 898 1814 932 contra-

290 962 356 1000 riis
379 962 454 1000 vid.
478 963 521 1012 7,
551 961 619 1002 36.
649 963 688 998 et
711 959 864 999 Mitsch.
897 962 945 999 ad
973 961 1099 1013 Epod.
1123 964 1163 1012 2,
1193 963 1232 1003 1.
1263 961 1310 999 C.
1337 961 1498 1000 Passov.
1525 962 1578 1002 N.
1601 962 1670 1004 63.
1706 963 1816 1008 Quae

289 1030 378 1081 quia
414 1028 569 1082 Teuffel
604 1027 828 1079 („Horaz.“
855 1028 1022 1079 Tiibing.
1053 1028 1174 1070 1843.
1201 1043 1240 1081 p.
1265 1028 1325 1082 7.)
1353 1031 1404 1068 ad
1435 1030 1616 1082 scriptum
1650 1033 1814 1069 tanum-

286 1099 400 1137 modo
429 1099 572 1137 referre
600 1097 771 1147 videtur,
811 1096 1093 1147 angustioribus
1124 1099 1336 1136 censendus
1366 1102 1427 1136 est
1461 1098 1662 1138 inclusisse
1688 1097 1816 1138 limiti-

287 1166 373 1206 bus.
429 1167 472 1205 In
507 1167 667 1204 alteram
702 1168 828 1203 autem
867 1169 1014 1216 partem
1050 1168 1187 1216 peccat
1233 1166 1276 1204 0.
1317 1165 1523 1204 Frankius
1557 1166 1608 1217 (F
1608 1171 1682 1206 ast.
1717 1166 1813 1206 Hor.

285 1249 326 1287 p.
355 1234 464 1287 33.),
504 1235 537 1272 si
566 1246 696 1272 verum
725 1237 786 1271 est
813 1233 917 1284 quod
951 1232 999 1271 de
1026 1232 1100 1271 hoc
1131 1233 1285 1272 Horatii
1311 1247 1468 1273 munere
1505 1235 1654 1272 erudite
1690 1234 1815 1273 disse-

285 1305 374 1341 runt
403 1303 617 1353 Zumptius
644 1314 708 1352 ap.
737 1300 924 1340 Wiistem.
955 1314 994 1351 p.
1018 1299 1072 1341 14
1091 1313 1152 1351 sq.
1187 1304 1226 1339 et
1262 1300 1334 1340 W.
1368 1301 1421 1343 E.
1459 1300 1608 1340 Weber,
1633 1302 1674 1339 in
1702 1301 1812 1340 Jahn.

286 1374 326 1408 et
350 1369 480 1409 Klotz.
514 1369 728 1420 ‚‚Archiv.“
757 1365 880 1410 1843.
910 1368 983 1417 IX,
1014 1369 1053 1408 1.
1079 1382 1118 1419 p.
1143 1369 1351 1410 78-—93-
1379 1372 1495 1421 atque
1521 1369 1562 1409 in
1582 1369 1700 1408 libro:
1735 1370 1812 1421 Qu.

285 1438 389 1477 Hor.
416 1437 480 1480 R.
508 1438 572 1476 als
595 1436 770 1475 Men-sch.
795 1435 883 1474 und
905 1435 1076 1474 ,Dichter
1102 1450 1142 1488 p.
1173 1436 1227 1478 55
1250 1450 1335 1488 sqq.

398 1505 447 1544 v.
480 1507 534 1547 18
553 1527 611 1534 —
630 1507 700 1547 21.
742 1505 841 1542 Non
870 1505 1006 1542 eadem
1032 1527 1090 1534 -
1111 1505 1291 1556 pulchra
1311 1513 1451 1557 pum.
1498 1482 1596 1545 sam.
1626 1506 1746 1558 Hor.,
1771 1510 1815 1546 ut
1873 1531 1888 1547 .

286 1588 396 1614 suum
432 1575 533 1613 vitae
571 1575 736 1612 rusticae
768 1586 935 1612 amorem
957 1586 1037 1612 non
1065 1586 1087 1611 e
1113 1573 1271 1612 libidine
1299 1578 1429 1612 natum
1455 1578 1638 1624 testetur,
1671 1586 1730 1613 vv.
1757 1574 1812 1616 18

284 1666 340 1673 —
362 1644 431 1685 30.
462 1643 668 1693 significat,
707 1643 836 1693 ipsum.
867 1655 964 1692 quae
1001 1641 1097 1680 alter
1128 1655 1199 1693 pro
1231 1642 1347 1681 nihilo
1368 1643 1501 1682 *ducat
1538 1643 1666 1693 magni
1697 1643 1814 1682 aesti-
1848 1671 1849 1674 η

282 1724 410 1763 mare,
447 1716 580 1750 eontra
615 1723 711 1761 quae
747 1709 844 1748 alter
871 1711 1028 1749 miretur
1057 1711 1166 1749 flocci
1192 1709 1345 1749 habere.
1389 1711 1470 1750 Cic.
1507 1709 1623 1749 Tusc.
1655 1709 1710 1761 5,
1741 1711 1813 1761 22,

282 1781 351 1822 63.
392 1788 429 1817 te
459 1787 530 1817 tua
539 1808 555 1826 ,
593 1792 655 1816 me
682 1778 880 1816 delectant
908 1792 1009 1816 mea.
1041 1800 1098 1808 —-
1127 1778 1372 1820 disconvenit
1398 1777 1570 1831 inter**)
1599 1778 1745 1831 Meque
1766 1786 1810 1830 <et

283 1855 334 1886 te.
380 1848 478 1887 Rem
505 1847 590 1885 huic
629 1846 740 1897 plane
780 1847 968 1885 diversam
1003 1847 1143 1885 Graeci
1173 1847 1231 1896 εἰς
1265 1844 1408 1889 ταυτὸν
1443 1843 1561 1900 ἥκειν
1588 1847 1648 1886 vel
1675 1847 1811 1889 ἐλθεῖν

283 1917 436 1968 dicunt,
477 1915 577 1954 conf.
617 1913 796 1952 Valcken.
833 1915 883 1952 ad
917 1915 1048 1966 Eurip.
1085 1914 1240 1968 Hippol.
1282 1916 1377 1958 273.
1413 1938 1471 1946 —-
1512 1914 1562 1958 V.
1591 1915 1660 1956 19.
1695 1914 1810 1954 inbo-

283 1987 390 2037 spita
424 1991 572 2036 tesqua.
603 1982 719 2021 Voss:
761 1982 906 2032 „rauhe
930 1983 1112 2022 ver6dete
1141 1982 1371 2022 Wildniss.“
1408 1982 1584 2023 Passow:
1609 1985 1707 2034 „6d’
1734 1983 1812 2025 und

396 2155 437 2203 *)
467 2157 594 2203 „Nous
621 2168 730 2192 avons
759 2158 931 2202 pourtant
955 2153 1006 2190 vii
1032 2157 1137 2202 qu'on
1156 2156 1206 2191 lui
1225 2167 1246 2191 a
1265 2155 1442 2202 reproche
1470 2155 1558 2191 dans
1587 2156 1640 2192 les
1667 2156 1808 2192 Satires

285 2215 370 2262 qu'il
390 2214 483 2250 etoit.
504 2215 730 2259 inconstant,
766 2216 803 2247 et
823 2213 910 2260 qu'il
930 2213 1059 2247 n’etoit
1077 2225 1143 2260 pas
1162 2211 1280 2259 plutot
1299 2213 1396 2259 parti
1418 2212 1497 2247 d'un
1515 2211 1587 2247 lieu
1615 2213 1701 2259 qu'il
1719 2224 1809 2248 vou—

282 2273 349 2307 loit.
364 2285 388 2318 y
407 2275 611 2307 retourner.
639 2270 733 2306 Mais
753 2282 834 2305 sans
857 2271 965 2304 doute
988 2271 1092 2315 qu’en
1111 2269 1326 2304 vieillissant
1349 2270 1491 2303 Horace
1511 2281 1551 2304 se
1579 2269 1744 2316 corrigea
1763 2271 1810 2306 de

283 2342 324 2364 ce
344 2329 468 2364 defaut
479 2357 489 2375 ,
511 2334 549 2364 et.
567 2329 656 2364 c'est
675 2328 735 2376 qui
753 2340 808 2363 me
822 2327 999 2374 persuade
1015 2325 1101 2373 qu’il
1116 2327 1207 2361 etoit
1222 2327 1302 2371 deje
1316 2326 1424 2360 vieux
1440 2326 1555 2372 quand
1570 2330 1666 2362 cette
1678 2323 1809 2363 Lettre
1882 2347 1886 2351 ·

283 2388 340 2421 fut,
361 2387 487 2421 ecrite.
498 2387 521 2406 “
550 2386 599 2422 At
617 2387 741 2421 confer
761 2386 840 2420 Sat.
863 2385 903 2430 2,
924 2386 965 2429 6,
985 2382 1167 2419 59—67.
1188 2387 1226 2418 et.
1246 2388 1359 2418 nostr.
1385 2386 1506 2420 annot.
1527 2382 1572 2419 ad
1591 2385 1635 2430 8,
1659 2385 1725 2439 11,
1749 2386 1807 2423 12.

284 2455 353 2479 uua
372 2455 448 2479 cum
467 2442 598 2478 Heind.
620 2443 666 2478 ad
687 2444 768 2478 Sat.
789 2444 823 2488 2,
843 2442 879 2478 7.
900 2451 1035 2488 argum.
1056 2453 1093 2489 p.
1109 2437 1192 2476 453.
1214 2440 1271 2476 ed.
1291 2440 1469 2476 Wiistem.
1745 2455 1753 2467 x

382 2520 440 2567 **)
460 2524 615 2558 Verbum
636 2523 789 2560 disconv.
807 2521 1021 2557 rarissimum
1043 2519 1098 2556 bis
1119 2532 1178 2567 ap.
1194 2521 1285 2556 Hor.
1300 2520 1435 2566 legitur
1453 2521 1507 2567 (1,
1521 2520 1598 2565 99.)
1609 2547 1620 2566 ,
1639 2523 1678 2556 at
1695 2521 1806 2566 loeus,

282 2590 384 2624 quem
402 2592 448 2615 ex
466 2580 632 2619 Lactant,
657 2580 701 2615 de
720 2580 768 2618 Ir.
786 2578 856 2614 Dei
877 2579 913 2624 3,
933 2580 968 2614 1.
988 2578 1155 2622 laudant,
1174 2577 1212 2612 in
1233 2578 1290 2612 ed.
1309 2576 1526 2613 Biinemanni
1545 2589 1615 2613 non
1633 2578 1807 2613 Monoe-

284 2636 404 2681 niens,
424 2637 487 2672 sed
503 2636 746 2672 inconveniens
766 2641 880 2672 sonat.
911 2635 1044 2671 Similis
1062 2639 1178 2671 autern
1199 2638 1256 2669 est
1275 2635 1492 2670 constructio
1512 2634 1550 2670 in
1566 2645 1602 2671 v,
1619 2633 1806 2679 discrepat,
1880 2647 1885 2658 ³

284 2691 328 2725 de
349 2704 418 2739 qua
441 2695 488 2731 cf.
506 2694 688 2730 Drakenb.
710 2693 755 2728 ad
775 2694 857 2729 Liv.
880 2693 916 2738 3,
936 2693 996 2739 31,
1020 2693 1056 2729 8.
1079 2696 1117 2727 et
1135 2692 1289 2738 Rupert.
1311 2692 1358 2727 ad
1380 2694 1423 2736 1,
1447 2692 1492 2736 3,
1514 2687 1551 2726 4.
1575 2690 1631 2725 De
1652 2688 1808 2724 mirandi
1885 2733 1892 2746 ι

280 2749 393 2783 verbo
413 2752 460 2784 cf.
479 2754 598 2786 annot.
615 2751 661 2785 ad
678 2752 715 2795 6,
739 2752 773 2786 1.
794 2751 985 2786 Commode
1014 2749 1170 2786 Vossius:
1202 2748 1339 2793 „Nicht
1358 2749 1453 2784 reizt
1476 2746 1579 2782 beide
1601 2744 1804 2782 dasselhe.“

281 2803 317 2836 J.
339 2804 493 2840 Merkel:
520 2807 723 2851 „Gleiches
745 2808 877 2854 behagt
895 2819 960 2844 uns
985 2805 1095 2844 nicht.
1105 2807 1128 2827 ‘⁴
1165 2807 1415 2842 Walckenaerz
1442 2803 1572 2851 „Nous
1596 2814 1641 2838 ue
1665 2813 1802 2849 voyons

281 2869 347 2905 pas
366 2861 418 2895 les
440 2864 564 2898 choses
586 2864 632 2899 du
650 2865 760 2899 meme
786 2864 895 2900 oeil.“

1894 2802 1910 2847 ἐ’
