1910 3138
89 154 172 199 115
202 153 476 198 comm.
495 155 695 197 lN-HOR
713 156 812 198 LIB.
836 158 867 200 1.
896 158 1061 198 EP-IST.
1083 158 1490 201 Duonsswcnsm.
1518 160 1602 202 463

90 264 260 320 στυγνὸν
285 262 495 321 δ’ὄφρόων
519 267 643 321 νέφος
667 265 892 320 αὐξάνεται.
935 271 1129 322 Chrysost.
1159 273 1282 324 Epist·
1310 273 1359 312 ad
1383 274 1531 326 Olymp.
1563 276 1602 324 2,

93 337 132 378 1.
156 349 199 388 p.
227 335 322 379 1⁷6.
357 331 452 378 οὔδὸ
477 333 552 390 γοὶρ
580 332 690 390 ἅρκῶ
717 335 1035 393 διακρούσασθαι
1057 336 1102 382 w*
1136 339 1260 391 νέφος
1280 337 1326 382 τᾶ
1355 339 1512 387 πυκνὸν
1536 340 1604 384 καὶ

91 403 268 454 {amisse
291 406 365 457 τῆς
394 399 587 457 ἀθυμίας.
633 407 690 445 Id.
719 406 810 446 ibid.
837 408 882 458 3,
911 407 977 449 14.
1011 420 1051 458 p.
1082 407 1176 449 215.
1229 407 1274 447 In
1299 412 1418 448 totam
1449 414 1603 449 senten-

89 471 179 511 tiam
213 470 401 514 Plutarch.
434 472 482 511 de
511 471 686 514 Discrim.
717 474 827 516 Adul.
869 478 907 513 et
943 474 1060 512 Amic.
1088 475 1151 514 VI.
1180 477 1245 517 68.
1276 489 1316 528 p.
1343 478 1437 519 251.
1464 473 1604 534 ,Εὖδίᾳ

87 535 162 595 yde
190 535 327 594 ἐπάγει
347 537 490 589 νέφος,
520 536 544 581 ὅ
571 544 696 581 κινῶν
718 541 763 583 ἐν
787 543 927 598 παιδίᾳ
946 541 1013 583 καὶ
1032 539 1312 598 φιλοφροσύνῃ
1331 541 1452 597 λόγον
1472 540 1604 598 ὀφρῦν

88 602 329 651 ἆνασπόντα
350 605 418 648 καὶ
445 604 682 649 συνιστάντα
709 607 751 651 τὸ
782 607 1019 663 πρόσωπον,
1051 606 1182 665 ὥσπερ
1206 605 1531 663 ἀντιταττόμενον
1547 616 1605 668 τῷ

88 674 227 730 Δυδίφ
257 677 345 727 θεῷ
370 675 439 718 καὶ
467 673 605 718 λύοντι
631 676 676 718 τό
703 680 781 719 τῶν
813 676 1023 730 δυσφόρων
1055 679 1231 730 σχοινίον
1266 677 1363 730 [καὶ]
1402 681 1603 732 μεριμνῶν

87 738 187 782 κατὰ
215 742 427 796 Πίνδαρον
439 742 487 793 *).
522 765 579 772 -
606 744 844 797 plerumque
877 745 1073 784 modeetus
1108 746 1289 797 Occupat
1322 745 1479 784 obscuri
1514 761 1603 798 spe-

87 810 214 856 ciem;
243 809 305 848 illa
331 810 511 862 particula
539 815 582 850 ut
610 811 656 851 A.
684 813 726 854 P.
758 811 824 854 14.
853 818 891 853 et
923 814 1034 863 alias,
1071 815 1170 853 conf.
1200 813 1339 854 Heind.
1367 815 1415 854 ad
1444 815 1525 856 Sat.
1562 817 1601 866 1,

90 876 158 925 10,
187 876 253 918 15.
291 882 330 915 et
355 877 517 917 Bfittieh.
553 878 680 920 Lexic.
720 880 844 920 Tacit.
873 895 904 920 s.
934 895 969 925 v,
998 904 1054 912 -—-
1088 881 1245 920 obscuri
1270 883 1295 923 i.
1329 895 1364 920 e.
1390 883 1499 932 tecti,
1541 895 1605 920 oc-

89 943 200 994 culti,
233 945 296 995 qui
321 945 478 985 Graecis
509 947 589 985 fere
622 949 866 1000 κρυψίνους,
892 962 991 999 non,
1017 950 1071 988 uti
1091 950 1287 988 Zuwkius
1310 950 1408 999 vult,
1436 954 1605 1001 „myste-

86 1012 152 1050 riis
179 1011 341 1063 plenus“
367 1017 438 1057 est.
494 1014 572 1053 Cic.
599 1016 647 1053 de
673 1015 784 1055 Offic.
813 1016 856 1065 3,
886 1017 954 1066 13,
983 1016 1051 1058 57.
1089 1018 1160 1070 (ib.
1189 1018 1314 1068 Beier)
1354 1019 1447 1056 Hoc
1472 1026 1604 1061 autem

87 1078 246 1117 celandi
265 1093 394 1131 genus
421 1081 539 1133 quale
566 1084 618 1119 sit
642 1090 681 1120 et
710 1086 825 1132 cujus
860 1083 1055 1137 hominis,
1093 1087 1182 1137 quis
1216 1100 1294 1124 non
1330 1086 1463 1125 videt?
1504 1094 1604 1124 certe

87 1161 166 1187 non
201 1149 356 1199 aperti,
404 1161 482 1186 non
524 1149 717 1200 simplicis
755 1171 808 1179 —
850 1172 906 1181 —
942 1174 997 1180 —
1039 1154 1186 1189 versuti
1217 1154 1381 1203 potius,
1430 1153 1603 1201 obscuri,

86 1216 212 1254 asueti
231 1220 301 1256 etc.
327 1216 421 1257 Tac.
451 1217 548 1255 Ann-
576 1216 617 1268 4,
648 1221 686 1267 1,
713 1219 749 1260 2.
778 1218 846 1270 (ib.
865 1219 1040 1270 Rupert.)
1067 1227 1111 1259 ut
1136 1220 1366 1271 (Tiberium)
1395 1221 1603 1261 obscurum

86 1282 296 1322 adversum
316 1283 418 1323 alios
446 1283 524 1322 sibi
552 1287 625 1323 uni
650 1288 855 1324 incautum
874 1289 1138 1339 intectumque
1165 1288 1348 1339 efficeret.
1382 1289 1507 1339 Agric.
1533 1290 1602 1340 42,

86 1349 126 1395 4.
157 1349 224 1402 (ib.
248 1351 418 1402 Ernest.)
445 1353 672 1391 Domitiam·
693 1362 838 1392 natura
856 1368 1046 1405 praeceps
1068 1356 1112 1392 in
1139 1356 1243 1395 iram
1270 1363 1329 1402 et,
1357 1371 1433 1408 quo
1462 1357 1603 1396 obscu-

87 1418 191 1464 rior,
220 1431 263 1455 eo
288 1419 594 1458 imunt-abdier.
636 1421 786 1472 Zumpt.
814 1422 863 1460 ad
893 1422 970 1461 Cic.
999 1423 1103 1461 Verr.
1133 1422 1218 1462 Act.
1241 1424 1279 1473 1,
1308 1427 1348 1474 2,
1373 1426 1412 1465 5.
1441 1425 1600 1468 Ellendt.

0 1507 5 1510 >
87 1485 137 1524 ad
166 1486 244 1527 Cic.
278 1487 326 1525 de
362 1487 430 1527 Or.
461 1489 500 1537 2,
530 1487 601 1536 73,
630 1489 723 1529 296.
753 1511 810 1519 --
838 1491 1058 1527 taciturnus
1087 1490 1240 1536 acerbi,
1270 1492 1451 1540 „immitis
1481 1498 1519 1531 et
1544 1494 1602 1532 in-

86 1553 280 1603 humani,“
307 1558 350 1592 ut
371 1555 423 1592 ait
449 1554 698 1603 Lambinus;
730 1556 922 1594 Zure-hius
949 1562 1095 1607 autem,
1129 1560 1191 1608 qui
1217 1558 1401 1597 acerbum
1427 1561 1603 1612 intelligit

86 1621 402 1673 misanthropum,
431 1622 628 1660 Timonem
655 1624 756 1662 illum
779 1622 936 1663 Luciani
962 1630 1164 1675 comparat.
1204 1626 1384 1666 Acerbus
1407 1629 1487 1668 fere
1508 1629 1602 1667 dici-

87 1694 164 1739 tur,
200 1689 262 1740 qui
291 1689 402 1726 nimia
438 1691 639 1730 severitate
671 1696 741 1733 est.
785 1692 886 1731 Hinc
921 1693 960 1730 J.
1000 1692 1177 1731 Merkel:
1212 1695 1312 1743 „der
1345 1695 1601 1737 Bescheidene

87 1756 256 1794 scheinet
278 1755 348 1794 Ost
371 1756 662 1810 heimtiickisch,
691 1759 757 1798 der
784 1760 1054 1810 Schweigende
1081 1761 1151 1811 gilt
1168 1761 1223 1801 als
1243 1762 1396 1802 bitterer
1418 1763 1601 1803 Tadler.“

90 1824 201 1866 Mart.
234 1827 301 1875 12,
329 1825 383 1866 38
418 1824 531 1876 (47),
569 1829 606 1867 1.
651 1827 850 1878 Difficilis
860 1855 875 1873 ,
904 1828 1068 1880 facilis,
1095 1830 1306 1876 jucundus
1314 1858 1331 1876 ,
1371 1831 1536 1870 acerbus
1561 1846 1599 1870 es

87 1891 202 1929 idem.
248 1892 313 1930 Sic
339 1892 502 1932 acerbus
536 1894 665 1932 Odisti
699 1902 736 1931 et
758 1895 880 1947 sugis
914 1897 996 1938 Sat.
1026 1899 1066 1947 1,
1094 1898 1137 1948 3,
1166 1899 1257 1949 85.‚
1300 1899 1360 1937 ubi
1396 1900 1600 1952 Reisigius

85 1971 281 2011 perperam
314 1961 499 1999 acerbum
534 1962 664 2000 Odisti
694 1963 851 2014 intelligi
879 1964 1027 2003 mavult.
1079 1964 1259 2004 Similiter
1285 1966 1422 2004 acerbe
1449 1969 1598 2018 exigere

87 2026 167 2068 Cic.
198 2028 313 2070 Tusc.
335 2030 376 2078 1,
405 2030 474 2079 89,
500 2031 566 2072 93.
601 2031 652 2069 ib.
682 2030 827 2077 Klotz„
864 2031 1043 2070 acerbius
1071 2032 1284 2084 duriusque
1310 2034 1485 2085 aliquem
1514 2042 1598 2071 ira-

87 2102 192 2133 ctare
224 2095 318 2136 Plin.
347 2096 469 2148 Epist.
490 2099 529 2148 9,
552 2099 618 2148 12,
645 2099 684 2140 2.
714 2099 765 2136 ib.
790 2099 934 2150 Gierig.
963 2100 1044 2139 coll.
1075 2100 1191 2150 Seyff.
1221 2101 1268 2138 ad
1296 2101 1376 2141 Cic.
1403 2100 1508 2141 Lael.
1529 2102 1596 2153 24,

88 2163 155 2205 89.
197 2162 258 2205 De
286 2165 573 2212 taciturnitate,
610 2170 791 2218 quatenus
820 2168 930 2205 index
950 2168 1060 2204 animi
1089 2167 1269 2216 habetur,
1300 2168 1378 2205 Cic.
1407 2181 1465 2218 pr.
1497 2169 1597 2209 Sest.

89 2230 129 2280 9,
158 2232 224 2273 21.
262 2231 332 2281 (ib.
358 2232 501 2284 Halm.)
553 2233 656 2284 Quia
690 2235 836 2270 tristem
864 2247 1038 2283 semper,
1077 2236 1172 2285 quia
1202 2236 1466 2281 taciturnum,
1502 2237 1597 2287 qnia

89 2297 364 2338 subhorridum
410 2323 456 2330 —
499 2323 554 2332 —-
596 2301 780 2340 videbant
820 2305 890 2338 etc.
961 2301 1065 2339 Suet.
1099 2302 1192 2340 Ner.
1232 2302 1296 2342 23.
1349 2304 1597 2341 taciturnita-

89 2371 164 2404 tem
194 2388 250 2396 -—
275 2389 331 2396 ·—
357 2390 414 2399 —
442 2369 690 2420 quorundam
711 2382 788 2419 pro
818 2368 977 2405 tristitia
1003 2381 1185 2419 arguens,
1234 2368 1353 2411 Amm.
1391 2370 1595 2412 Marcellin.

199 2493 239 2537 *)
264 2496 318 2529 De
337 2496 395 2530 illo
414 2497 582 2530 translato
602 2495 859 2540 superciliorum
879 2504 942 2527 usu
962 2493 1053 2528 conf.
1074 2503 1160 2538 quos
1179 2493 1330 2529 afferunt
1348 2495 1534 2531 Lambinus
1551 2498 1595 2533 ad

91 2550 126 2586 h.
146 2550 169 2585 l.
199 2550 341 2584 uberius
361 2552 404 2585 de
423 2551 488 2585 hac
513 2564 553 2586 re
577 2552 752 2585 disserens
772 2557 808 2583 et
828 2550 976 2584 Taubm.
1008 2549 1050 2582 ad
1071 2549 1183 2583 Plaut.
1215 2550 1289 2583 Mil.
1319 2551 1408 2595 glor.
1428 2552 1463 2595 3,
1483 2554 1515 2596 1,
1535 2554 1591 2592 99,

91 2607 222 2641 Rader.
243 2606 286 2640 ad
307 2606 411 2641 Mart.
426 2610 459 2650 1,
477 2603 501 2640 4
519 2605 597 2654 (5),
619 2609 651 2642 2.
672 2607 819 2650 Rupere.
840 2606 884 2639 ad
903 2607 982 2640 δην.
997 2604 1030 2647 5,
1047 2607 1102 2640 61.
1130 2605 1239 2640 Halm.
1259 2607 1303 2640 ad
1323 2605 1399 2643 Cio.
1421 2619 1476 2654 pr.
1497 2610 1592 2646 Sest.

82 2663 125 2705 ’8,
149 2663 202 2697 19.
235 2661 378 2696 Oehler.
398 2662 442 2696 ad
463 2663 565 2697 Varr.
585 2664 663 2697 Sat.
682 2661 840 2706 Menipp.
861 2661 919 2704 32,
945 2663 975 2695 1.
998 2661 1114 2700 Burin.
1133 2662 1175 2697 ad
1198 2663 1299 2698 Anth.
1319 2663 1378 2700 lat.
1398 2665 1443 2700 11.
1463 2677 1499 2710 p.
1514 2665 1592 2702 521.

91 2719 192 2760 699.;
213 2719 258 2753 de
276 2720 375 2753 nubis
394 2729 455 2752 usu
475 2718 542 2752 alia
563 2719 664 2763 plura
681 2722 823 2762 praeter
842 2717 1000 2751 laudatos
1018 2718 1242 2762 suppeditant
1259 2719 1410 2757 Schmid.
1431 2726 1467 2756 et
1487 2723 1592 2759 orell.

92 2775 136 2809 ad
151 2776 185 2810 h.
200 2775 223 2809 Ι.
251 2775 442 2810 Mem-herl.
459 2774 503 2809 ad
522 2774 640 2818 Epod.
658 2774 710 2816 13,
726 2773 758 2807 5.
778 2773 859 2808 Axt.
875 2773 918 2807 ad
934 2774 1037 2818 Spur.
1055 2774 1202 2808 Vestrit.
1215 2771 1250 2818 4,
1269 2777 1299 2811 1.
1318 2788 1353 2822 p.
1371 2778 1447 2813 109.
1468 2778 1598 2815 Loers..

93 2829 136 2865 ad
156 2830 264 2866 Ovid.
286 2831 401 2866 Trist.
426 2833 456 2876 1,
479 2830 515 2876 3,
540 2829 594 2864 13.
615 2829 784 2866 Wunder.
804 2830 848 2864 ad
868 2830 1033 2876 Sophocl.
1054 2829 1170 2876 Antig.
1189 2830 1269 2867 526.

1177 2891 1260 2934 30*
1287 2895 1331 2947 (8
1341 2897 1379 2949 *)
