<?xml version="1.0" encoding="UTF-8"?>
<!DOCTYPE html PUBLIC "-//W3C//DTD XHTML 1.0 Transitional//EN"
    "http://www.w3.org/TR/xhtml1/DTD/xhtml1-transitional.dtd">
<html xmlns="http://www.w3.org/1999/xhtml" xml:lang="en" lang="en">
 <head>
  <title>
</title>
<meta http-equiv="Content-Type" content="text/html;charset=utf-8" />
  <meta name='ocr-system' content='tesseract 3.04.00' />
  <meta name='ocr-capabilities' content='ocr_page ocr_carea ocr_par ocr_line ocrx_word'/>
</head>
<body>
  <div class='ocr_page' id='page_1' title='image "./epistolascomment02horauoft_0486.png"; bbox 0 0 1910 3138; ppageno 0'>
   <div class='ocr_carea' id='block_1_1' title="bbox 259 233 1796 280">
    <p class='ocr_par' dir='ltr' id='par_1_1' title="bbox 259 233 1796 280">
     <span class='ocr_line' id='line_1_1' title="bbox 259 233 1796 280; baseline 0.001 -3"><span class='ocrx_word' id='word_1_1' title='bbox 259 233 345 278; x_wconf 79' lang='lat'>478</span> <span class='ocrx_word' id='word_1_2' title='bbox 781 235 1003 277; x_wconf 88' lang='lat' dir='ltr'><strong>EXCURS.</strong></span> <span class='ocrx_word' id='word_1_3' title='bbox 1032 235 1104 275; x_wconf 85' lang='lat' dir='ltr'>AD</span> <span class='ocrx_word' id='word_1_4' title='bbox 1133 236 1174 279; x_wconf 83' lang='lat' dir='ltr'>V.</span> <span class='ocrx_word' id='word_1_5' title='bbox 1204 236 1272 278; x_wconf 88' lang='lat'>91.</span> <span class='ocrx_word' id='word_1_6' title='bbox 1712 238 1796 280; x_wconf 80' lang='lat'>130</span> 
     </span>
    </p>
   </div>
   <div class='ocr_carea' id='block_1_2' title="bbox 257 348 1801 1287">
    <p class='ocr_par' dir='ltr' id='par_1_2' title="bbox 257 348 1801 1081">
     <span class='ocr_line' id='line_1_2' title="bbox 260 348 1797 400; baseline 0.002 -11"><span class='ocrx_word' id='word_1_7' title='bbox 260 351 373 390; x_wconf 75' lang='lat' dir='ltr'>Britt.</span> <span class='ocrx_word' id='word_1_8' title='bbox 403 349 502 388; x_wconf 87' lang='lat' dir='ltr'>Mus.</span> <span class='ocrx_word' id='word_1_9' title='bbox 533 348 604 387; x_wconf 82' lang='lat' dir='ltr'>wie</span> <span class='ocrx_word' id='word_1_10' title='bbox 630 348 730 388; x_wconf 82' lang='lat' dir='ltr'>cod.</span> <span class='ocrx_word' id='word_1_11' title='bbox 763 348 855 391; x_wconf 83' lang='lat' dir='ltr'>bibl.</span> <span class='ocrx_word' id='word_1_12' title='bbox 888 363 968 400; x_wconf 86' lang='lat' dir='ltr'>reg.</span> <span class='ocrx_word' id='word_1_13' title='bbox 1002 349 1074 388; x_wconf 83' lang='lat' dir='ltr'>Sti.</span> <span class='ocrx_word' id='word_1_14' title='bbox 1103 348 1237 388; x_wconf 88' lang='lat' dir='ltr'>Jacobi</span> <span class='ocrx_word' id='word_1_15' title='bbox 1275 348 1375 398; x_wconf 83' lang='lat'>„15.</span> <span class='ocrx_word' id='word_1_16' title='bbox 1404 349 1453 388; x_wconf 85' lang='lat' dir='ltr'>B.</span> <span class='ocrx_word' id='word_1_17' title='bbox 1479 349 1566 388; x_wconf 87' lang='lat' dir='ltr'>Vll.</span> <span class='ocrx_word' id='word_1_18' title='bbox 1596 349 1639 388; x_wconf 91' lang='lat' dir='ltr'>P.-</span> <span class='ocrx_word' id='word_1_19' title='bbox 1669 350 1797 400; x_wconf 79' lang='lat'>240,“</span> 
     </span>
     <span class='ocr_line' id='line_1_3' title="bbox 261 415 1799 469; baseline -0.002 -11"><span class='ocrx_word' id='word_1_20' title='bbox 261 418 422 458; x_wconf 89' lang='lat' dir='ltr'>welcher</span> <span class='ocrx_word' id='word_1_21' title='bbox 450 415 554 454; x_wconf 75' lang='lat' dir='ltr'>nieht</span> <span class='ocrx_word' id='word_1_22' title='bbox 589 417 658 454; x_wconf 86' lang='lat' dir='ltr'>der</span> <span class='ocrx_word' id='word_1_23' title='bbox 690 430 765 455; x_wconf 86' lang='lat' dir='ltr'>von</span> <span class='ocrx_word' id='word_1_24' title='bbox 801 417 1059 456; x_wconf 83' lang='lat' dir='ltr'>Mitscherlich</span> <span class='ocrx_word' id='word_1_25' title='bbox 1094 417 1124 458; x_wconf 89' lang='grc' dir='ltr'>Ι.</span> <span class='ocrx_word' id='word_1_26' title='bbox 1161 431 1200 469; x_wconf 89' lang='lat' dir='ltr'>p.</span> <span class='ocrx_word' id='word_1_27' title='bbox 1229 416 1319 455; x_wconf 75' lang='lat' dir='ltr'>xxi</span> <span class='ocrx_word' id='word_1_28' title='bbox 1354 420 1544 468; x_wconf 78' lang='lat' dir='ltr'>genannte</span> <span class='ocrx_word' id='word_1_29' title='bbox 1585 417 1799 456; x_wconf 74' lang='lat' dir='ltr'>Jacobaeus</span> 
     </span>
     <span class='ocr_line' id='line_1_4' title="bbox 261 484 1800 537; baseline -0.001 -13"><span class='ocrx_word' id='word_1_30' title='bbox 261 500 325 526; x_wconf 91' lang='lat' dir='ltr'>n0.</span> <span class='ocrx_word' id='word_1_31' title='bbox 353 486 462 526; x_wconf 88' lang='lat'>8621</span> <span class='ocrx_word' id='word_1_32' title='bbox 493 484 568 532; x_wconf 87' lang='lat' dir='ltr'>ist,</span> <span class='ocrx_word' id='word_1_33' title='bbox 611 484 711 523; x_wconf 83' lang='lat' dir='ltr'>cod.</span> <span class='ocrx_word' id='word_1_34' title='bbox 751 484 927 524; x_wconf 86' lang='lat' dir='ltr'>Ambros.</span> <span class='ocrx_word' id='word_1_35' title='bbox 965 485 1025 535; x_wconf 87' lang='lat' dir='ltr'>O,</span> <span class='ocrx_word' id='word_1_36' title='bbox 1066 485 1148 526; x_wconf 87' lang='lat'>126</span> <span class='ocrx_word' id='word_1_37' title='bbox 1176 499 1212 523; x_wconf 91' lang='lat' dir='ltr'>u.</span> <span class='ocrx_word' id='word_1_38' title='bbox 1242 497 1278 523; x_wconf 81' lang='lat' dir='ltr'>a.</span> <span class='ocrx_word' id='word_1_39' title='bbox 1305 484 1429 523; x_wconf 87' lang='lat' dir='ltr'>haben</span> <span class='ocrx_word' id='word_1_40' title='bbox 1459 485 1524 524; x_wconf 83' lang='lat' dir='ltr'>ihu</span> <span class='ocrx_word' id='word_1_41' title='bbox 1558 486 1665 537; x_wconf 72' lang='lat' dir='ltr'>rein,</span> <span class='ocrx_word' id='word_1_42' title='bbox 1705 486 1800 523; x_wconf 90' lang='lat' dir='ltr'>oder</span> 
     </span>
     <span class='ocr_line' id='line_1_5' title="bbox 261 552 1798 603; baseline 0.001 -12"><span class='ocrx_word' id='word_1_43' title='bbox 261 567 335 591; x_wconf 88' lang='lat' dir='ltr'>von</span> <span class='ocrx_word' id='word_1_44' title='bbox 363 554 431 591; x_wconf 90' lang='lat' dir='ltr'>der</span> <span class='ocrx_word' id='word_1_45' title='bbox 468 556 596 590; x_wconf 87' lang='lat' dir='ltr'>ersten</span> <span class='ocrx_word' id='word_1_46' title='bbox 633 552 746 590; x_wconf 86' lang='lat' dir='ltr'>Hand</span> <span class='ocrx_word' id='word_1_47' title='bbox 783 554 874 591; x_wconf 89' lang='lat' dir='ltr'>dem</span> <span class='ocrx_word' id='word_1_48' title='bbox 907 553 1045 592; x_wconf 79' lang='lat' dir='ltr'>Raude</span> <span class='ocrx_word' id='word_1_49' title='bbox 1074 552 1406 603; x_wconf 84' lang='lat' dir='ltr'>beigeschrieben,</span> <span class='ocrx_word' id='word_1_50' title='bbox 1445 553 1514 591; x_wconf 79' lang='lat' dir='ltr'>wie</span> <span class='ocrx_word' id='word_1_51' title='bbox 1550 553 1651 594; x_wconf 84' lang='lat' dir='ltr'>cod.</span> <span class='ocrx_word' id='word_1_52' title='bbox 1691 553 1798 593; x_wconf 83' lang='lat' dir='ltr'>Harl.</span> 
     </span>
     <span class='ocr_line' id='line_1_6' title="bbox 261 620 1799 671; baseline -0.003 -7"><span class='ocrx_word' id='word_1_53' title='bbox 261 620 393 670; x_wconf 82' lang='lat'>2724,</span> <span class='ocrx_word' id='word_1_54' title='bbox 434 621 529 659; x_wconf 90' lang='lat' dir='ltr'>oder</span> <span class='ocrx_word' id='word_1_55' title='bbox 562 634 637 658; x_wconf 87' lang='lat' dir='ltr'>von</span> <span class='ocrx_word' id='word_1_56' title='bbox 670 621 738 659; x_wconf 89' lang='lat' dir='ltr'>der</span> <span class='ocrx_word' id='word_1_57' title='bbox 768 622 949 670; x_wconf 87' lang='lat' dir='ltr'>zweiten,</span> <span class='ocrx_word' id='word_1_58' title='bbox 987 620 1057 660; x_wconf 81' lang='lat' dir='ltr'>wie</span> <span class='ocrx_word' id='word_1_59' title='bbox 1087 620 1149 659; x_wconf 91' lang='lat' dir='ltr'>die</span> <span class='ocrx_word' id='word_1_60' title='bbox 1176 620 1304 659; x_wconf 85' lang='lat' dir='ltr'>codd.</span> <span class='ocrx_word' id='word_1_61' title='bbox 1339 621 1465 671; x_wconf 82' lang='lat' dir='ltr'>Regg.</span> <span class='ocrx_word' id='word_1_62' title='bbox 1500 621 1641 663; x_wconf 64' lang='lat' dir='ltr'>Pariss.</span> <span class='ocrx_word' id='word_1_63' title='bbox 1669 621 1729 670; x_wconf 74' lang='lat' dir='ltr'>H,</span> <span class='ocrx_word' id='word_1_64' title='bbox 1759 622 1799 668; x_wconf 89' lang='lat'>8,</span> 
     </span>
     <span class='ocr_line' id='line_1_7' title="bbox 259 688 1801 739; baseline -0.003 -9"><span class='ocrx_word' id='word_1_65' title='bbox 259 689 373 730; x_wconf 82' lang='lat'>7976</span> <span class='ocrx_word' id='word_1_66' title='bbox 396 690 472 727; x_wconf 89' lang='lat' dir='ltr'>und</span> <span class='ocrx_word' id='word_1_67' title='bbox 491 689 530 739; x_wconf 81' lang='lat' dir='ltr'>J,</span> <span class='ocrx_word' id='word_1_68' title='bbox 558 690 599 738; x_wconf 91' lang='lat'>9,</span> <span class='ocrx_word' id='word_1_69' title='bbox 618 690 743 737; x_wconf 85' lang='lat'>7977,</span> <span class='ocrx_word' id='word_1_70' title='bbox 774 690 871 728; x_wconf 92' lang='lat' dir='ltr'>Cod.</span> <span class='ocrx_word' id='word_1_71' title='bbox 894 688 1070 729; x_wconf 81' lang='lat' dir='ltr'>Ambros.</span> <span class='ocrx_word' id='word_1_72' title='bbox 1099 688 1146 734; x_wconf 82' lang='lat' dir='ltr'>R,</span> <span class='ocrx_word' id='word_1_73' title='bbox 1177 689 1228 729; x_wconf 88' lang='lat'>51</span> <span class='ocrx_word' id='word_1_74' title='bbox 1251 702 1288 726; x_wconf 91' lang='lat' dir='ltr'>u.</span> <span class='ocrx_word' id='word_1_75' title='bbox 1309 702 1341 726; x_wconf 89' lang='lat' dir='ltr'>s.</span> <span class='ocrx_word' id='word_1_76' title='bbox 1362 702 1407 727; x_wconf 86' lang='lat' dir='ltr'>w.</span> <span class='ocrx_word' id='word_1_77' title='bbox 1451 688 1524 727; x_wconf 87' lang='lat' dir='ltr'>Die</span> <span class='ocrx_word' id='word_1_78' title='bbox 1552 688 1801 727; x_wconf 78' lang='lat' dir='ltr'>Handsehrif-</span> 
     </span>
     <span class='ocr_line' id='line_1_8' title="bbox 258 754 1800 808; baseline -0.001 -13"><span class='ocrx_word' id='word_1_79' title='bbox 258 762 324 795; x_wconf 82' lang='lat' dir='ltr'>ten</span> <span class='ocrx_word' id='word_1_80' title='bbox 353 757 423 795; x_wconf 89' lang='lat' dir='ltr'>der</span> <span class='ocrx_word' id='word_1_81' title='bbox 452 758 608 808; x_wconf 67' lang='lat' dir='ltr'>spiitern</span> <span class='ocrx_word' id='word_1_82' title='bbox 636 757 933 807; x_wconf 86' lang='lat' dir='ltr'>Jahrhunderte,</span> <span class='ocrx_word' id='word_1_83' title='bbox 964 769 1009 794; x_wconf 91' lang='lat' dir='ltr'>so</span> <span class='ocrx_word' id='word_1_84' title='bbox 1037 757 1107 794; x_wconf 89' lang='lat' dir='ltr'>wie</span> <span class='ocrx_word' id='word_1_85' title='bbox 1136 757 1198 795; x_wconf 91' lang='lat' dir='ltr'>die</span> <span class='ocrx_word' id='word_1_86' title='bbox 1222 757 1322 796; x_wconf 87' lang='lat' dir='ltr'>alten</span> <span class='ocrx_word' id='word_1_87' title='bbox 1342 756 1496 796; x_wconf 88' lang='lat' dir='ltr'>Drucke</span> <span class='ocrx_word' id='word_1_88' title='bbox 1523 757 1660 807; x_wconf 87' lang='lat' dir='ltr'>hingen</span> <span class='ocrx_word' id='word_1_89' title='bbox 1691 754 1800 794; x_wconf 80' lang='lat' dir='ltr'>theils</span> 
     </span>
     <span class='ocr_line' id='line_1_9' title="bbox 257 823 1801 875; baseline -0.001 -13"><span class='ocrx_word' id='word_1_90' title='bbox 257 838 332 864; x_wconf 91' lang='lat' dir='ltr'>von</span> <span class='ocrx_word' id='word_1_91' title='bbox 361 825 467 863; x_wconf 87' lang='lat' dir='ltr'>ihren</span> <span class='ocrx_word' id='word_1_92' title='bbox 492 824 675 875; x_wconf 84' lang='lat' dir='ltr'>Quellen,</span> <span class='ocrx_word' id='word_1_93' title='bbox 714 825 824 864; x_wconf 87' lang='lat' dir='ltr'>theils</span> <span class='ocrx_word' id='word_1_94' title='bbox 854 838 930 863; x_wconf 87' lang='lat' dir='ltr'>von</span> <span class='ocrx_word' id='word_1_95' title='bbox 955 825 1063 863; x_wconf 90' lang='lat' dir='ltr'>ihren</span> <span class='ocrx_word' id='word_1_96' title='bbox 1088 824 1341 864; x_wconf 85' lang='lat' dir='ltr'>Correctoren</span> <span class='ocrx_word' id='word_1_97' title='bbox 1367 826 1414 863; x_wconf 88' lang='lat' dir='ltr'>ab</span> <span class='ocrx_word' id='word_1_98' title='bbox 1444 826 1521 864; x_wconf 89' lang='lat' dir='ltr'>und</span> <span class='ocrx_word' id='word_1_99' title='bbox 1549 837 1594 862; x_wconf 84' lang='lat' dir='ltr'>so</span> <span class='ocrx_word' id='word_1_100' title='bbox 1625 823 1709 862; x_wconf 80' lang='lat' dir='ltr'>ist&#39;s</span> <span class='ocrx_word' id='word_1_101' title='bbox 1734 837 1801 875; x_wconf 83' lang='lat' dir='ltr'>ge-</span> 
     </span>
     <span class='ocr_line' id='line_1_10' title="bbox 258 893 1801 944; baseline -0.001 -12"><span class='ocrx_word' id='word_1_102' title='bbox 258 895 458 943; x_wconf 83' lang='lat' dir='ltr'>kommen‚</span> <span class='ocrx_word' id='word_1_103' title='bbox 506 894 618 942; x_wconf 86' lang='lat' dir='ltr'>dass,</span> <span class='ocrx_word' id='word_1_104' title='bbox 656 895 833 932; x_wconf 67' lang='lat' dir='ltr'>wahrend</span> <span class='ocrx_word' id='word_1_105' title='bbox 865 895 955 944; x_wconf 87' lang='lat' dir='ltr'>jene</span> <span class='ocrx_word' id='word_1_106' title='bbox 991 893 1064 931; x_wconf 89' lang='lat' dir='ltr'>den</span> <span class='ocrx_word' id='word_1_107' title='bbox 1098 893 1150 933; x_wconf 82' lang='lat'>91</span> <span class='ocrx_word' id='word_1_108' title='bbox 1182 893 1280 931; x_wconf 90' lang='lat' dir='ltr'>Vers</span> <span class='ocrx_word' id='word_1_109' title='bbox 1326 895 1520 932; x_wconf 88' lang='lat' dir='ltr'>entweder</span> <span class='ocrx_word' id='word_1_110' title='bbox 1556 893 1801 943; x_wconf 83' lang='lat' dir='ltr'>ausgelassen</span> 
     </span>
     <span class='ocr_line' id='line_1_11' title="bbox 259 960 1800 1013; baseline 0 -15"><span class='ocrx_word' id='word_1_111' title='bbox 259 962 355 999; x_wconf 90' lang='lat' dir='ltr'>oder</span> <span class='ocrx_word' id='word_1_112' title='bbox 381 961 461 999; x_wconf 86' lang='lat' dir='ltr'>rein</span> <span class='ocrx_word' id='word_1_113' title='bbox 490 961 584 999; x_wconf 91' lang='lat' dir='ltr'>oder</span> <span class='ocrx_word' id='word_1_114' title='bbox 612 961 924 1013; x_wconf 86' lang='lat' dir='ltr'>beigeschrieben</span> <span class='ocrx_word' id='word_1_115' title='bbox 943 961 1139 1000; x_wconf 84' lang='lat' dir='ltr'>darbieten</span> <span class='ocrx_word' id='word_1_116' title='bbox 1154 990 1165 1007; x_wconf 92' lang='lat'><strong>‚</strong></span> <span class='ocrx_word' id='word_1_117' title='bbox 1193 962 1299 1000; x_wconf 90' lang='lat' dir='ltr'>diese</span> <span class='ocrx_word' id='word_1_118' title='bbox 1321 962 1496 1013; x_wconf 86' lang='lat' dir='ltr'>dagegen</span> <span class='ocrx_word' id='word_1_119' title='bbox 1516 962 1723 1000; x_wconf 87' lang='lat' dir='ltr'>denselben</span> <span class='ocrx_word' id='word_1_120' title='bbox 1745 960 1800 999; x_wconf 85' lang='lat' dir='ltr'>als</span> 
     </span>
     <span class='ocr_line' id='line_1_12' title="bbox 260 1029 1329 1081; baseline 0.001 -14"><span class='ocrx_word' id='word_1_121' title='bbox 260 1031 370 1068; x_wconf 88' lang='lat' dir='ltr'>einen</span> <span class='ocrx_word' id='word_1_122' title='bbox 400 1030 659 1068; x_wconf 89' lang='lat' dir='ltr'>Venusischen</span> <span class='ocrx_word' id='word_1_123' title='bbox 691 1030 852 1068; x_wconf 86' lang='lat' dir='ltr'>Gewinn</span> <span class='ocrx_word' id='word_1_124' title='bbox 878 1029 1131 1081; x_wconf 84' lang='lat' dir='ltr'>festgehalten</span> <span class='ocrx_word' id='word_1_125' title='bbox 1153 1029 1329 1072; x_wconf 78' lang='lat' dir='ltr'>haben.“</span> 
     </span>
    </p>

    <p class='ocr_par' dir='ltr' id='par_1_3' title="bbox 259 1098 1799 1287">
     <span class='ocr_line' id='line_1_13' title="bbox 374 1098 1799 1149; baseline -0.001 -14"><span class='ocrx_word' id='word_1_126' title='bbox 374 1098 438 1135; x_wconf 89' lang='lat' dir='ltr'>Sic</span> <span class='ocrx_word' id='word_1_127' title='bbox 467 1098 617 1148; x_wconf 90' lang='lat' dir='ltr'>quidem</span> <span class='ocrx_word' id='word_1_128' title='bbox 636 1098 718 1144; x_wconf 81' lang='lat' dir='ltr'>ille3</span> <span class='ocrx_word' id='word_1_129' title='bbox 745 1103 784 1136; x_wconf 86' lang='lat' dir='ltr'>at</span> <span class='ocrx_word' id='word_1_130' title='bbox 803 1112 878 1149; x_wconf 84' lang='lat' dir='ltr'>ego</span> <span class='ocrx_word' id='word_1_131' title='bbox 903 1098 1148 1147; x_wconf 83' lang='lat' dir='ltr'>crediderim,</span> <span class='ocrx_word' id='word_1_132' title='bbox 1182 1112 1331 1137; x_wconf 88' lang='lat' dir='ltr'>versum</span> <span class='ocrx_word' id='word_1_133' title='bbox 1359 1099 1396 1136; x_wconf 90' lang='lat' dir='ltr'>in</span> <span class='ocrx_word' id='word_1_134' title='bbox 1425 1099 1683 1148; x_wconf 84' lang='lat' dir='ltr'>antiquissimo</span> <span class='ocrx_word' id='word_1_135' title='bbox 1706 1110 1799 1149; x_wconf 82' lang='lat' dir='ltr'>quo·</span> 
     </span>
     <span class='ocr_line' id='line_1_14' title="bbox 259 1166 1799 1217; baseline -0.001 -13"><span class='ocrx_word' id='word_1_136' title='bbox 259 1168 347 1205; x_wconf 85' lang='lat' dir='ltr'>dam</span> <span class='ocrx_word' id='word_1_137' title='bbox 376 1167 507 1204; x_wconf 90' lang='lat' dir='ltr'>codice</span> <span class='ocrx_word' id='word_1_138' title='bbox 534 1178 625 1205; x_wconf 88' lang='lat' dir='ltr'>casu</span> <span class='ocrx_word' id='word_1_139' title='bbox 646 1167 827 1205; x_wconf 91' lang='lat' dir='ltr'>omissum</span> <span class='ocrx_word' id='word_1_140' title='bbox 853 1166 892 1204; x_wconf 90' lang='lat' dir='ltr'>in</span> <span class='ocrx_word' id='word_1_141' title='bbox 916 1166 1053 1204; x_wconf 89' lang='lat' dir='ltr'>ceteris</span> <span class='ocrx_word' id='word_1_142' title='bbox 1075 1166 1247 1217; x_wconf 91' lang='lat' dir='ltr'>ejusdem</span> <span class='ocrx_word' id='word_1_143' title='bbox 1275 1166 1436 1204; x_wconf 86' lang='lat' dir='ltr'>familiae</span> <span class='ocrx_word' id='word_1_144' title='bbox 1460 1167 1603 1217; x_wconf 87' lang='lat' dir='ltr'>pariter</span> <span class='ocrx_word' id='word_1_145' title='bbox 1626 1166 1799 1204; x_wconf 84' lang='lat' dir='ltr'>excidere</span> 
     </span>
     <span class='ocr_line' id='line_1_15' title="bbox 260 1235 488 1287; baseline 0.004 -15"><span class='ocrx_word' id='word_1_146' title='bbox 260 1235 488 1287; x_wconf 83' lang='lat' dir='ltr'>oportuisse.</span> 
     </span>
    </p>
   </div>
   <div class='ocr_carea' id='block_1_3' title="bbox 774 1576 1289 1670">
    <p class='ocr_par' dir='ltr' id='par_1_4' title="bbox 774 1576 1289 1670">
     <span class='ocr_line' id='line_1_16' title="bbox 774 1576 1289 1670; baseline 0.002 -16"><span class='ocrx_word' id='word_1_147' title='bbox 774 1576 999 1655; x_wconf 59' lang='lat' dir='ltr'>Ercursus</span> <span class='ocrx_word' id='word_1_148' title='bbox 1037 1609 1095 1656; x_wconf 80' lang='lat' dir='ltr'>ad</span> <span class='ocrx_word' id='word_1_149' title='bbox 1128 1624 1168 1656; x_wconf 87' lang='lat' dir='ltr'>v.</span> <span class='ocrx_word' id='word_1_150' title='bbox 1205 1609 1289 1670; x_wconf 81' lang='lat'>91,</span> 
     </span>
    </p>
   </div>
   <div class='ocr_carea' id='block_1_4' title="bbox 486 1723 1579 1770">
    <p class='ocr_par' dir='ltr' id='par_1_5' title="bbox 486 1723 1579 1770">
     <span class='ocr_line' id='line_1_17' title="bbox 486 1723 1579 1770; baseline 0.002 -11"><span class='ocrx_word' id='word_1_151' title='bbox 486 1723 532 1760; x_wconf 88' lang='lat' dir='ltr'>ab</span> <span class='ocrx_word' id='word_1_152' title='bbox 554 1725 600 1759; x_wconf 83' lang='lat' dir='ltr'>H.</span> <span class='ocrx_word' id='word_1_153' title='bbox 621 1725 690 1760; x_wconf 82' lang='lat' dir='ltr'>Ed.</span> <span class='ocrx_word' id='word_1_154' title='bbox 708 1724 849 1770; x_wconf 75' lang='lat' dir='ltr'>Fossio,</span> <span class='ocrx_word' id='word_1_155' title='bbox 870 1726 914 1759; x_wconf 89' lang='lat' dir='ltr'>V.</span> <span class='ocrx_word' id='word_1_156' title='bbox 937 1725 1016 1770; x_wconf 79' lang='lat' dir='ltr'>CL,</span> <span class='ocrx_word' id='word_1_157' title='bbox 1036 1736 1112 1760; x_wconf 87' lang='lat' dir='ltr'>cum</span> <span class='ocrx_word' id='word_1_158' title='bbox 1133 1725 1274 1761; x_wconf 78' lang='lat' dir='ltr'>editore</span> <span class='ocrx_word' id='word_1_159' title='bbox 1293 1726 1579 1761; x_wconf 71' lang='lat' dir='ltr'>communicatus.</span> 
     </span>
    </p>
   </div>
   <div class='ocr_carea' id='block_1_5' title="bbox 258 1847 1797 2444">
    <p class='ocr_par' dir='ltr' id='par_1_6' title="bbox 370 1847 1302 1898">
     <span class='ocr_line' id='line_1_18' title="bbox 370 1847 1302 1898; baseline 0.002 -15"><span class='ocrx_word' id='word_1_160' title='bbox 370 1847 583 1896; x_wconf 62' lang='lat' dir='ltr'>„Quamvis</span> <span class='ocrx_word' id='word_1_161' title='bbox 612 1848 760 1897; x_wconf 82' lang='lat' dir='ltr'>magnis</span> <span class='ocrx_word' id='word_1_162' title='bbox 788 1847 950 1898; x_wconf 84' lang='lat' dir='ltr'>ingeniis</span> <span class='ocrx_word' id='word_1_163' title='bbox 978 1847 1162 1898; x_wconf 86' lang='lat' dir='ltr'>probetur</span> <span class='ocrx_word' id='word_1_164' title='bbox 1189 1848 1302 1886; x_wconf 89' lang='lat' dir='ltr'>lectio</span> 
     </span>
    </p>

    <p class='ocr_par' dir='ltr' id='par_1_7' title="bbox 258 1905 1796 2103">
     <span class='ocr_line' id='line_1_19' title="bbox 478 1905 1277 1967; baseline 0.003 -16"><span class='ocrx_word' id='word_1_165' title='bbox 478 1915 641 1951; x_wconf 72' lang='lat' dir='ltr'>Potores</span> <span class='ocrx_word' id='word_1_166' title='bbox 659 1905 846 1964; x_wconf 58' lang='lat' dir='ltr'>porrecte</span> <span class='ocrx_word' id='word_1_167' title='bbox 874 1923 1085 1967; x_wconf 78' lang='lat' dir='ltr'>negantem</span> <span class='ocrx_word' id='word_1_168' title='bbox 1106 1915 1277 1967; x_wconf 83' lang='lat' dir='ltr'>pocula,</span> 
     </span>
     <span class='ocr_line' id='line_1_20' title="bbox 259 1981 1796 2034; baseline 0.001 -13"><span class='ocrx_word' id='word_1_169' title='bbox 259 1987 298 2022; x_wconf 93' lang='lat' dir='ltr'>et</span> <span class='ocrx_word' id='word_1_170' title='bbox 327 1983 567 2033; x_wconf 86' lang='lat' dir='ltr'>quantumvis</span> <span class='ocrx_word' id='word_1_171' title='bbox 599 1981 813 2020; x_wconf 76' lang='lat' dir='ltr'>blandiatur</span> <span class='ocrx_word' id='word_1_172' title='bbox 844 1984 1004 2034; x_wconf 83' lang='lat' dir='ltr'>primum</span> <span class='ocrx_word' id='word_1_173' title='bbox 1040 1984 1218 2028; x_wconf 86' lang='lat' dir='ltr'>intuenti,</span> <span class='ocrx_word' id='word_1_174' title='bbox 1257 1995 1369 2032; x_wconf 92' lang='lat' dir='ltr'>quum</span> <span class='ocrx_word' id='word_1_175' title='bbox 1405 1983 1576 2034; x_wconf 82' lang='lat' dir='ltr'>exempla</span> <span class='ocrx_word' id='word_1_176' title='bbox 1604 1984 1679 2023; x_wconf 88' lang='lat' dir='ltr'>duo</span> <span class='ocrx_word' id='word_1_177' title='bbox 1706 1985 1796 2023; x_wconf 86' lang='lat' dir='ltr'>sim-</span> 
     </span>
     <span class='ocr_line' id='line_1_21' title="bbox 258 2051 1060 2103; baseline -0.002 -13"><span class='ocrx_word' id='word_1_178' title='bbox 258 2052 464 2103; x_wconf 89' lang='lat' dir='ltr'>plicissime</span> <span class='ocrx_word' id='word_1_179' title='bbox 494 2062 675 2101; x_wconf 86' lang='lat' dir='ltr'>expressa</span> <span class='ocrx_word' id='word_1_180' title='bbox 700 2051 928 2089; x_wconf 83' lang='lat' dir='ltr'>antecedant</span> <span class='ocrx_word' id='word_1_181' title='bbox 948 2051 1060 2088; x_wconf 85' lang='lat' dir='ltr'>haec:</span> 
     </span>
    </p>

    <p class='ocr_par' dir='ltr' id='par_1_8' title="bbox 483 2116 1422 2169">
     <span class='ocr_line' id='line_1_22' title="bbox 483 2116 1422 2169; baseline -0.001 -13"><span class='ocrx_word' id='word_1_182' title='bbox 483 2118 664 2156; x_wconf 81' lang='lat' dir='ltr'>Oderunt</span> <span class='ocrx_word' id='word_1_183' title='bbox 690 2116 860 2155; x_wconf 75' lang='lat' dir='ltr'>hilarem</span> <span class='ocrx_word' id='word_1_184' title='bbox 881 2119 1008 2155; x_wconf 73' lang='lat' dir='ltr'>tristes</span> <span class='ocrx_word' id='word_1_185' title='bbox 1035 2118 1262 2169; x_wconf 75' lang='lat' dir='ltr'>tristemque</span> <span class='ocrx_word' id='word_1_186' title='bbox 1285 2120 1422 2165; x_wconf 77' lang='lat' dir='ltr'>iocosi,</span> 
     </span>
    </p>

    <p class='ocr_par' dir='ltr' id='par_1_9' title="bbox 258 2185 1797 2444">
     <span class='ocr_line' id='line_1_23' title="bbox 484 2185 1502 2238; baseline -0.001 -13"><span class='ocrx_word' id='word_1_187' title='bbox 484 2187 679 2225; x_wconf 81' lang='lat' dir='ltr'>Sedatum</span> <span class='ocrx_word' id='word_1_188' title='bbox 704 2185 846 2224; x_wconf 77' lang='lat' dir='ltr'>celeres</span> <span class='ocrx_word' id='word_1_189' title='bbox 854 2214 871 2233; x_wconf 89' lang='lat'>,</span> <span class='ocrx_word' id='word_1_190' title='bbox 899 2185 1049 2238; x_wconf 75' lang='lat' dir='ltr'>agilem</span> <span class='ocrx_word' id='word_1_191' title='bbox 1077 2199 1305 2238; x_wconf 80' lang='lat' dir='ltr'>navumque</span> <span class='ocrx_word' id='word_1_192' title='bbox 1331 2189 1502 2233; x_wconf 76' lang='lat' dir='ltr'>remissi,</span> 
     </span>
     <span class='ocr_line' id='line_1_24' title="bbox 258 2255 1796 2306; baseline -0.003 -9"><span class='ocrx_word' id='word_1_193' title='bbox 258 2257 360 2298; x_wconf 88' lang='lat' dir='ltr'>nullo</span> <span class='ocrx_word' id='word_1_194' title='bbox 388 2260 517 2296; x_wconf 82' lang='lat' dir='ltr'>tamen</span> <span class='ocrx_word' id='word_1_195' title='bbox 543 2255 656 2294; x_wconf 86' lang='lat' dir='ltr'>modo</span> <span class='ocrx_word' id='word_1_196' title='bbox 685 2255 917 2306; x_wconf 85' lang='lat' dir='ltr'>persuadere</span> <span class='ocrx_word' id='word_1_197' title='bbox 945 2255 1033 2294; x_wconf 88' lang='lat' dir='ltr'>mihi</span> <span class='ocrx_word' id='word_1_198' title='bbox 1061 2266 1240 2306; x_wconf 87' lang='lat' dir='ltr'>possum,</span> <span class='ocrx_word' id='word_1_199' title='bbox 1267 2268 1395 2294; x_wconf 85' lang='lat' dir='ltr'>veram</span> <span class='ocrx_word' id='word_1_200' title='bbox 1416 2255 1514 2294; x_wconf 82' lang='lat' dir='ltr'>illam</span> <span class='ocrx_word' id='word_1_201' title='bbox 1541 2267 1650 2304; x_wconf 85' lang='lat' dir='ltr'>esse,</span> <span class='ocrx_word' id='word_1_202' title='bbox 1682 2267 1796 2305; x_wconf 88' lang='lat' dir='ltr'>quum</span> 
     </span>
     <span class='ocr_line' id='line_1_25' title="bbox 258 2321 1796 2377; baseline -0.003 -13"><span class='ocrx_word' id='word_1_203' title='bbox 258 2339 382 2377; x_wconf 92' lang='lat' dir='ltr'>neque</span> <span class='ocrx_word' id='word_1_204' title='bbox 412 2325 505 2362; x_wconf 85' lang='lat' dir='ltr'>satis</span> <span class='ocrx_word' id='word_1_205' title='bbox 535 2321 712 2375; x_wconf 85' lang='lat' dir='ltr'>gravibus</span> <span class='ocrx_word' id='word_1_206' title='bbox 739 2324 969 2374; x_wconf 83' lang='lat' dir='ltr'>argumentis</span> <span class='ocrx_word' id='word_1_207' title='bbox 998 2337 1019 2363; x_wconf 88' lang='lat' dir='ltr'>e</span> <span class='ocrx_word' id='word_1_208' title='bbox 1055 2335 1096 2362; x_wconf 84' lang='lat' dir='ltr'>re</span> <span class='ocrx_word' id='word_1_209' title='bbox 1124 2324 1209 2374; x_wconf 87' lang='lat' dir='ltr'>ipsa</span> <span class='ocrx_word' id='word_1_210' title='bbox 1235 2324 1366 2374; x_wconf 86' lang='lat' dir='ltr'>petitis</span> <span class='ocrx_word' id='word_1_211' title='bbox 1402 2323 1541 2362; x_wconf 83' lang='lat' dir='ltr'>firmati</span> <span class='ocrx_word' id='word_1_212' title='bbox 1576 2323 1701 2375; x_wconf 83' lang='lat' dir='ltr'>possit</span> <span class='ocrx_word' id='word_1_213' title='bbox 1727 2335 1796 2360; x_wconf 87' lang='lat' dir='ltr'>ne-</span> 
     </span>
     <span class='ocr_line' id='line_1_26' title="bbox 259 2390 1797 2444; baseline -0.003 -12"><span class='ocrx_word' id='word_1_214' title='bbox 259 2407 333 2444; x_wconf 91' lang='lat' dir='ltr'>que</span> <span class='ocrx_word' id='word_1_215' title='bbox 363 2394 531 2431; x_wconf 83' lang='lat' dir='ltr'>codicum</span> <span class='ocrx_word' id='word_1_216' title='bbox 561 2392 703 2430; x_wconf 84' lang='lat' dir='ltr'>nitatur</span> <span class='ocrx_word' id='word_1_217' title='bbox 737 2392 977 2430; x_wconf 78' lang='lat' dir='ltr'>auctoritate.</span> <span class='ocrx_word' id='word_1_218' title='bbox 1020 2390 1144 2442; x_wconf 81' lang='lat' dir='ltr'>Nam,</span> <span class='ocrx_word' id='word_1_219' title='bbox 1182 2396 1223 2430; x_wconf 92' lang='lat' dir='ltr'>ut</span> <span class='ocrx_word' id='word_1_220' title='bbox 1252 2404 1275 2429; x_wconf 87' lang='lat' dir='ltr'>a</span> <span class='ocrx_word' id='word_1_221' title='bbox 1305 2391 1495 2430; x_wconf 88' lang='lat' dir='ltr'>codicibus</span> <span class='ocrx_word' id='word_1_222' title='bbox 1522 2391 1718 2441; x_wconf 73' lang='lat' dir='ltr'>exordiar,</span> <span class='ocrx_word' id='word_1_223' title='bbox 1758 2392 1797 2429; x_wconf 89' lang='lat' dir='ltr'>in</span> 
     </span>
    </p>
   </div>
   <div class='ocr_carea' id='block_1_6' title="bbox 258 2458 1876 2580">
    <p class='ocr_par' dir='ltr' id='par_1_10' title="bbox 258 2458 1876 2580">
     <span class='ocr_line' id='line_1_27' title="bbox 258 2458 1875 2512; baseline -0.001 -13"><span class='ocrx_word' id='word_1_224' title='bbox 258 2462 447 2500; x_wconf 90' lang='lat' dir='ltr'>nonnullis</span> <span class='ocrx_word' id='word_1_225' title='bbox 485 2461 637 2512; x_wconf 88' lang='lat' dir='ltr'>quidem</span> <span class='ocrx_word' id='word_1_226' title='bbox 672 2466 712 2497; x_wconf 80' lang='lat' dir='ltr'>et</span> <span class='ocrx_word' id='word_1_227' title='bbox 748 2458 861 2498; x_wconf 89' lang='lat' dir='ltr'>bonis</span> <span class='ocrx_word' id='word_1_228' title='bbox 893 2460 1021 2510; x_wconf 83' lang='lat' dir='ltr'>libris,</span> <span class='ocrx_word' id='word_1_229' title='bbox 1063 2472 1159 2511; x_wconf 92' lang='lat' dir='ltr'>quos</span> <span class='ocrx_word' id='word_1_230' title='bbox 1193 2461 1295 2512; x_wconf 90' lang='lat' dir='ltr'>apud</span> <span class='ocrx_word' id='word_1_231' title='bbox 1323 2459 1505 2498; x_wconf 88' lang='lat' dir='ltr'>Orellium</span> <span class='ocrx_word' id='word_1_232' title='bbox 1533 2460 1662 2499; x_wconf 84' lang='lat' dir='ltr'>videre</span> <span class='ocrx_word' id='word_1_233' title='bbox 1695 2460 1797 2510; x_wconf 81' lang='lat' dir='ltr'>licet,</span> <span class='ocrx_word' id='word_1_234' title='bbox 1874 2463 1875 2467; x_wconf 76' lang='grc'>’</span> 
     </span>
     <span class='ocr_line' id='line_1_28' title="bbox 260 2527 1876 2580; baseline -0.001 -14"><span class='ocrx_word' id='word_1_235' title='bbox 260 2543 391 2568; x_wconf 89' lang='lat' dir='ltr'>versus</span> <span class='ocrx_word' id='word_1_236' title='bbox 427 2530 480 2570; x_wconf 89' lang='grc'>91</span> <span class='ocrx_word' id='word_1_237' title='bbox 510 2530 647 2576; x_wconf 87' lang='lat' dir='ltr'>deest;.</span> <span class='ocrx_word' id='word_1_238' title='bbox 680 2534 721 2568; x_wconf 87' lang='lat' dir='ltr'>at</span> <span class='ocrx_word' id='word_1_239' title='bbox 755 2529 868 2580; x_wconf 85' lang='lat' dir='ltr'>quid,</span> <span class='ocrx_word' id='word_1_240' title='bbox 893 2541 1069 2579; x_wconf 62' lang='lat' dir='ltr'>quaeso,</span> <span class='ocrx_word' id='word_1_241' title='bbox 1105 2528 1192 2566; x_wconf 90' lang='lat' dir='ltr'>inde</span> <span class='ocrx_word' id='word_1_242' title='bbox 1229 2527 1445 2579; x_wconf 70' lang='lat' dir='ltr'>colligitur?</span> <span class='ocrx_word' id='word_1_243' title='bbox 1487 2527 1578 2566; x_wconf 86' lang='lat' dir='ltr'>nihil</span> <span class='ocrx_word' id='word_1_244' title='bbox 1608 2527 1796 2579; x_wconf 80' lang='lat' dir='ltr'>profecto,</span> <span class='ocrx_word' id='word_1_245' title='bbox 1874 2554 1876 2559; x_wconf 70' lang='lat'>,</span> 
     </span>
    </p>
   </div>
   <div class='ocr_carea' id='block_1_7' title="bbox 260 2596 1796 2853">
    <p class='ocr_par' dir='ltr' id='par_1_11' title="bbox 260 2596 1796 2853">
     <span class='ocr_line' id='line_1_29' title="bbox 260 2596 1795 2650; baseline 0 -17"><span class='ocrx_word' id='word_1_246' title='bbox 260 2598 331 2634; x_wconf 90' lang='lat' dir='ltr'>nisi</span> <span class='ocrx_word' id='word_1_247' title='bbox 359 2597 549 2636; x_wconf 87' lang='lat' dir='ltr'>librarium</span> <span class='ocrx_word' id='word_1_248' title='bbox 579 2599 742 2650; x_wconf 86' lang='lat' dir='ltr'>aliquem</span> <span class='ocrx_word' id='word_1_249' title='bbox 775 2599 817 2637; x_wconf 87' lang='lat' dir='ltr'>in</span> <span class='ocrx_word' id='word_1_250' title='bbox 840 2597 1090 2636; x_wconf 85' lang='lat' dir='ltr'>describendo</span> <span class='ocrx_word' id='word_1_251' title='bbox 1123 2596 1319 2635; x_wconf 77' lang='lat' dir='ltr'>oscitasse.</span> <span class='ocrx_word' id='word_1_252' title='bbox 1368 2597 1469 2635; x_wconf 88' lang='lat' dir='ltr'>Nam</span> <span class='ocrx_word' id='word_1_253' title='bbox 1505 2609 1620 2646; x_wconf 89' lang='lat' dir='ltr'>quum</span> <span class='ocrx_word' id='word_1_254' title='bbox 1657 2596 1795 2635; x_wconf 75' lang='lat' dir='ltr'>omisso</span> 
     </span>
     <span class='ocr_line' id='line_1_30' title="bbox 260 2662 1796 2717; baseline 0 -17"><span class='ocrx_word' id='word_1_255' title='bbox 260 2676 371 2702; x_wconf 87' lang='lat' dir='ltr'>versu</span> <span class='ocrx_word' id='word_1_256' title='bbox 401 2666 455 2706; x_wconf 90' lang='lat'>91</span> <span class='ocrx_word' id='word_1_257' title='bbox 485 2667 629 2717; x_wconf 88' lang='lat' dir='ltr'>reliqua</span> <span class='ocrx_word' id='word_1_258' title='bbox 659 2667 775 2705; x_wconf 86' lang='lat' dir='ltr'>verba</span> <span class='ocrx_word' id='word_1_259' title='bbox 811 2665 982 2705; x_wconf 90' lang='lat' dir='ltr'>subiecto</span> <span class='ocrx_word' id='word_1_260' title='bbox 1022 2677 1180 2716; x_wconf 87' lang='lat' dir='ltr'>eamque</span> <span class='ocrx_word' id='word_1_261' title='bbox 1209 2665 1258 2703; x_wconf 94' lang='lat' dir='ltr'>ob</span> <span class='ocrx_word' id='word_1_262' title='bbox 1288 2678 1439 2703; x_wconf 85' lang='lat' dir='ltr'>causam</span> <span class='ocrx_word' id='word_1_263' title='bbox 1475 2663 1664 2703; x_wconf 58' lang='lat' dir='ltr'>sententia</span> <span class='ocrx_word' id='word_1_264' title='bbox 1685 2662 1796 2715; x_wconf 76' lang='lat' dir='ltr'>plane</span> 
     </span>
     <span class='ocr_line' id='line_1_31' title="bbox 262 2731 1795 2784; baseline 0.001 -17"><span class='ocrx_word' id='word_1_265' title='bbox 262 2738 436 2781; x_wconf 84' lang='lat' dir='ltr'>careant,</span> <span class='ocrx_word' id='word_1_266' title='bbox 476 2735 718 2774; x_wconf 85' lang='lat' dir='ltr'>manifestum</span> <span class='ocrx_word' id='word_1_267' title='bbox 751 2738 831 2784; x_wconf 84' lang='lat' dir='ltr'>est,</span> <span class='ocrx_word' id='word_1_268' title='bbox 872 2733 1031 2772; x_wconf 89' lang='lat' dir='ltr'>subesse</span> <span class='ocrx_word' id='word_1_269' title='bbox 1064 2746 1241 2772; x_wconf 87' lang='lat' dir='ltr'>errorem.</span> <span class='ocrx_word' id='word_1_270' title='bbox 1300 2733 1384 2771; x_wconf 88' lang='lat' dir='ltr'>Jam</span> <span class='ocrx_word' id='word_1_271' title='bbox 1423 2731 1697 2783; x_wconf 71' lang='lat' dir='ltr'>simplicissima</span> <span class='ocrx_word' id='word_1_272' title='bbox 1733 2742 1795 2768; x_wconf 79' lang='lat' dir='ltr'>res</span> 
     </span>
     <span class='ocr_line' id='line_1_32' title="bbox 262 2797 1795 2853; baseline 0 -19"><span class='ocrx_word' id='word_1_273' title='bbox 262 2803 342 2847; x_wconf 86' lang='lat' dir='ltr'>est,</span> <span class='ocrx_word' id='word_1_274' title='bbox 375 2802 407 2837; x_wconf 90' lang='lat' dir='ltr'>si</span> <span class='ocrx_word' id='word_1_275' title='bbox 437 2803 657 2853; x_wconf 81' lang='lat' dir='ltr'>statuimus,</span> <span class='ocrx_word' id='word_1_276' title='bbox 683 2803 722 2840; x_wconf 89' lang='lat' dir='ltr'>in</span> <span class='ocrx_word' id='word_1_277' title='bbox 746 2816 820 2843; x_wconf 91' lang='lat' dir='ltr'>uno</span> <span class='ocrx_word' id='word_1_278' title='bbox 849 2802 1052 2852; x_wconf 84' lang='lat' dir='ltr'>aliquando</span> <span class='ocrx_word' id='word_1_279' title='bbox 1082 2801 1214 2839; x_wconf 90' lang='lat' dir='ltr'>codice</span> <span class='ocrx_word' id='word_1_280' title='bbox 1239 2801 1379 2839; x_wconf 85' lang='lat' dir='ltr'>librarii</span> <span class='ocrx_word' id='word_1_281' title='bbox 1401 2797 1630 2852; x_wconf 53' lang='lat' dir='ltr'>negligenti&amp;</span> <span class='ocrx_word' id='word_1_282' title='bbox 1646 2808 1795 2835; x_wconf 84' lang='lat' dir='ltr'>versum</span> 
     </span>
    </p>
   </div>
   <div class='ocr_carea' id='block_1_8' title="bbox 1864 1516 1910 2978">
    <p class='ocr_par' dir='ltr' id='par_1_12' title="bbox 1864 1516 1910 2978">
     <span class='ocr_line' id='line_1_33' title="bbox 1864 1516 1910 2978; baseline 0 0"><span class='ocrx_word' id='word_1_283' title='bbox 1864 1516 1910 2978; x_wconf 95' lang='lat' dir='ltr'> </span> 
     </span>
    </p>
   </div>
   <div class='ocr_carea' id='block_1_9' title="bbox 262 2863 1873 2921">
    <p class='ocr_par' dir='ltr' id='par_1_13' title="bbox 262 2863 1873 2921">
     <span class='ocr_line' id='line_1_34' title="bbox 262 2863 1873 2921; baseline -0.002 -17"><span class='ocrx_word' id='word_1_284' title='bbox 262 2865 314 2904; x_wconf 90' lang='lat'>91</span> <span class='ocrx_word' id='word_1_285' title='bbox 347 2868 586 2908; x_wconf 85' lang='lat' dir='ltr'>intercidisse</span> <span class='ocrx_word' id='word_1_286' title='bbox 614 2883 659 2908; x_wconf 87' lang='lat' dir='ltr'>ex</span> <span class='ocrx_word' id='word_1_287' title='bbox 691 2883 814 2921; x_wconf 87' lang='lat' dir='ltr'>eoque</span> <span class='ocrx_word' id='word_1_288' title='bbox 839 2871 967 2909; x_wconf 89' lang='lat' dir='ltr'>codice</span> <span class='ocrx_word' id='word_1_289' title='bbox 989 2871 1073 2909; x_wconf 89' lang='lat' dir='ltr'>illos</span> <span class='ocrx_word' id='word_1_290' title='bbox 1096 2870 1272 2918; x_wconf 85' lang='lat' dir='ltr'>fluxisse,</span> <span class='ocrx_word' id='word_1_291' title='bbox 1302 2869 1341 2906; x_wconf 89' lang='lat' dir='ltr'>in</span> <span class='ocrx_word' id='word_1_292' title='bbox 1366 2869 1501 2918; x_wconf 87' lang='lat' dir='ltr'>quibus</span> <span class='ocrx_word' id='word_1_293' title='bbox 1521 2878 1620 2905; x_wconf 89' lang='lat' dir='ltr'>nunc</span> <span class='ocrx_word' id='word_1_294' title='bbox 1641 2863 1702 2902; x_wconf 89' lang='lat' dir='ltr'>ille</span> <span class='ocrx_word' id='word_1_295' title='bbox 1728 2864 1794 2902; x_wconf 89' lang='lat' dir='ltr'>de-</span> <span class='ocrx_word' id='word_1_296' title='bbox 1872 2871 1873 2874; x_wconf 76' lang='grc'>’</span> 
     </span>
    </p>
   </div>
   <div class='ocr_carea' id='block_1_10' title="bbox 261 2931 1794 2988">
    <p class='ocr_par' dir='ltr' id='par_1_14' title="bbox 261 2931 1794 2988">
     <span class='ocr_line' id='line_1_35' title="bbox 261 2931 1794 2988; baseline -0.008 -6"><span class='ocrx_word' id='word_1_297' title='bbox 261 2936 341 2981; x_wconf 81' lang='lat' dir='ltr'>est,</span> <span class='ocrx_word' id='word_1_298' title='bbox 371 2937 596 2984; x_wconf 83' lang='lat' dir='ltr'>praesertim</span> <span class='ocrx_word' id='word_1_299' title='bbox 623 2951 738 2988; x_wconf 89' lang='lat' dir='ltr'>quum</span> <span class='ocrx_word' id='word_1_300' title='bbox 767 2951 899 2977; x_wconf 84' lang='lat' dir='ltr'>omnes</span> <span class='ocrx_word' id='word_1_301' title='bbox 927 2938 1010 2976; x_wconf 89' lang='lat' dir='ltr'>libri</span> <span class='ocrx_word' id='word_1_302' title='bbox 1036 2952 1135 2977; x_wconf 92' lang='lat' dir='ltr'>nunc</span> <span class='ocrx_word' id='word_1_303' title='bbox 1159 2938 1310 2988; x_wconf 85' lang='lat' dir='ltr'>quidem</span> <span class='ocrx_word' id='word_1_304' title='bbox 1331 2937 1412 2974; x_wconf 87' lang='lat' dir='ltr'>noti</span> <span class='ocrx_word' id='word_1_305' title='bbox 1429 2938 1543 2984; x_wconf 84' lang='lat' dir='ltr'>atque</span> <span class='ocrx_word' id='word_1_306' title='bbox 1568 2932 1679 2971; x_wconf 83' lang='lat' dir='ltr'>etiam</span> <span class='ocrx_word' id='word_1_307' title='bbox 1701 2931 1794 2970; x_wconf 86' lang='lat' dir='ltr'>Por-</span> 
     </span>
    </p>
   </div>
  </div>
 </body>
</html>
