1910 3138
124 145 208 187 199
272 143 550 186 eoum:
576 143 631 183 ΙΝ
658 144 782 183 HOR.
808 142 907 182 LIB.
928 143 957 183 1.
1000 141 1166 182 EPIST.
1191 143 1495 185 mensuum.
1559 140 1645 184 547

121 256 301 297 lavinia
321 257 395 308 qui
417 263 550 295 servat
559 283 576 302 ‚
611 256 716 294 idem
733 255 839 306 facit
864 255 1082 302 occidenti,
1119 257 1177 295 cui
1204 258 1290 296 voci
1318 257 1533 309 obloquitur
1560 256 1647 308 phi-

121 323 301 377 losophus
318 324 468 367 Seneca
495 325 545 363 de
566 324 699 363 Benef.
721 325 762 373 2,
786 322 851 365 14.
874 322 1191 375 pulcherrimum
1208 339 1309 376 opus
1332 332 1390 364 eet
1401 353 1418 372 ,
1443 325 1563 363 etcum
1578 325 1647 369 ia-

122 391 223 437 νίφε
241 391 493 444 nolentesque
519 405 687 433 servare.

231 459 280 499 V.
312 461 379 501 17.
411 461 475 502 18.
516 461 610 498 Hoc
643 471 799 512 quoque
832 480 889 487 -—
916 457 1038 496 balba
1063 466 1251 498 senectm.
1305 461 1429 506 Quum
1455 463 1647 510 postrema

122 525 238 579 yerba
260 526 416 566 verbum
442 535 553 566 aetas
585 540 620 570 v,
654 528 719 568 10.
757 526 983 577 respiciant,
1021 528 1209 566 sententia
1238 530 1317 566 est:
1357 528 1472 576 „Hoc
1498 539 1647 579 quoque

118 593 189 632 tibi
215 594 425 646 impendet,
462 601 503 634 ut
538 596 576 634 in
605 595 745 633 scholis
778 606 917 644 pueros
953 592 1216 633 elementarios
1254 595 1426 633 docendo
1464 607 1647 635 comene-

121 662 302 723 εωξ*).“
342 662 427 701 Hoc
446 662 532 701 libri
559 662 748 711 officium,
777 674 853 711 quo
876 661 1016 711 „quasi
1042 662 1124 713 ipse
1142 675 1281 713 pueros
1303 662 1490 701 elementa
1514 663 1649 704 doctu-

119 729 216 768 rus“
245 728 404 779 dicitur,
433 728 665 767 scholiastae
688 742 840 779 quoque
865 729 1125 768 observarunt.
1172 729 1272 767 Sunt
1295 734 1445 779 tamen,
1469 730 1532 781 qui
1549 729 1649 776 illam

119 797 384 850 προσωποΐαν
402 800 687 836 contemnentes
715 807 874 846 „senem
898 796 1161 847 paedagogum
1186 801 1312 836 aetate
1335 798 1413 848 jam
1439 796 1650 836 balbutien-

121 866 227 904 tem“
254 864 490 914 intelligant,
527 864 568 902 in
599 876 676 914 quo
703 864 948 914 interpretum
975 876 1130 902 numero
1164 865 1276 902 etiam
1309 864 1583 903 Weichermm
1609 868 1650 903 et

121 931 374 971 Diintzmam
398 945 486 971 esse
510 944 602 970 cane
629 932 758 970 miror.
803 929 871 969 Ille
899 931 1050 981 quidem
1076 931 1171 969 haec
1200 928 1368 985 διλὸγως
1401 933 1583 972 sumenda
1609 937 1649 971 et

119 1000 300 1040 scribom·
328 999 491 1039 Horatio
529 998 769 1037 obversatum
797 1010 885 1036 esse
915 998 1089 1049 opinatur
1116 1012 1225 1038 suum
1253 1001 1496 1050 magistrum,
1533 999 1650 1038 Orbi-

119 1068 211 1109 lium
235 1068 336 1107 illum
363 1068 562 1119 plagosum
585 1071 625 1105 et
652 1079 850 1118 persenem
877 1066 1016 1104 sactum
1049 1066 1133 1107 coll.
1162 1067 1320 1107 Sueton.
1350 1067 1399 1104 de
1425 1067 1562 1106 Illustr.
1589 1080 1650 1118 gr.

120 1136 163 1176 9.
207 1137 451 1188 Quapropter
482 1146 520 1173 v.
561 1133 683 1172 balba
710 1139 886 1170 senectus
918 1124 1060 1172 mavult
1095 1135 1144 1172 ad
1179 1134 1323 1173 vetulos
1357 1136 1558 1185 magistros
1586 1147 1651 1173 re-

120 1204 238 1255 ferri,
278 1204 346 1255 qui
378 1216 572 1254 occupare
605 1202 777 1240 dicantur
811 1200 945 1240 librum
973 1201 1010 1242 h.
1041 1215 1074 1240 e.
1103 1203 1142 1240 in
1171 1216 1277 1240 suum
1305 1216 1414 1240 usum
1446 1206 1533 1240 ante
1556 1213 1650 1240 cou-

119 1277 289 1321 vertere,
327 1285 441 1323 quam
467 1269 746 1323 opistogruphis
774 1281 842 1306 seu
870 1271 1046 1308 mercium
1082 1270 1280 1308 involucris
1312 1270 1533 1308 adhibeatur
1562 1267 1648 1310 coll.

120 1353 158 1379 v.
187 1338 299 1382 13³!
344 1339 396 1377 At
423 1345 594 1390 occupat
625 1337 662 1375 h.
698 1337 723 1374 l.
753 1341 795 1374 ut
831 1337 908 1378 Od.
931 1338 974 1386 3,
1003 1339 1073 1387 27,
1102 1338 1173 1378 54.
1208 1342 1247 1376 et
1280 1338 1368 1376 Tib.
1405 1341 1445 1387 1,
1475 1338 1544 1386 10,
1576 1335 1645 1378 40.

121 1420 239 1459 quem
260 1406 376 1458 prole
395 1414 550 1458 parata
581 1405 763 1455 Occupat
789 1405 833 1441 in
854 1419 992 1455 parva
1010 1406 1138 1456 pigra
1165 1412 1320 1442 senecta
1354 1418 1467 1442 casa.
1512 1404 1647 1443 Melius

122 1475 276 1525 quidem
310 1474 517 1520 Diintzer,
555 1474 620 1523 qui
654 1472 879 1522 occupandi
916 1472 1072 1510 verbum
1106 1473 1271 1512 indicare
1305 1474 1379 1523 ait,
1422 1473 1542 1523 „dass
1580 1472 1650 1510 der

121 1542 392 1580 Schulmeister
429 1542 498 1579 das
534 1539 641 1578 Buch
677 1540 881 1589 tagtaglich
917 1541 1053 1588 in-,die
1083 1540 1195 1578 Hand
1224 1542 1354 1579 nimmt
1387 1541 1466 1578 und
1494 1553 1536 1578 es
1562 1552 1649 1578 zer-

123 1609 325 1647 braucht.“
371 1608 430 1647 De
451 1607 574 1645 balba
590 1613 784 1644 senectute
802 1607 939 1644 nodum
959 1607 997 1644 in
1017 1608 1143 1659 scirpo
1163 1609 1240 1646 noli
1263 1621 1456 1659 quaerere.
1498 1607 1648 1652 Quodsi

122 1675 308 1714 Dihuzer
331 1677 536 1729 Epitheton
565 1674 686 1712 balba
704 1675 753 1711 ad
779 1674 914 1711 librum
941 1674 1099 1712 relatum
1121 1675 1153 1712 vi
1179 1676 1415 1724 destitutum,
1446 1678 1577 1713 contra
1597 1673 1649 1712 ad

121 1744 307 1784 hominem
341 1746 459 1783 mirae
495 1744 713 1782 festivitatis
748 1755 833 1780 esse
871 1742 984 1790 dicit,
1020 1748 1219 1794 poetarum
1254 1755 1395 1782 morem
1424 1742 1649 1792 modumque

121 1825 254 1864 parum
281 1812 508 1851 observasse
543 1812 701 1850 videtur.
757 1811 878 1849 Recte
913 1809 1201 1862 Dillenhurger
1235 1812 1274 1849 in
1299 1810 1364 1848 illo
1391 1810 1568 1861 Epitheto
1584 1805 1649 1858 **)

120 1880 206 1918 libri
231 1885 377 1919 remota
403 1885 576 1931 tempora
605 1878 733 1916 sentit.
791 1879 875 1916 Etsi
902 1879 1015 1917 verba
1051 1880 1230 1916 extremis
1253 1880 1297 1916 in
1323 1880 1423 1916 vicis
1446 1882 1648 1929 pauperta-

120 1949 171 1986 tis
199 1947 479 1986 denotationem
514 1946 709 1984 continere
735 1950 840 1984 recte
869 1946 961 1985 dicit
992 1946 1265 1996 W'eiclzertus,
1302 1952 1427 1985 tamen
1459 1946 1531 1983 hoc
1562 1945 1646 1982 loco

123 2015 332 2054 Vertumno
353 2019 393 2054 et
410 2015 531 2065 Jano,
551 2012 816 2052 celebrioribus
834 2013 926 2052 locis
945 2014 1086 2066 opponi
1105 2013 1331 2065 negaverim.
1368 2013 1548 2049 Extremi
1561 2013 1647 2063 ***)

232 2147 272 2196 *)
296 2153 485 2196 Cmquiuae:
504 2151 598 2195 „tibi
617 2157 821 2187 eventurum
841 2159 915 2197 est,
935 2158 976 2186 ut
989 2154 1063 2197 jam
1082 2151 1206 2185 balbus
1225 2162 1331 2184 senex
1350 2151 1499 2184 effectus
1515 2151 1645 2185 doceas

121 2208 251 2254 passim
270 2219 400 2253 pueros
419 2208 589 2242 elementa
611 2207 809 2243 litterarum
834 2216 872 2243 et
889 2209 926 2243 in
945 2209 990 2242 iis
1009 2209 1173 2243 sordibus
1201 2207 1392 2240 vilescas.“
1433 2208 1646 2242 Sanadonus

122 2270 162 2299 et
180 2264 406 2310 Dorighello:
435 2271 502 2308 „ut
522 2264 646 2298 balbus
668 2266 741 2309 jam
767 2277 877 2299 senex
899 2265 1047 2299 effectus
1070 2263 1252 2308 occuperis
1271 2263 1307 2296 in
1333 2263 1501 2297 docendis
1523 2264 1645 2308 pueris

122 2321 296 2356 elementa
313 2321 350 2355 in
368 2320 499 2355 scholis
513 2321 762 2356 suburbanis.“
804 2322 879 2356 Nos
896 2321 1034 2367 quidem
1051 2320 1194 2354 facimus
1208 2330 1284 2353 cum
1298 2319 1507 2365 Doen'ngio:
1530 2320 1645 2364 „haec

121 2387 261 2422 quoque
277 2377 344 2411 tibi
362 2377 540 2412 destinata
557 2382 614 2411 est.
630 2389 726 2420 sors,
747 2384 786 2412 ut
805 2389 933 2422 pueros
952 2377 987 2411 in
1007 2377 1172 2411 extremis
1190 2376 1279 2409 vicis
1298 2376 1470 2410 elementa
1485 2376 1643 2412 docendo

122 2444 364 2469 consenescas.
404 2434 626 2478 „Eleganter
642 2433 868 2468 Doederlein.-
889 2433 1010 2477 „Auch
1029 2433 1129 2468 harrt
1147 2431 1271 2466 deiner
1288 2432 1351 2466 das
1364 2432 1477 2475 Loos,
1495 2432 1542 2469 im
1565 2434 1646 2468 ins-

122 2495 259 2523 gersten
276 2489 415 2524 Winkel
431 2491 495 2525 der
511 2489 682 2525 Vorstadt
693 2490 842 2525 Knaben
856 2489 915 2524 die
927 2491 1065 2534 Syntax
1080 2488 1222 2523 lehrend
1236 2488 1291 2522 ins
1306 2489 1531 2524 stammelnde
1543 2490 1645 2525 Alter

122 2556 168 2579 zu
185 2546 343 2580 treten.“

212 2599 268 2645 ¹⁸¹⁶)
290 2601 345 2634 De
362 2601 468 2635 balba
483 2608 656 2637 senectute
675 2603 768 2636 conf.
788 2602 948 2637 Hoehed.
968 2602 1014 2636 ad
1033 2602 1067 2636 h.
1089 2602 1112 2635 l.
1140 2601 1201 2634 Fr.
1219 2601 1361 2636 Jacobs.
1381 2602 1428 2636 ad
1450 2602 1535 2638 Tib.
1558 2604 1590 2645 2,
1605 2601 1640 2648 5,

122 2654 182 2692 94.
200 2655 236 2690 in
255 2657 362 2701 „Lata
382 2656 627 2692 Blnmenlese“
650 2670 686 2703 p.
711 2659 791 2694 121.
813 2658 979 2692 Doederl.
1008 2659 1098 2702 Syn.
1118 2657 1183 2691 Ill.
1208 2669 1243 2702 p.
1267 2659 1313 2693 80
1352 2663 1389 2692 et
1407 2658 1451 2692 de
1467 2671 1549 2694 sene
1566 2671 1640 2694 ma·

122 2715 235 2760 giuti-o
260 2713 391 2747 Auson.
420 2712 539 2757 Edyll.
559 2710 595 2757 4,
616 2713 674 2749 25.
709 2714 898 2760 Perperam
922 2715 1004 2749 Aer.
1025 2720 1063 2748 et
1086 2714 1207 2748 Schol.
1237 2714 1366 2760 eruq.:
1389 2721 1456 2759 „ut
1478 2727 1640 2752 seucsoes

124 2769 390 2806 balbutientium
411 2769 679 2804 meditatione.“

196 2825 272 2871 '‘“J
293 2825 355 2861 Sic
373 2825 479 2861 etiam
496 2825 682 2870 Zur-ekina,
711 2824 895 2870 Daca-aas,
923 2825 1135 2871 Salaniana,
1159 2826 1327 2871 Orellius,
1356 2826 1533 2872 Di‘intzer,
1560 2827 1641 2869 alii3
