2034 3224
375 215 458 264 108
517 219 894 262 commNTARn
910 221 968 260 [N
985 215 1212 262 ΗοΒΑΤΠ
1228 219 1331 263 Lm.
1344 221 1380 264 ι’
1398 220 1778 266 ΕΗΒΤᾞΝὩΕο.
1838 224 1921 270 ms

375 353 449 389 etc.
472 349 546 401 ipsi
572 347 736 387 Horatio
763 346 959 397 attribuit,
995 345 1171 385 Bothim
1203 351 1338 387 contra
1369 349 1460 387 Seis
1477 367 1534 378 -—-
1549 350 1604 387 sit
1628 348 1805 400 Horatio,
1830 350 1921 401 qnia

372 417 578 456 Bullatium
605 417 644 453 id
673 415 853 466 oppidum
879 415 1007 453 adisse
1036 424 1082 454 ex
1109 416 1196 467 ipso
1225 417 1478 469 compererit,
1518 416 1746 455 Gabis‘e-
1769 418 1920 469 furm-

374 493 452 523 tem
489 484 667 523 Bullatio.
715 482 766 519 At
806 482 983 521 Zeunim
1019 487 1060 522 et
1091 482 1330 536 Sebaeferus
1368 486 1408 523 in
1444 485 1574 524 verbis
1607 485 1698 524 Seio
1719 506 1779 516 --
1798 486 1920 523 -νίοιισ

372 554 572 593 Horatium
598 551 752 599 vident,
794 550 835 588 in
867 562 928 588 vv.
957 557 1092 589 tamen
1119 574 1176 582 --
1200 553 1404 604 fluentem
1431 552 1646 592 Bullatium.
1692 551 1767 591 Alii
1793 553 1919 603 aliter,

372 636 470 674 quos
498 630 698 659 recensere
722 617 867 656 taedet.
907 618 953 657 Id
980 629 1097 658 unum
1123 619 1340 658 addendum
1366 621 1529 672 videtur,
1557 621 1771 672 complures
1794 620 1917 659 locmn

370 688 643 739 interrogative
675 685 765 723 Scis
794 708 846 715 —-
872 685 955 724 eit?
981 686 1168 726 exmlisse
1187 689 1230 727 et
1252 687 1504 727 Scholiastam·
1522 689 1679 740 Cmquii
1705 687 1919 740 dialogismi

371 772 458 798 esse
485 759 694 795 auctorem.
1410 758 1413 760 ’

481 823 530 862 V.
559 821 760 864 11—16.
823 821 907 860 Sed
941 836 1067 875 neque
1092 845 1152 852 —
1177 836 1299 861 mare.
1357 823 1638 865 Sententiarum
1672 825 1788 864 ordo:
1825 824 1918 874 „Ut

369 893 454 931 loco
479 891 542 930 vel
569 890 846 940 desertissime,
875 891 909 928 si
938 904 1015 942 qua
1041 893 1250 931 necessitas
1277 890 1341 929 vel
1367 891 1470 930 vitae
1494 893 1593 931 ratio
1619 892 1786 943 tulisset,
1814 892 1913 931 bene

368 958 646 1010 tranquilleque
685 958 760 996 vivi
796 972 916 1009 posse
946 960 1040 1009 dixi,
1085 961 1139 998 ita
1173 972 1305 997 rursus
1341 958 1548 998 absurdum
1582 960 1761 1013 videtur,
1790 961 1916 999 locum

367 1031 528 1079 propter
555 1027 740 1078 quaedam
764 1028 964 1065 commoda
989 1031 1052 1066 aut
1077 1027 1332 1077 incommoda,
1361 1040 1459 1078 quae
1487 1027 1539 1065 ibi
1560 1027 1682 1068 nobis·
1696 1029 1918 1079 acciderint,

367 1097 470 1134 vitae
497 1095 670 1133 instituto
701 1094 837 1145 viaque
869 1108 948 1133 non
982 1094 1202 1147 postulante
1239 1095 1399 1133 alterum
1434 1095 1544 1134 alteri
1578 1098 1775 1148 praeferre
1803 1099 1918 1136 et'eo

367 1164 454 1215 ipso
485 1176 636 1202 omnem
663 1163 762 1202 vitae
789 1175 941 1201 cursum
969 1162 1247 1202 commutare.“
1282 1163 1370 1202 Hoc
1393 1163 1515 1202 tribus
1543 1164 1727 1216 exemplis
1749 1161 1919 1203 illustra-

368 1236 443 1270 tur.
479 1231 599 1269 Simili
625 1231 666 1269 in
693 1230 803 1269 simili
830 1243 896 1280 re,
932 1230 958 1268 i.
986 1243 1020 1268 e.
1046 1232 1085 1268 in
1113 1231 1413 1269 commendando
1441 1232 1542 1271 vitae
1568 1233 1771 1284 proposito
1801 1232 1918 1271 utitur

368 1300 570 1352 Epictetus
598 1300 638 1337 in
663 1297 769 1337 Diss.
802 1300 849 1349 2,
881 1298 957 1347 23,
986 1299 1057 1339 36.
1085 1299 1154 1339 37.
1181 1298 1282 1350 (jam
1307 1299 1356 1337 ab
1393 1298 1541 1337 Orellio
1575 1299 1787 1351 laudatus):
1816 1295 1918 1341 Οἴου

370 1366 410 1408 εἷ’
430 1381 493 1416 τις
512 1362 652 1406 ’ἄπιτον
682 1365 741 1415 εἰς
765 1363 843 1418 τήν
870 1366 1042 1420 πατρίδα
1069 1363 1146 1419 τήν
1175 1365 1335 1417 ἑαυτοῦ,
1362 1366 1432 1408 καὶ
1453 1363 1654 1409 διοδεύων
1677 1366 1919 1408 πανδοκὲῒον

367 1432 511 1484 καλὸν,
558 1430 774 1487 ἄρέσαντος
813 1431 925 1489 αὐτῷ
963 1436 1039 1475 τοῦ
1077 1434 1341 1486 πανδοκείου,
1393 1434 1608 1488 καταμένοι
1642 1434 1689 1477 ἐν
1721 1437 1778 1490 τῷ
1810 1436 1918 1477 παῦ-

368 1503 534 1558 ὂοκείῳ·
581 1499 824 1556 ’Ἀνθρωπε,
862 1498 1065 1543 ἐπελάθου
1103 1514 1176 1543 σου
1206 1506 1278 1556 τῆς
1305 1502 1558 1557 προθέσεως·
1582 1499 1676 1545 vov’ac
1709 1503 1768 1551 εἰς
1797 1503 1918 1545 τοῦτο

369 1568 530 1622 ὅδευες,
560 1566 660 1611 ἄλλα
686 1568 754 1611 διὰ
782 1568 939 1613 τούτου.
979 1566 1100 1612 Ἀλλοέ
1127 1568 1288 1623 κομψὸν
1315 1574 1447 1613 τοῦτο.
1491 1569 1614 1613 Πόσα
1634 1567 1671 1612 δ’
1694 1569 1797 1612 ἄλλα
1817 1580 1918 1612 παν-

368 1641 505 1680 δοκεῖα
531 1635 697 1692 κομψάς
723 1636 841 1680 πόσοι
870 1637 914 1680 δὲ
941 1641 1158 1692 λειμῶνεςς
1191 1634 1273 1679 ἄλλ’
1293 1637 1434 1689 α’πλῶς
1459 1637 1516 1688 ὥς
1540 1639 1691 1689 δίοδος.
1715 1641 1807 1679 Hoc
1829 1642 1917 1692 ipso

368 1708 538 1759 exemplo
569 1709 725 1759 egregia
754 1708 999 1764 confirmatur
1034 1706 1179 1746 Orellii
1213 1707 1253 1745 in
1287 1707 1419 1747 Anal.
1448 1709 1603 1746 Homa-
1635 1722 1675 1761 p.
1707 1711 1748 1751 2.
1783 1708 1917 1748 obser-

366 1777 484 1826 vatio,
510 1777 628 1815 fuisse
656 1777 847 1827 quandam
875 1778 983 1825 quasi
1010 1776 1181 1814 locorum
1210 1777 1460 1815 communium
1487 1780 1528 1815 et
1554 1777 1811 1828 exemplorum
1837 1776 1919 1818 πα-

368 1841 539 1897 ράδοσιν
567 1858 638 1894 per
673 1844 989 1895 philosophorum
1023 1857 1069 1882 ac
1107 1843 1299 1882 rhetorum
1335 1844 1486 1883 scholas
1521 1849 1773 1896 propagatam
1801 1851 1840 1885 et
1866 1844 1916 1882 ab

369 1911 543 1950 omnibus
572 1912 652 1951 sere
679 1912 842 1951 Horatio
869 1927 948 1952 non
977 1917 1137 1963 excepto
1156 1915 1388 1963 usurpatam.
1408 1913 1654 1964 vInterpretes
1673 1913 1918 1952 autemthaec
1992 1924 1997 1943 ¹

369 1979 541 2031 exempla
568 1992 638 2030 pro
668 1992 710 2017 re
740 1981 826 2030 ipsa
853 1983 1084 2032 accipientes
1113 1979 1319 2018 Bullatium
1344 1979 1407 2018 vel
1440 1986 1601 2033 propter
1627 1981 1775 2020 itineris
1801 1981 1918 2020 man‘-
1966 1993 1969 1995 ·

369 2048 450 2086 timi
478 2047 716 2085 incommoda
743 2049 804 2085 vel
823 2053 983 2099 propter
1002 2048 1091 2086 belli
1115 2048 1232 2086 civilis
1260 2049 1337 2085 iras
1365 2051 1556 2088 retentum
1582 2050 1641 2088 his
1667 2050 1762 2100 ipsis
1790 2048 1917 2087 verbis

369 2117 418 2155 ab
444 2115 607 2155 Horatio
637 2116 771 2154 callide
797 2117 969 2154 revocari
995 2116 1067 2153 sibi
1093 2116 1338 2167 persuadent.
1390 2115 1488 2154 Vide
1510 2118 1625 2156 modo
1649 2116 1918 2167 Doeringium

371 2189 411 2223 et
447 2182 642 2222 Orellium
657 2184 711 2236 *).
767 2183 872 2223 Nihil
901 2185 1024 2221 dicam
1051 2185 1100 2222 de
1126 2185 1188 2233 iis,
1222 2184 1285 2234 qui
1311 2183 1533 2234 particulam
1565 2184 1650 2222 Sed
1669 2197 1742 2236 pro
1771 2197 1819 2235 eo
1845 2183 1916 2223 ha-

369 2253 500 2302 beant,
530 2253 635 2303 quod
656 2252 840 2292 Horatius
863 2251 1026 2289 Bullatio
1054 2255 1239 2302 opponat,
1269 2264 1383 2301 quum
1405 2251 1520 2289 hodie
1545 2253 1644 2290 inter
1666 2265 1800 2290 omnes
1822 2264 1918 2291 con-

370 2326 463 2372 stet,
492 2321 565 2359 sed
585 2334 663 2360 non
692 2333 926 2375 opponere,
961 2320 1031 2357 sed
1060 2331 1119 2370 ap
1134 2330 1278 2369 ponere
1304 2318 1366 2366 id,
1396 2319 1498 2367 quod
1526 2318 1832 2368 distinguendum
1859 2317 1918 2354 vi-

371 2391 518 2430 deatur.
550 2389 636 2428 vid.
676 2392 723 2440 1,
754 2391 801 2441 1,
827 2388 896 2430 58.
933 2401 976 2440 p.
1001 2384 1070 2427 74.
1133 2385 1378 2423 Sanadonus
1415 2388 1542 2423 autem
1580 2390 1620 2424 et
1657 2383 1917 2437 Dorighello,
1966 2382 1971 2386 ’

371 2471 484 2507 quum
509 2458 560 2495 ad
587 2471 623 2497 v.
650 2457 732 2509 15„
761 2457 853 2496 illud
879 2456 920 2496 in
946 2454 1114 2494 secunda
1134 2466 1301 2504 persona
1328 2453 1484 2503 dictum,
1515 2454 1585 2492 sed
1612 2453 1822 2505 generatim
1849 2465 1916 2493 su-

371 2526 547 2564 mendum
575 2540 661 2565 esse
690 2529 794 2565 recte
821 2524 1111 2571 observassent,
1150 2533 1279 2559 veram
1305 2522 1457 2572 quidem
1483 2522 1583 2560 viam
1609 2523 1814 2570 viderunt,
1845 2519 1916 2562 sed

371 2605 448 2630 non
477 2599 564 2632 sunt
586 2595 764 2646 ingressi.
801 2593 881 2632 Illis
903 2592 1002 2632 enim
1020 2589 1201 2641 exemplis
1225 2587 1347 2628 Poeta
1369 2590 1424 2629 ita
1447 2603 1539 2628 usus
1569 2595 1642 2641 est,
1670 2594 1715 2629 ut
1741 2594 1782 2628 et
1809 2599 1915 2627 suam

372 2659 490 2709 ipsius
519 2663 700 2700 rationem
731 2662 879 2701 vivendi
906 2672 1022 2713 supra
1048 2659 1298 2710 significatam
1327 2659 1440 2708 justis
1470 2658 1791 2698 circumscriberet
1818 2654 1915 2693 limi-

371 2713 472 2764 tibus
501 2732 541 2765 et
568 2730 779 2768 sententiae
807 2743 843 2767 v.
875 2730 928 2770 17
955 2732 1040 2782 sq'q.
1067 2727 1239 2781 prolatae
1266 2726 1519 2778 praeluderet.

485 2872 526 2919 ¹⁰¹)
573 2876 827 2923 Discrepantes
867 2880 1102 2926 interpretum
1138 2876 1452 2924 interpretationes
1486 2877 1668 2923 enumerat
1698 2872 1912 2916 Dimum,

373 2943 474 2978 quem
498 2932 630 2967 videsis
653 2945 689 2978 p.
706 2936 785 2970 227.
