1910 3138
116 176 198 217 107
225 174 504 216 comam:
524 177 579 216 ΙΝ
598 178 723 217 HOR.
739 177 838 216 Lm.
860 179 887 217 l.
916 178 1079 216 EPIST.
1099 177 1505 225 DUoDEwcsssm.
1545 176 1630 219 455

222 287 271 328 V.
297 290 436 332 82⁴⁴—-
460 289 528 332 85.
555 291 627 342 qui
653 291 784 329 Dente
802 313 860 320 -—
886 292 997 329 vires.
1039 290 1119 340 „Et
1136 294 1240 329 tuum
1259 292 1380 343 ipsius
1403 293 1633 331 commodum

112 356 299 408 posmlnt,
334 361 376 395 ut
400 358 581 406 amicum,
618 371 730 409 quem
758 359 970 409 tradidisti,
1005 371 1051 396 ne
1075 371 1148 396 una
1174 372 1257 397 cum
1286 372 1333 397 eo
1363 371 1434 410 per
1461 360 1631 399 homines

113 423 315 464 addim
349 435 396 464 ex
422 427 571 476 patroni
608 427 730 476 gratia
760 427 1046 474 summoveatis,
1092 427 1191 464 omni
1229 427 1362 464 virium
1390 428 1631 469 contentione

110 492 343 530 defeudus.“
383 493 620 532 Sententiam
654 507 770 545 prave
796 496 959 533 detorsit
991 494 1190 545 Cmquius
1211 495 1283 533 ita:
1322 493 1439 544 „Hoc
1476 494 1631 545 erimar,

109 569 186 610 quo
211 559 307 598 falso
334 566 513 610 gravatur
539 563 819 600 commendatus
848 575 871 600 a
899 569 958 612 te,
983 562 1206 601 redundabit
1222 564 1261 600 in
1289 567 1328 600 te
1351 562 1631 602 commendato-

94 638 190 664 *rem
210 632 388 678 tanquam
414 629 495 679 ejus
516 629 602 667 mali
630 642 779 679 quoque
805 632 991 668 conscium
1011 635 1304 681 patronumque,
1333 643 1380 667 eo
1400 630 1502 680 quod
1521 643 1633 682 prue-

109 695 231 734 sentia
244 695 438 745 incendia,
468 697 505 734 id
527 701 586 735 est
610 698 773 748 pericula
795 699 954 736 criminis
973 700 1144 736 intentati
1169 698 1423 747 neglexeris.“
1445 719 1497 726 -—
1517 699 1632 736 dente

118 762 343 801 Theonino.
380 764 508 803 Schol.
538 765 654 815 Cruq.
686 766 829 814 „dente
857 766 1034 804 mordaci.
1059 766 1267 804 Luthienus
1294 765 1330 802 T
1333 765 1456 814 beon,
1488 765 1631 804 liberti-

107 843 200 881 nus,
237 832 445 870 dicacitatis
474 833 719 871 amaritudine
750 838 900 883 praeter
929 837 1074 871 ceteros
1106 834 1158 871 ita
1194 837 1392 884 patronum
1420 845 1529 870 suum
1565 845 1631 871 ex-

106 899 318 949 asperavit,
355 904 399 938 ut
431 900 544 937 domo
589 901 669 951 ejus
706 906 999 940 summoveretur
1037 906 1075 939 et
1110 901 1352 953 quaternario
1387 899 1466 951 (ἓέ)
1503 900 1629 950 legato

102 966 299 1016 juberetur
333 971 471 1005 restem
500 967 570 1004 sibi
596 968 795 1019 palamque
828 971 994 1008 emere.“
1037 970 1096 1008 De
1136 968 1326 1008 sententia
1358 967 1629 1019 Porphyrionis

106 1046 256 1084 quoque
282 1033 448 1083 „Theon
476 1036 626 1085 quidam
654 1036 717 1074 illo
742 1041 913 1088 tempore
937 1037 1101 1075 rabiosae
1129 1036 1338 1075 dicacitatis
1362 1036 1475 1074 fuit.“
1518 1036 1631 1075 Simi-

106 1097 157 1136 lia
183 1100 430 1151 suppeditant
457 1102 584 1141 Acron
619 1108 658 1142 et
685 1104 830 1144 Erasm.
861 1105 1004 1156 Adagg.
1036 1105 1083 1154 2,
1114 1107 1163 1155 2,
1193 1104 1259 1145 55-
1303 1105 1421 1142 Homo
1449 1105 1512 1144 ille
1540 1118 1630 1143 1111111

105 1167 219 1206 fuerit
242 1168 444 1207 virulentus
462 1174 578 1220 poeta
602 1171 855 1221 Graecorum,
881 1186 988 1223 quem
1017 1173 1167 1223 quidem
1195 1172 1341 1223 fingunt
1367 1173 1563 1209 Erasmus
1590 1176 1630 1211 et

115 1235 364 1282 Torrentius,
401 1236 486 1286 quis
519 1241 600 1286 est,
629 1239 692 1289 qni
719 1254 791 1291 pro
819 1245 922 1278 certo
950 1239 1139 1279 affirmet?
1179 1239 1239 1278 De
1268 1240 1444 1290 opinione
1472 1240 1629 1278 aliorum

102 1302 189 1340 vide
221 1302 467 1341 Diintzerum
495 1318 534 1356 p.
554 1302 648 1347 508.
694 1308 753 1345 Ad
780 1308 978 1347 dictionem
998 1308 1161 1359 pertinet
1188 1307 1278 1345 illud
1301 1307 1627 1357 Pythagoreorum

102 1366 243 1419 (Orell.
277 1371 327 1409 ad
357 1371 503 1422 Opuse.
539 1386 663 1423 graec.
699 1379 860 1413 sentent.
898 1376 927 1416 I.
961 1389 998 1426 p.
1028 1375 1097 1415 68.
1124 1379 1163 1412 et
1191 1373 1312 1426 490):
1348 1370 1538 1422 Ὀὅόντας
1570 1372 1627 1427 μή

105 1433 340 1491 καταγνύειν
375 1444 415 1477 et
450 1440 557 1478 Pers.
590 1444 634 1491 1,
668 1443 747 1484 115
783 1442 848 1491 (ib.
878 1443 927 1480 Ο.
954 1443 1079 1493 Jahn.)
1113 1444 1337 1494 genuinum
1362 1442 1559 1494 frangere
1590 1446 1629 1480 et

103 1506 260 1556 similia,
287 1512 331 1544 ut
355 1508 480 1558 Epist.
512 1511 560 1557 2,
594 1511 642 1558 1,
673 1510 766 1550 150.
796 1497 907 1548 Conf.
935 1523 1017 1548 ann.
1042 1512 1091 1548 ad
1123 1509 1189 1561 14,
1215 1511 1284 1552 37.
1315 1511 1384 1551 38.
1424 1511 1551 1549 Schm.
1577 1511 1627 1547 ad

105 1573 142 1611 h.
172 1574 198 1612 l.
230 1579 269 1612 et
301 1573 467 1613 Dillenb.
504 1576 553 1612 ad
587 1577 663 1615 od.
693 1577 742 1626 4,
770 1578 822 1628 3,
855 1581 919 1620 16,
961 1579 1072 1617 Mart.
1098 1578 1145 1627 5,
1177 1580 1252 1628 28,
1283 1581 1322 1619 7.
1363 1578 1627 1630 Rubiginosis

105 1647 249 1678 cuncta
276 1641 459 1679 dentibus
484 1643 598 1685 rodit,
639 1645 696 1683 Id.
722 1646 795 1695 10,
825 1647 852 1687 3
865 1673 877 1696 ‚
909 1648 944 1689 1,
989 1645 1304 1685 Vernaculorum
1329 1646 1460 1694 dicta,
1500 1647 1628 1684 sordi-

105 1707 203 1746 dum
226 1709 380 1747 dentem
417 1710 473 1747 Et
493 1710 623 1763 foeda
652 1711 817 1764 linguae
840 1713 986 1764 probra
1013 1712 1274 1751 circulatricis
1298 1737 1355 1743 —
1383 1715 1508 1751 Poeta
1535 1717 1628 1767 qui-

103 1776 198 1814 dam
223 1771 497 1815 clancularius
523 1780 690 1831 spargit.
735 1781 949 1833 Hieronym.
981 1781 1105 1833 Epist.
1134 1781 1183 1819 ad
1218 1781 1398 1820 Eustoch.
1436 1783 1530 1833 virg.
1560 1785 1625 1830 27,

104 1843 136 1882 Ι.
166 1857 206 1895 p.
237 1841 332 1885 114.
386 1844 431 1882 A.
464 1859 513 1882 ne
537 1848 653 1898 apud
675 1848 943 1887 detrectatores
970 1858 1008 1887 et
1031 1851 1207 1902 genuino
1237 1863 1298 1886 me
1334 1863 1484 1901 semper
1512 1848 1626 1886 dente

101 1910 279 1969 rodentes
289 1912 450 1964 fingere
470 1921 599 1963 puter.
644 1916 747 1955 Idem
775 1919 896 1970 Epist.
918 1919 985 1960 57.
1014 1919 1060 1956 II.
1088 1933 1127 1970 p.
1154 1919 1223 1959 78.
1252 1919 1396 1954 canino
1420 1919 1534 1955 dente
1559 1931 1626 1954 νο-

102 1978 218 2024 dere,
247 1978 445 2025 lacerare,
474 1983 690 2021 convellere
714 1986 794 2024 scil.
823 1987 962 2039 libros,
1002 2000 1098 2037 quos
1126 1991 1258 2023 contra
1286 1986 1472 2025 Jovinian.
1504 1985 1625 2035 scrip-

101 2048 163 2084 sit.
184 2069 234 2074 —
264 2047 312 2086 V.
336 2046 403 2088 84.
436 2048 550 2087 Nam
578 2058 650 2089 tua
676 2057 738 2091 res
764 2056 909 2106 agitur,
950 2055 1009 2093 De
1035 2054 1104 2091 hac
1124 2053 1283 2090 formula
1305 2066 1327 2090 a
1350 2053 1415 2090 lite
1435 2053 1625 2102 pendente

101 2119 252 2166 sumpta
280 2116 379 2154 conf.
413 2115 520 2155 Cort.
547 2118 596 2155 ad
620 2120 711 2159 Sall.
741 2122 827 2160 Cat.
859 2125 923 2168 52,
954 2123 1018 2163 10.
1046 2121 1166 2159 Drak.
1195 2121 1243 2158 ad
1271 2119 1355 2157 Liv.
1386 2119 1455 2167 27,
1484 2117 1555 2167 34,
1583 2120 1625 2158 7.

99 2182 214 2220 Fabr-
241 2184 290 2221 ad
317 2184 387 2232 23,
413 2182 483 2234 49,
509 2187 549 2225 8.
584 2187 732 2226 Ruhnk.
760 2191 809 2227 ad
838 2190 993 2228 Terent.
1025 2190 1161 2227 Heaut.
1194 2189 1240 2236 2,
1270 2187 1319 2235 3,
1348 2186 1442 2226 113·
1480 2185 1623 2224 Ochsn·

100 2250 149 2287 fid
178 2250 257 2288 Cic·
286 2250 418 2302 Eclog·
454 2265 493 2303 p.
524 2254 616 2294 230.
646 2278 702 2284 ·—
733 2259 864 2306 paries
897 2271 1021 2307 quum
1056 2257 1263 2307 proximus
1291 2254 1415 2293 ardet.
1459 2253 1625 2292 Prover-

100 2316 224 2368 bium,
252 2323 294 2356 ut
321 2319 434 2357 ovid.
464 2320 570 2359 Rem.
597 2323 680 2363 Am.
709 2325 802 2366 625.
838 2326 1048 2361 Proximus
1075 2338 1101 2360 a
1131 2324 1241 2359 tectis
1265 2322 1371 2372 ignis*
1398 2320 1626 2372 defenditur

98 2398 239 2435 aegre.-
286 2386 415 2432 Utile,
436 2387 622 2434 finitimis
640 2390 872 2428 abstinuisse
897 2391 1004 2431 locis.
1049 2391 1134 2432 LiV.
1154 2391 1221 2438 29,
1240 2389 1310 2438 31,
1332 2389 1371 2428 3-
1397 2388 1462 2438 (ἢ).
1486 2387 1623 2442 Drak.)

98 2453 179 2488 nisi
208 2453 392 2490 orientem
428 2455 545 2493 illum
590 2459 723 2509 ignem.
760 2460 1038 2509 oppressissent
1052 2487 1065 2503 ,
1113 2457 1266 2508 ingenti
1299 2468 1389 2492 mox
1423 2455 1622 2505 incendio,

100 2531 223 2568 quum
240 2521 334 2562 jam
359 2521 518 2559 nullam
544 2538 655 2574 opem
671 2527 779 2576 ferre
797 2533 980 2575 possent,
1009 2539 1180 2564 arsuros.
1217 2524 1274 2564 Id.
1294 2524 1336 2571 7,
1357 2523 1429 2571 30,
1458 2524 1523 2565 12.
1550 2526 1620 2576 31,

99 2585 168 2633 48,
198 2587 237 2626 7.
266 2586 336 2635 37,
368 2588 434 2637 15,
465 2591 504 2628 6.
529 2590 607 2628 Cic.
635 2605 693 2642 pr.
713 2592 839 2630 Plane.
864 2590 932 2644 40,
962 2593 1028 2633 95.
1069 2593 1158 2644 Ego
1187 2593 1291 2628 enim
1319 2604 1365 2627 ex
1388 2590 1460 2628 illo
1485 2593 1620 2631 incen-

100 2653 165 2690 dio
193 2652 345 2704 legum,
363 2655 474 2701 juris
484 2683 501 2701 ,
535 2666 694 2696 senatus
707 2686 720 2704 ,
756 2657 945 2696 bonorum
973 2659 1315 2697 omnium‘cedens
1325 2685 1341 2704 ,
1380 2673 1504 2709 quum
1529 2673 1620 2700 mea

99 2721 239 2759 domus
266 2721 405 2759 ardore
432 2735 501 2759 suo
533 2724 856 2777 deflagrationem
896 2726 987 2764 urbi
1019 2734 1138 2778 atque
1166 2728 1240 2764 toti
1271 2728 1419 2766 Italiae
1445 2731 1618 2769 nu'nare-

100 2795 183 2837 tur,
219 2790 299 2826 nisi
337 2790 579 2841 quievissem.
623 2792 714 2830 Sall.
748 2793 900 2844 Fragm.
940 2793 996 2844 (p.
1029 2794 1124 2836 228.
1158 2795 1263 2834 Gerl.
1291 2795 1414 2849 mim).
1450 2797 1545 2838 Non
1573 2807 1618 2838 tu

99 2857 198 2905 scis,
239 2858 275 2895 si
300 2871 401 2909 quas
424 2858 534 2896 aedis
561 2860 669 2910 ignis
694 2862 837 2897 aeriter
865 2862 991 2912 cepit,
1030 2861 1145 2900 haud
1157 2863 1290 2914 facile
1316 2873 1410 2904 sunt
1435 2866 1613 2919 defensa,
