1910 3138
291 240 375 283 366
463 239 741 280 COMMENT.
762 239 820 279 IN
839 239 963 279 HOR.
990 239 1088 280 LIB.
1109 242 1138 280 1.
1179 238 1342 282 EPIST.
1362 240 1509 282 SEPT.
1531 239 1711 282 Dsscm.
1770 242 1825 285 18

292 358 361 398 87.
408 355 519 394 Felix
553 360 696 392 secreto
731 366 834 405 quae
860 359 958 391 nata
987 361 1046 392 est
1070 353 1191 393 arbor
1218 357 1263 394 in
1287 368 1384 395 arvo
1407 379 1464 386 —-
1492 357 1590 394 Non
1616 356 1824 394 hominum

289 425 476 476 strepitus
500 423 639 470 audit,
666 434 749 459 non
778 421 854 459 illa
880 430 1085 470 rotarum,
1115 423 1213 462 Non
1243 437 1272 462 a
1294 425 1430 462 vicina
1448 424 1734 476 pulverulenta
1755 424 1824 462 νία

293 501 356 531 εει.
406 493 650 543 Quapropter
678 502 746 528 eos
777 490 855 528 noli
879 492 1031 541 audire,
1070 493 1134 543 qui
1166 492 1225 531 hic
1259 493 1462 533 certamina
1488 493 1754 544 quadrigarum
1782 495 1823 529 et

292 561 485 614 pulverem
514 560 552 597 in
587 559 699 596 Circo
723 557 920 597 collectum
947 559 1104 610 intelligi
1131 560 1287 599 malunt.

402 628 450 665 V.
479 628 518 668 8.
569 626 616 664 Si
642 625 767 664 laedit
792 641 978 678 caupona
1004 640 1082 665 non
1110 632 1186 666 est:
1227 629 1308 678 „Si
1334 629 1508 681 (propter
1533 639 1724 680 cauponas
1753 639 1824 679 per

289 696 368 734 vias
397 695 564 748 publicas
594 699 633 733 et
659 695 698 732 in
735 695 925 747 oppidulis
954 699 1044 734 tunc
1076 695 1281 748 pessimas)
1317 701 1357 736 te
1391 697 1589 736 offendunt
1623 696 1740 734 multa
1759 695 1826 734 illa

289 765 464 803 itinerum
488 760 824 814 incommoda“*),
857 764 957 814 „sed
988 764 1018 802 si
1057 770 1097 803 te
1126 764 1286 803 offendit
1312 764 1453 803 clamor
1478 765 1540 804 ille
1561 751 1613 803 ac·
1632 765 1825 815 tumultus,

289 834 351 883 qui
372 846 416 871 ex
432 832 612 883 cauponis
620 831 687 882 **)
707 832 744 870 in
764 832 855 871 vicis
870 833 1015 871 Romae
1035 833 1250 871 constitutis
1264 833 1314 871 ad
1332 836 1416 871 tuas
1435 845 1545 872 aures
1567 834 1732 872 accidi&
1750 837 1825 875 etc.

288 901 391 941 conf.
421 899 544 937 Zellii
567 900 956 946 „Ferienschriften“
986 900 1018 939 Ι.
1046 915 1086 953 p.
1107 901 1165 942 30
1193 914 1279 952 sqq.
1330 900 1373 939 ln
1395 914 1502 953 seqq.
1530 901 1658 940 verbis
1677 901 1825 940 Fercem

288 970 418 1006 tinum
444 969 501 1006 ire
525 969 678 1017 jubebo
707 970 786 1009 fere
814 970 1030 1020 intelligunt
1054 969 1169 1007 altum
1206 969 1460 1008 Hernicorum
1488 969 1709 1022 oppidulum
1735 969 1825 1020 (ho—

289 1038 351 1075 die
377 1037 584 1075 Ferentino
611 1042 712 1077 teste
744 1038 920 1076 Sicklero
947 1038 987 1076 in
1022 1037 1206 1087 „Handb.
1234 1037 1273 1075 d.
1306 1036 1371 1079 alt.
1395 1038 1572 1089 Geogr.“
1599 1037 1630 1077 l.
1661 1051 1702 1090 p.
1723 1036 1825 1088 874)

288 1110 327 1144 et
356 1109 509 1144 auctore
544 1105 672 1147 Schol.
702 1106 860 1157 Cruquii
898 1106 1168 1157 „municipium
1200 1107 1283 1144 viae
1318 1104 1534 1144 Labicanae
1567 1106 1617 1144 ad
1651 1103 1826 1145 XLvm.

289 1174 502 1225 lapi‹lem.“
567 1174 663 1212 Cum
705 1174 775 1212 hac
810 1174 956 1212 numeri
991 1175 1138 1212 ratione
1181 1173 1371 1212 consentit
1406 1172 1586 1212 Antonin.
1651 1174 1824 1216 itinerar.

286 1256 325 1294 p.
353 1242 437 1283 305
474 1242 524 1281 ib.
562 1241 795 1292 wesseling.
829 1242 914 1283 coll.
953 1241 1162 1293 Westphal.
1203 1242 1352 1291 „Rom
1381 1241 1646 1293 Kampagne“
1683 1257 1723 1295 p.
1754 1241 1824 1285 84.

288 1308 343 1350 94
369 1323 428 1360 sq.
475 1309 569 1359 Alii,
590 1310 598 1322 Χ
615 1314 656 1348 ut
693 1311 919 1347 Tbrrentias
948 1314 1060 1360 atque
1098 1308 1430 1347 Walckenaerius
1466 1309 1528 1357 (Π.
1558 1323 1597 1362 p.
1628 1308 1729 1361 186)
1753 1320 1824 1361 pro

286 1378 462 1415 Etruriae
490 1377 635 1429 oppido
658 1378 821 1429 habent,
851 1378 954 1429 quod
977 1377 1090 1416 hodie
1112 1377 1273 1415 Ferenti
1295 1378 1335 1415 in
1361 1377 1398 1416 T
1401 1389 1539 1416 oscena
1563 1390 1649 1416 esse
1667 1378 1825 1428 dieitur,

287 1446 387 1485 conf.
416 1445 550 1495 Sigon.
579 1450 618 1485 et
648 1445 751 1489 Duk,
779 1447 829 1484 ad
853 1445 937 1485 Liv.
959 1447 1010 1496 9,
1040 1446 1116 1495 16,
1148 1447 1185 1487 1.
1229 1446 1424 1484 Cramer-’s
1449 1445 1628 1483 Ancient
1656 1445 1766 1498 Italy
1794 1446 1824 1484 Ι.

287 1527 325 1564 p.
351 1514 471 1558 225.;
505 1519 638 1552 contra
677 1515 914 1566 Capmartin
951 1514 1000 1551 de
1035 1513 1205 1566 Chaupy
1242 1514 1307 1565 (ΙΙ.
1334 1526 1374 1566 p.
1399 1513 1456 1555 30
1481 1514 1558 1566 sq.)
1595 1514 1718 1552 locum
1745 1527 1825 1554 non

287 1583 400 1633 longe
419 1581 466 1619 ab
495 1582 589 1620 urbe
616 1583 738 1621 Roma
766 1583 816 1622 ad
843 1582 991 1621 radices
1017 1583 1155 1621 montis
1183 1581 1318 1621 Albani
1346 1582 1458 1621 situm
1483 1582 1603 1621 fuisse
1633 1583 1824 1635 opinatur.

288 1650 400 1690 Conf.
428 1649 550 1688 Drak.
580 1650 630 1688 ad
662 1650 747 1691 Liv.
781 1653 821 1702 1,
852 1651 920 1701 51,
950 1652 991 1692 9.
1021 1654 1060 1689 et
1090 1649 1217 1688 Gell’s
1251 1650 1426 1702 Topogr.
1455 1650 1502 1689 of
1522 1650 1644 1690 Rome
1669 1650 1745 1688 and
1772 1651 1824 1689 its

286 1718 440 1768 vicinity
469 1718 497 1759 Ι.
531 1731 568 1769 p.
597 1718 681 1761 230
695 1719 797 1770 ***).
854 1718 907 1757 At
935 1730 1048 1768 quum
1076 1731 1174 1769 quae
1201 1719 1350 1758 nescias
1388 1719 1485 1757 scire
1511 1717 1608 1757 velle
1639 1729 1824 1769 arrogan—

288 1787 336 1824 tis
365 1787 434 1835 sit,
474 1785 545 1823 hoc
570 1799 683 1825 unum
712 1787 822 1825 nobis
851 1787 1058 1825 cavendum
1085 1787 1256 1837 videtur,
1293 1799 1342 1825 ne
1370 1799 1452 1825 cum
1482 1786 1669 1825 nonnullis
1702 1787 1822 1827 inter·-

289 1854 460 1906 pretibus
489 1853 575 1903 (Fr.
609 1866 761 1904 quoque
787 1853 971 1892 Jacobsio
1008 1855 1055 1892 V.
1082 1868 1121 1905 p.
1151 1856 1225 1907 88)
1261 1855 1311 1893 de
1338 1855 1505 1892 Scaevae
1541 1856 1697 1906 praedio
1727 1868 1825 1906 quo—

286 1923 375 1960 dam
400 1923 629 1972 cogitemus3
658 1922 696 1959 in
719 1927 895 1974 promptu
924 1924 1021 1960 enim
1049 1928 1126 1972 est,
1158 1922 1337 1971 poetam,
1366 1934 1479 1971 quum
1502 1922 1698 1961 Ferentini
1716 1932 1823 1962 men—

287 1991 427 2029 tionem
454 1990 614 2038 faceret,
656 1989 695 2026 id
720 1989 868 2039 egisse,
906 1995 948 2028 ut
978 1990 1101 2027 locum
1133 1989 1301 2039 quietum
1334 2002 1379 2027 ac
1415 2002 1571 2029 vacuum
1602 1995 1646 2029 ut
1674 1991 1723 2040 7,
1753 1987 1821 2030 45.

290 2060 359 2110 11,
388 2060 427 2100 7.
459 2059 498 2099 8.
528 2057 594 2097 30.
628 2056 677 2094 ob
704 2056 834 2095 oculos
862 2064 1035 2108 poneret.
1084 2058 1328 2109 Quapropter
1356 2057 1446 2095 mihi
1474 2058 1626 2108 quidem
1661 2064 1821 2108 magno-

288 2139 380 2178 pere
407 2126 589 2179 probatur
623 2125 890 2175 Capmartinii
912 2125 1055 2175 opinio.

400 2297 441 2343 *)
460 2297 640 2343 Duntzer,
669 2308 863 2344 quanquam
891 2307 1028 2331 versum
1054 2297 1323 2332 antecedentem
1343 2302 1442 2332 recte
1468 2296 1727 2343 interpretatus
1750 2302 1820 2345 est,

288 2356 346 2390 hic
366 2355 471 2390 etiam
491 2355 797 2401 peregrinationes
814 2353 993 2398 intelligit.

371 2421 431 2468 **)
452 2424 546 2459 Mire
566 2423 763 2458 Hocheder:
790 2422 890 2467 „Die
910 2421 1153 2456 Uebersetzer
1176 2422 1292 2467 geben
1311 2432 1475 2467 caupona
1499 2421 1630 2456 durch.
1657 2421 1820 2468 Gnathos,

289 2481 431 2514 woraus
449 2486 543 2515 etwa
570 2481 698 2523 laedit,
721 2478 789 2513 wie
819 2488 925 2514 unser
947 2479 1082 2524 prellen
1103 2489 1147 2513 zu
1174 2479 1291 2513 sassen
1311 2489 1421 2512 ware.
1473 2479 1547 2513 Mir
1566 2477 1705 2513 scheint
1733 2477 1821 2513 aber

290 2537 400 2571 durch
419 2538 538 2572 dieses
553 2537 661 2571 Wort
674 2536 765 2571 noch
786 2536 864 2571 eine
884 2536 1018 2570 Zuthat
1036 2546 1079 2569 zu
1094 2536 1172 2570 dem
1187 2536 1404 2570 Schlummer
1421 2536 1614 2571 stfirenden
1629 2535 1820 2582 ger-§usch-

289 2594 408 2628 vollen
427 2595 551 2629 Leben
570 2595 678 2629 Roms
697 2593 858 2639 gegeben
876 2604 918 2627 zu
936 2594 1031 2637 sein,
1052 2604 1091 2627 so
1111 2593 1193 2628 dass
1212 2593 1277 2628 das
1291 2594 1398 2627 Wort
1416 2592 1486 2627 wie
1508 2593 1566 2628 ein
1587 2591 1819 2628 Collectivm

291 2669 345 2675 ——
359 2651 600 2686 Mci‘lclerei—
621 2662 665 2685 zu
689 2651 809 2685 fassen
831 2651 892 2689 ist.
907 2650 931 2669 ‘⁴
971 2649 1110 2692 Quodsi
1129 2651 1299 2685 Scaevam
1320 2661 1433 2695 prope
1462 2656 1600 2695 portam
1629 2650 1818 2695 Capenam,

290 2706 350 2739 ubi
365 2708 534 2751 plurimae
549 2709 722 2742 tabernae
739 2712 840 2742 erant.
861 2706 963 2751 (Cic.
974 2708 1018 2742 ad
1036 2708 1106 2749 Qu.
1127 2708 1247 2755 Fratr.
1267 2707 1300 2751 3,
1317 2708 1357 2751 7)
1378 2712 1415 2741 et
1430 2706 1543 2741 rheda
1555 2706 1675 2741 ibatur
1687 2705 1816 2750 (Mart.

291 2761 325 2804 3,
346 2760 407 2809 47,
430 2766 447 2798 1
465 2764 585 2809 —5),
605 2764 785 2799 habitasse
800 2763 1028 2808 crediderim,
1051 2775 1147 2798 suum
1163 2763 1286 2809 cuique
1305 2763 1527 2809 relinquetur
1541 2762 1720 2808 judicium.

366 2827 441 2874 ***)
471 2831 650 2877 Oppidum
672 2831 888 2878 Campaniae
917 2843 1018 2866 nemo
1041 2832 1109 2866 nisi
1138 2832 1280 2867 Bothius
1299 2831 1345 2865 ad
1373 2831 1480 2865 Fean
1511 2833 1550 2864 et.
1574 2829 1602 2863 ii
1624 2830 1814 2872 noverunt,

294 2884 353 2929 qui
373 2886 614 2923 Ferentinates
632 2889 726 2933 apud
745 2888 838 2923 Plin.
858 2889 905 2923 H.
920 2889 968 2923 N.
989 2889 1023 2934 3,
1044 2887 1078 2924 5.
1108 2889 1198 2924 male
1217 2888 1494 2935 explicaverunt.
1529 2883 1663 2919 confer
1684 2883 1729 2918 de
1747 2883 1815 2919 hac

294 2941 383 2974 omni
402 2953 441 2975 re
461 2942 680 2979 Dantzcrum
697 2956 735 2990 p.
753 2942 835 2980 470.
851 2943 888 2989 *)
