1910 3138
76 126 136 199 759

394 153 613 194 nomm
638 153 781 194 LIBRI
807 154 837 194 I.
893 152 1150 194 EPISTOLA
1177 154 1278 194 XIV.

1509 153 1593 196 189

150 279 404 342 Gen-tenus,
437 283 591 342 spinas
616 282 814 327 animone
847 295 934 342 ego
966 280 1120 326 fortius
1151 295 1205 327 ae
1234 284 1284 326 tu

141 360 331 415 hellus
355 375 467 422 agro
501 364 547 406 et
578 361 729 406 melior
761 363 816 405 sit
848 362 1059 406 Horatius
1092 375 1149 406 au
1180 375 1271 406 res.
1563 363 1590 405 5

80 486 81 489 ,
140 439 219 485 Me
251 443 441 500 quamvis
473 441 654 486 Lamiae
687 441 824 500 pietas
859 442 903 484 et
937 455 1043 486 cura
1073 443 1281 500 moratur,

137 518 336 567 Fratrem
368 521 624 580 maerentis,
658 523 782 579 rapto
819 520 873 564 de
907 520 1041 573 fratre
1075 520 1257 566 dolentis

71 655 194 691 Lamb.
224 659 262 690 et
285 656 393 691 Torr-
414 655 495 701 (qui
519 655 667 701 probat)
695 656 804 702 Cruq.

70 712 229 758 (except.
260 712 366 748 duob.
399 712 457 758 qui
482 713 629 746 Barium
656 712 804 757 habent)

69 769 182 815 ejusq.
207 769 327 804 Schol.
347 769 382 803 in
402 769 552 803 lemmat.
580 769 690 803 Pulm.
712 771 745 804 1.
770 771 803 805 2.

68 822 105 859 3.
125 822 162 860 4.
182 827 216 861 7.
238 827 294 861 10.
323 826 459 860 Bersm.
480 837 540 860 un.
564 825 690 860 Barth.
715 826 806 862 Adv.

67 879 133 926 15,
147 881 183 917 3.
204 880 283 926 (qui
299 883 447 927 probat,
468 882 531 916 sed
550 881 806 920 adverbialiter

68 938 243 983 explieat,
273 942 314 972 ut
339 938 585 983 mulq'fun'mn)
609 939 732 973 Oberl.
756 939 803 975 D.

67 993 189 1028 Comb.
208 995 252 1029 B.
274 994 317 1030 C.
334 994 399 1030 Fe.
420 997 439 1030 1
451 1021 462 1039 ,
481 1007 517 1029 a.
531 996 568 1029 b.
588 995 629 1039 (a
642 997 677 1030 1.
692 995 754 1038 m.)
770 1007 803 1029 e.

67 1050 247 1096 g.i.2,c.
263 1049 447 1096 d.e.g.h.
462 1050 702 1096 m.3,c.5,f.
717 1053 752 1095 6,
769 1062 802 1085 e.

66 1108 111 1151 7,
126 1119 160 1141 a.
174 1111 287 1142 notat.
302 1119 347 1142 ex
362 1119 423 1143 ms.
438 1107 473 1141 in
493 1108 552 1142 ed.
572 1107 652 1142 Ald.
667 1107 749 1143 501.
764 1107 802 1142 in

64 1163 162 1198 Bibl.
174 1164 257 1198 Vnt.
269 1167 307 1198 et
317 1162 399 1200 509.
413 1163 520 1198 Barb.
531 1164 631 1199 Pott.
644 1168 682 1198 et
692 1165 748 1199 1k.
762 1168 802 1198 ut

65 1219 232 1255 videntur
253 1231 344 1255 omn.
368 1233 389 1256 e
412 1219 542 1255 nostris
564 1221 686 1256 Guelf.
710 1223 744 1256 1.
763 1217 799 1255 4.

62 1275 184 1311 Berol.
206 1278 240 1312 1.
260 1276 364 1312 Dens.
388 1278 420 1312 1.
443 1279 475 1313 2.
499 1277 534 1312 3.
563 1278 674 1312 Goth.
698 1276 798 1322 Lips.

64 1334 100 1370 2.
112 1333 150 1368 3.
169 1332 265 1368 Mon.
280 1333 316 1369 b.
331 1333 358 1368 f.
373 1337 412 1368 et
431 1334 546 1368 Oreu.
561 1335 651 1368 bSd.
676 1334 756 1378 (sed
772 1335 798 1368 S

62 1401 243 1436 suprascr.
270 1390 433 1435 Veliam).
458 1390 553 1424 Edd'.
578 1391 686 1436 Cruq.
714 1387 800 1438 (nisi

58 1447 132 1491 iam
143 1447 253 1481 habet
265 1446 320 1481 ed.
335 1443 417 1482 476.
431 1458 488 1492 ap.
504 1447 645 1490 Maitt.)
659 1446 799 1484 Rodell.

62 1496 169 1538 Talb.
193 1504 300 1538 But.
323 1503 439 1537 Bentl.
463 1503 582 1538 Maitt.
607 1504 697 1538 Cun.
713 1504 799 1541 San.

61 1559 403 1598 Mervill.Jon.Phil.
413 1559 546 1594 Sandb.
554 1561 664 1594 Gesn.
673 1559 799 1594 Frane.

61 1615 168 1650 Bask.
200 1615 321 1660 Sivry.
349 1616 474 1650 Oberl.
503 1616 625 1651 Comb.
651 1615 798 1660 Dorigh.

62 1672 209 1706 Wakef.
238 1671 328 1706 Bad.
354 1672 477 1721 Wetz.
505 1673 617 1708 zeun.
651 1673 799 1707 Haberf.

61 1728 171 1763 Dara.
191 1728 354 1762 Praedie.
381 1727 492 1763 Huut.
516 1729 582 1764 Fe.
610 1729 689 1775 (qui
707 1729 800 1773 des.)

60 1784 116 1819 lk.
130 1785 229 1819 Pott.
243 1789 282 1819 et
294 1788 445 1819 reoentt.
464 1785 624 1825 Barium,
639 1786 728 1821 Mss.
743 1798 800 1820 re-

62 1839 126 1886 liq.
154 1853 176 1876 e
202 1841 334 1876 nostris
364 1842 483 1876 Guelf.
503 1844 536 1878 2.
561 1843 598 1877 3.
627 1842 745 1878 Berol.
766 1844 799 1878 2.

62 1898 167 1933 Gott..
188 1899 220 1932 1.
240 1899 274 1934 2.
293 1898 406 1932 Dorv.
426 1900 459 1934 2.
479 1898 621 1935 Corbei.
641 1900 743 1945 Lips.
763 1900 797 1933 1.

37 1953 140 1999 ⁸eod.
166 1953 314 1989 Meutel.
341 1954 504 1990 Rudolst.
531 1960 568 1990 et
592 1956 689 1990 Mon.
709 1968 743 1990 a.
764 1967 796 1989 c.

59 2011 171 2054 (corr.
198 2022 219 2044 e
245 2011 400 2053 variam)
434 2011 470 2046 d.
499 2023 535 2056 g.
564 2012 589 2046 l.
617 2024 664 2049 m.
702 2014 798 2056 (cum

59 2066 181 2100 Schol.
196 2067 267 2111 „ad
282 2067 461 2102 castellum
473 2068 667 2114 proximum
680 2069 718 2103 in
732 2070 798 2104 Sa-

59 2121 199 2168 binis“)
209 2123 344 2158 Victor.
354 2123 444 2160 Edd.
454 2126 551 2170 vulg.
563 2125 665 2160 etium
673 2127 795 2161 Lamb.

59 2178 170 2214 Tou.
199 2180 284 2214 Suu.
312 2180 399 2214 [vab.
428 2182 558 2216 Zurck.
593 2187 631 2217 et
657 2183 792 2217 Valast.

58 2233 204 2270 nurum.
214 2236 286 2270 Με.
297 2236 396 2271 Μοιι.
408 2249 440 2271 e.
455 2238 573 2272 Varia.
583 2239 672 2273 Mss.
685 2240 795 2284 Cruq.

59 2288 96 2324 3.
112 2291 149 2325 6.
166 2291 246 2336 (qui
264 2295 487 2338 comprobat,
514 2306 585 2329 non
602 2296 730 2340 Baria,
757 2300 798 2330 ut

0 2340 3 2343 ¹
61 2345 172 2380 Genu.
182 2347 305 2382 Comb.
318 2353 356 2382 et
364 2349 469 2384 Both.
481 2350 619 2395 dicunt)
631 2356 669 2386 et
680 2352 793 2386 Orell.

61 2411 95 2434 e.
109 2399 229 2438 Baria.
242 2402 332 2437 Eud.
349 2405 474 2440 Venet.
488 2404 570 2442 483.
587 2409 644 2444 86.
660 2409 718 2443 90.
735 2409 794 2443 92.

59 2456 160 2500 Lips.
170 2453 251 2492 492.
260 2457 342 2492 Δια.
353 2459 433 2495 519.
446 2461 588 2498 Veliam.
600 2464 670 2498 Ms.
682 2464 795 2498 DorV.

60 2513 95 2546 1.
115 2511 198 2556 (sed
216 2523 390 2558 superscr.
409 2516 510 2560 Bal.)
537 2524 576 2553 et
601 2519 716 2554 Orell.
744 2520 795 2562 8.,

60 2570 101 2602 ut
121 2571 223 2602 antea
245 2568 483 2606 indicavimus.
514 2572 662 2609 raziam.
688 2576 792 2620 Conj.

60 2624 171 2670 Cruq.
200 2624 356 2660 Barium.
384 2627 455 2663 Ed.
478 2627 574 2668 Junt,
591 2629 674 2666 503.
698 2636 795 2666 teste

59 2680 149 2715 Fen.

115 2736 161 2769 V.
179 2733 215 2771 4.
244 2737 358 2771 auimo
375 2738 492 2782 spinae
510 2749 591 2785 ego.
609 2741 680 2776 Ms.
695 2743 794 2777 Mon.

61 2790 98 2824 d.
107 2793 311 2837 —sortion
324 2792 394 2828 Ms.
412 2793 464 2827 1k.
474 2792 509 2828 5.
522 2813 580 2820 -—-
589 2796 634 2831 V.
645 2796 680 2832 5.
695 2799 797 2832 Evel-

62 2853 122 2886 ιιι.
137 2847 226 2883 Μεε.
241 2848 373 2884 Bersm.
387 2854 473 2884 tres.
490 2850 555 2885 Fe.
572 2852 604 2894 1,
620 2851 655 2886 b.
669 2853 694 2887 i.
709 2866 745 2898 p.
763 2855 795 2896 2,

849 668 882 691 c.
907 655 948 701 3,
974 656 1001 692 f.
1027 655 1066 701 5,
1090 667 1123 691 a.
1147 657 1198 699 6,-
1218 667 1251 691 a.
1277 653 1332 690 nx.
1356 656 1391 690 1.
1421 655 1534 691 Orell.
1553 668 1586 691 e.

850 715 1048 758 (superscr.
1072 713 1129 757 a.)
1153 713 1189 747 d.
1215 712 1335 747 Guelf.
1355 708 1394 746 4.
1421 712 1526 748 Dm.
1553 715 1587 749 2.

849 770 949 814 Lips.
974 771 1066 810 1.,2.
1088 788 1145 795 —-
1170 769 1322 804 oratius.
1342 768 1430 803 Mes.
1452 770 1588 805 norm

850 829 925 860 tres
940 826 1019 872 (qui
1029 826 1192 873 probat).
1210 825 1314 860 Desa.
1327 827 1362 862 2.
1375 845 1434 852 -
1448 831 1587 862 metm.

848 882 918 917 Ms.
933 883 1033 918 Mon.
1049 894 1082 917 e.
1099 893 1148 917 an
1165 894 1236 918 nu.
1255 881 1314 918 Ex
1329 883 1532 927 conjectura
1544 883 1590 918 Ι).

848 939 994 982 Heius„
1013 950 1115 986 quem
1128 943 1323 985 sequuntur
1340 939 1493 984 euning.
1509 939 1589 986 (qui

848 995 921 1030 def.
937 995 975 1030 in
987 996 1171 1031 Animadv.
1186 1008 1218 1030 c.
1234 997 1267 1031 2.
1283 1008 1322 1042 p.
1334 996 1411 1040 19.)
1427 1000 1465 1030 et
1478 997 1589 1031 Prae·

848 1051 931 1095 dic„
946 1057 1067 1087 contra
1078 1052 1236 1098 disputat
1245 1052 1376 1096 Bentl„
1392 1063 1494 1098 quem
1504 1053 1588 1088 vide

847 1113 886 1142 et
908 1110 997 1144 Jum.
1027 1109 1206 1144 Tunstall.
1235 1120 1295 1154 ap.
1321 1109 1517 1145 Duncomb.
1535 1111 1585 1145 Π.

846 1176 882 1211 p.
897 1164 979 1201 615.
1002 1165 1191 1212 Scriptura
1212 1177 1268 1200 ree
1288 1166 1380 1200 bene
1403 1178 1442 1200 se
1466 1166 1587 1211 habet,

846 1231 949 1268 quum
970 1235 1026 1257 ree
1046 1222 1103 1256 hic
1124 1226 1165 1257 ut
1187 1221 1274 1256 alias
1299 1229 1500 1268 opponatur
1525 1224 1589 1259 do-

844 1279 951 1322 mino,
963 1278 990 1314 i.
1006 1291 1039 1314 e.
1049 1279 1215 1314 Horatio.
1232 1278 1319 1312 eum
1331 1279 1480 1314 Heinsio
1491 1280 1588 1326 Rap-

843 1336 963 1381 poltus
978 1347 1115 1381 qnoque
1130 1348 1165 1381 p.
1179 1337 1261 1371 726.
1274 1335 1374 1373 fucit.

899 1393 945 1429 V.
957 1394 992 1427 6.
1004 1392 1051 1427 M
1050 1406 1068 1427 e
1076 1393 1220 1426 Lamiae
1228 1393 1394 1436 quamv&-
1405 1392 1476 1427 Ms.
1486 1394 1586 1446 Μριι.

844 1448 870 1483 1.
889 1467 937 1474 ——
955 1454 1127 1484 moratur.
1143 1449 1232 1483 Mss.
1243 1449 1353 1494 vulg„
1367 1449 1437 1483 nisi
1451 1451 1587 1497 excipis

845 1505 955 1551 Cruq.
982 1508 1020 1539 et
1045 1506 1174 1550 Talb„
1203 1506 1264 1550 qui
1286 1506 1333 1539 de
1355 1506 1429 1540 suis
1451 1509 1585 1543 tacent.

843 1561 939 1596 Edd.
954 1562 1048 1606 vulg.
1064 1568 1231 1597 moretur.
1246 1562 1336 1596 Mss.
1350 1562 1462 1597 Pulm.
1477 1564 1515 1599 3.
1528 1566 1585 1599 11.

843 1618 925 1657 val.
938 1622 1030 1653 octo.
1045 1619 1112 1654 Fe.
1127 1620 1161 1664 1,
1176 1631 1212 1664 g.
1228 1631 1263 1664 q.
1280 1630 1310 1653 s.
1327 1621 1361 1664 2,
1375 1620 1403 1654 f.
1415 1620 1456 1664 (a
1469 1623 1504 1658 2.
1518 1620 1586 1666 ιιι.)

844 1673 879 1718 5,
895 1674 923 1707 f.
937 1676 972 1718 6,
988 1687 1020 1710 c.
1036 1676 1157 1710 Guelf.
1174 1678 1207 1710 1.
1223 1675 1323 1710 Mon.
1338 1688 1370 1711 c.
1385 1677 1481 1712 Edd.
1493 1678 1585 1713 Veu.

844 1730 1044 1775 (Britann.)
1076 1731 1157 1768 520.
1190 1733 1314 1767 Lamb.
1352 1734 1462 1779 cmq.
1494 1726 1585 1769 Min'⁸

842 1786 979 1823 Bersm.
1001 1789 1110 1823 Talb.
1123 1790 1145 1824 J
1148 1802 1206 1824 ou.
1221 1789 1358 1825 Sandb.
1373 1790 1509 1837 charp.
1530 1791 1586 1825 De

843 1844 973 1890 partic.
989 1846 1142 1888 quamvis
1155 1857 1229 1881 cum
1248 1846 1446 1882 ludicativo
1462 1849 1586 1893 iuncta

842 1900 918 1935 vid.
933 1901 1089 1937 Schmid.
1108 1904 1153 1937 ad
1171 1904 1207 1939 h.
1226 1902 1250 1938 1.
1270 1903 1385 1940 Lfibk.
1402 1905 1449 1938 ad
1463 1904 1533 1939 Od.
1548 1905 1584 1948 3,

841 1958 877 2002 7,
893 1957 948 1993 25.
963 1958 1138 1994 Wfistem.
1152 1960 1197 1994 ad
1208 1960 1287 1994 Sat.
1304 1961 1336 2005 2,
1350 1960 1384 2005 5,
1401 1960 1456 1996 15.
1469 1961 1583 1994 Loers

842 2014 887 2048 ad
901 2014 1009 2048 Ovid.
1025 2015 1139 2051 Trist.
1156 2018 1173 2051 1
1186 2043 1196 2060 ,
1213 2018 1254 2059 2,
1269 2018 1333 2058 11;
1353 2017 1460 2051 miror
1475 2016 1584 2060 igitur

840 2070 1080 2105 Weichertum
1093 2070 1231 2118 (Lectt,
1243 2073 1374 2107 Venus.
1386 2085 1423 2118 p.
1437 2074 1514 2116 76.)
1529 2072 1583 2106 in-

841 2131 974 2162 certum
988 2128 1162 2173 haesisse,
1176 2133 1290 2163 utram
1303 2128 1513 2174 scripturam
1525 2139 1582 2162 se-

841 2189 1021 2229 queretur.

896 2241 941 2274 V.
953 2242 986 2275 7.
1001 2242 1167 2276 Fratrem
1176 2240 1343 2275 mirantis.
1358 2240 1580 2285 Conj.Both.

840 2296 877 2329 in
906 2297 964 2331 ed.
995 2298 1109 2332 Gesn.
1121 2323 1132 2341 ,
1176 2297 1239 2330 sed
1271 2297 1430 2330 refutant
1464 2297 1581 2342 Jahn„

842 2351 997 2386 Schmid.
1018 2353 1064 2387 ad
1082 2353 1117 2387 h.
1136 2353 1161 2386 1.
1182 2357 1219 2386 et
1238 2352 1434 2387 Weichert.
1460 2353 1580 2388 Lectt.

841 2409 974 2443 Venus.
990 2420 1028 2452 p.
1041 2410 1100 2444 76.
1127 2409 1182 2442 De
1201 2408 1493 2443 homoeoteleutis
1509 2421 1580 2445 ιιοιι

841 2464 943 2498 nimis
959 2463 1062 2498 auxie
1075 2463 1230 2498 vitandis
1245 2464 1319 2498 vid.
1335 2475 1424 2510 quos
1437 2466 1579 2502 laudavi

840 2520 886 2554 ad
907 2522 949 2563 1,
971 2521 1011 2562 1,
1031 2521 1089 2555 68.
1110 2532 1146 2565 p.
1167 2521 1226 2555 82.
1247 2520 1362 2558 Orell.
1381 2521 1478 2558 adh.
1496 2524 1522 2558 l.
1540 2526 1580 2559 et

838 2575 943 2610 Jahn.
971 2576 1016 2609 ad
1037 2575 1140 2620 Virg.
1166 2575 1255 2611 Aen.
1273 2574 1315 2621 4,
1334 2577 1414 2614 256.
1431 2581 1474 2624 6,
1493 2579 1576 2616 310.

841 2632 888 2666 Ο.
902 2632 1005 2665 Jahn.
1029 2631 1074 2665 ad
1097 2632 1199 2667 Pers.
1216 2634 1250 2667 1.
1269 2645 1306 2679 p.
1322 2635 1403 2682 108.
1421 2636 1575 2672 Hertzb.

839 2687 885 2721 ad
903 2688 1014 2732 Prop.
1032 2688 1060 2722 1.
1081 2699 1119 2733 p.
1134 2687 1203 2723 175
1215 2701 1295 2736 sqq.
1318 2710 1375 2717 —-
1398 2693 1443 2727 de
1459 2698 1574 2740 νφῠο.

839 2742 909 2776 Ms.
925 2743 1023 2777 Mon.
1043 2754 1076 2776 e.
1089 2750 1193 2790 rapto
1211 2751 1246 2781 et
1264 2748 1318 2782 de.
1333 2747 1454 2784 Berol.
1467 2751 1503 2785 l.
1517 2769 1576 2777 ·—-

839 2798 981 2832 dolenti.
1009 2799 1080 2834 Ms.
1102 2812 1146 2836 m.
1173 2802 1268 2838 Edd.
1291 2804 1382 2840 ven.
1402 2802 1486 2842 483.
1512 2808 1572 2843 86.

839 2854 940 2899 Lips.
956 2851 1038 2891 492.
1057 2855 1166 2894 Lech.
1183 2856 1266 2895 498.
1289 2860 1310 2894 2
1334 2862 1344 2896 !
1371 2862 1417 2898 V.
1433 2864 1468 2898 7.
1484 2866 1522 2898 et
1535 2864 1571 2899 8.
