1910 3138
105 178 186 221 165
232 177 512 219 conam.
531 178 589 218 1N
607 179 731 218 nou
751 178 850 218 Lm.
870 179 898 218 1.
932 179 1097 218 Ems‘r.
1122 147 1489 220 UNnEwcssm.
1537 177 1621 220 513

103 290 301 338 chilochs’,
332 291 358 328 i.
385 305 419 330 e.
446 293 610 330 numeris
633 290 843 344 (ῥυθμοῖς)
872 293 1057 344 variisque
1091 305 1263 331 versuum
1289 292 1512 343 generibus,
1540 295 1625 344 qui-

103 357 175 396 bus
201 356 442 396 Archilochus
470 363 621 410 praeter
643 359 792 410 jambos
812 373 902 398 usus
931 365 990 398 est
1014 372 1186 410 quaeque
1214 360 1265 398 illi
1291 361 1370 398 suis
1398 361 1622 399 carminibus

102 425 398 477 immiscuerunt,
426 428 496 465 sed
529 426 706 477 dispares
734 425 850 464 rebus
866 455 877 470 ,
904 428 930 464 i.
964 440 998 465 e.
1026 428 1255 477 argumentis
1283 427 1332 465 ab
1365 428 1456 479 ipsis
1484 431 1624 466 tracta-

102 493 173 542 tis,
209 498 250 533 et
273 494 435 540 ordine,
468 495 494 536 i.
522 508 555 534 e.
591 507 763 533 versuum
799 497 897 534 inter
926 508 968 532 se
1006 495 1257 543 connexione,
1301 496 1353 533 uti
1386 499 1495 534 acute
1529 496 1623 534 vidit

106 559 316 609 Wacker,
351 562 419 600 Vir
445 575 625 603 summus.
666 561 854 599 Mascula
882 567 1006 600 autem
1035 563 1171 600 dicitur
1194 562 1359 613 Sappho
1382 566 1541 614 propter
1563 563 1623 600 iu-

101 629 200 679 genii
234 629 309 669 vim
323 627 385 681 ²⁸¹),
427 642 501 681 qua
538 630 644 681 ipsos
688 634 824 681 poetas
857 630 1044 680 aequavit.
1110 628 1227 667 Paulo
1263 630 1459 681 augustius
1495 629 1620 668 Schol.

103 777 173 812 deu
180 776 379 811 Charakter
389 777 455 811 der
464 776 603 811 Poesie.
615 775 698 821 Vgl.
710 777 742 820 1,
754 777 786 820 1,
797 776 854 812 99.
868 775 982 811 Plaut.
994 776 1100 814 Trin,
1114 774 1223 813 421.“
1245 776 1297 810 De
1309 777 1375 810 hac
1387 787 1422 810 v.
1436 776 1559 811 ordine
1568 775 1623 811 in-

102 833 357 880 terpretatione
367 844 479 879 paene
489 833 657 878 adducor,
671 838 713 866 ut
726 832 759 866 ei
773 833 960 876 assentiar,
974 832 1018 866 de
1029 832 1326 878 interpretatione
1335 832 1430 878 pedis
1444 843 1511 866 non
1524 831 1621 867 item.

213 888 252 934 ¹⁸¹)
270 890 376 924 eous.
391 900 482 936 quae
500 890 550 924 Sa
601 888 645 923 ho
665 890 710 924 de
728 901 768 923 se
787 889 866 934 ipsa
889 889 982 935 apud
1002 890 1111 924 Ovid.
1130 890 1216 924 Her.
1232 890 1286 934 15,
1307 891 1352 925 27
1366 901 1420 935 sq.
1442 889 1547 923 dicit.
1577 891 1624 924 At

101 946 185 981 nilus·
202 942 455 992 Pegasides
405 942 566 981 car-atina
605 946 807 980 landissima
824 946 973 980 dictant:
996 946 1078 979 Jam
1097 946 1235 981 canitur
1254 952 1326 980 toto
1343 958 1471 980 nomen
1488 946 1525 980 in
1542 946 1623 980 orbe

99 1014 225 1038 meum.
241 1002 314 1038 Nec
319 983 1090 1048 plmjtc‘aeiissscffiffrffiffnffluelyraeque
1097 1003 1335 1037 laudishabel.
1349 1002 1504 1046 quamvis
1510 1013 1623 1048 gran-

101 1058 365 1094 diusillesonet.
385 1059 506 1095 strab.
522 1059 578 1102 13,
595 1060 628 1095 2.
644 1071 681 1104 Ρ.
701 1058 780 1094 137.
797 1059 959 1093 Tauchn.
975 1059 1114 1093 Delect.
1131 1059 1258 1104 Epigr.
1275 1070 1391 1103 graec.
1400 1056 1435 1102 4,
1446 1058 1550 1094 25—
1562 1059 1620 1094 28.

99 1114 167 1156 (ih,
182 1115 246 1150 Fr.
259 1115 403 1159 Jacobs)
427 1116 536 1149 Dorv.
552 1115 597 1150 ad
612 1114 750 1150 Charit.
766 1114 800 1158 3,
823 1116 856 1151 9.
879 1127 913 1161 p.
928 1112 1010 1149 408.
1031 1116 1150 1149 Rader
1168 1116 1213 1150 ad
1233 1115 1338 1150 Mart.
1357 1117 1391 1159 7,
1410 1115 1455 1150 58
1477 1116 1566 1160 (68),
1585 1115 1620 1149 9.

100 1176 139 1206 et
153 1182 242 1218 quos
256 1172 377 1207 laudat
394 1172 592 1206 laudatores
607 1171 770 1217 Sapphus
785 1171 944 1206 Welcker
957 1172 992 1205 in
1007 1171 1209 1207 doctissima
1222 1171 1490 1206 dissertatione:
1506 1172 1623 1216 „Sap-

100 1228 171 1274 pho
186 1240 257 1264 von
270 1227 382 1263 ciuem
399 1228 654 1263 berrschenden
668 1229 872 1262 Vorurtheil
885 1228 1057 1263 befreit.“
1078 1229 1202 1263 Kleine
1211 1229 1347 1263 Schrft.
1360 1229 1434 1272 „IL
1451 1240 1487 1274 p.
1498 1229 1543 1264 82
1553 1239 1620 1274 sq.,

100 1296 145 1319 ue
173 1296 432 1322 commemorem
459 1286 518 1320 Jo.
549 1286 631 1320 Chr.
662 1285 825 1331 Wofium
853 1284 889 1319 in
918 1285 1054 1332 Sapph.
1086 1286 1247 1332 poetriae
1282 1286 1387 1319 Lesb.
1416 1285 1556 1329 Fragm.
1584 1290 1622 1318 et

100 1342 206 1386 Rlog.
226 1353 264 1387 p.
281 1343 347 1378 168
361 1354 440 1387 sqq.
474 1342 527 1376 Ab
547 1341 625 1385 illa,
647 1353 747 1387 quam
764 1352 873 1387 supra
895 1341 1073 1387 posuimus
1085 1369 1095 1387 ,
1115 1341 1411 1387 interpretatione
1431 1353 1499 1375 nou
1518 1341 1623 1375 dissi-

99 1397 187 1432 dent
204 1398 410 1443 Lambinus,
430 1399 643 1443 Schmidt'us,
665 1398 810 1433 Bothius
827 1410 886 1444 ap.
907 1398 971 1433 Fe.
985 1425 994 1442 ,
1027 1399 1196 1442 Orellius,
1224 1399 1421 1442 Hoclleder,
1450 1398 1621 1440 Diiutzer,

100 1453 369 1500 micabat-ger,
398 1460 436 1488 et
454 1466 530 1488 eam
547 1455 679 1500 probat
701 1455 904 1499 Bernhardy
922 1454 946 1491 Ι.
969 1455 994 1488 l.
1022 1467 1058 1500 p.
1076 1453 1160 1490 489.
1190 1455 1325 1489 Contra
1342 1455 1386 1489 F.
1407 1454 1464 1490 W.
1484 1454 1622 1487 Richte-

99 1523 200 1554 νιιιιι,
220 1509 318 1556 quil.
335 1511 360 1546 l.
384 1523 421 1556 p.
437 1511 493 1545 19.
515 1511 609 1554 „deu
627 1510 846 1546 mannlichen
860 1511 1038 1556 Schwung
1057 1512 1121 1546 der
1141 1511 1279 1546 Verse“
1303 1510 1432 1554 sentit,
1461 1510 1622 1555 disputat

104 1566 262 1601 Welcker
280 1567 328 1600 Π.
348 1579 386 1612 Ρ.
407 1569 485 1602 116.
506 1567 715 1601 senteutiam
733 1578 852 1602 eorum
872 1570 1119 1613 comprobans,
1145 1569 1204 1614 qui
1223 1579 1297 1602 cum
1317 1569 1501 1609 Turnebo,
1530 1567 1621 1599 Bar—

99 1622 190 1667 th‘o,
219 1622 295 1657 Jos.
316 1623 501 1669 scaligero
530 1623 679 1668 (Auson.
699 1624 819 1658 Lectt.
839 1626 873 1668 2,
895 1626 966 1670 18.)
991 1627 1104 1660 saltus
1122 1626 1234 1660 viriles
1254 1624 1446 1669 significari
1476 1622 1621 1667 opinan—

98 1683 171 1718 tur.
205 1679 443 1725 Porphyrioni,
466 1691 613 1725 quocum
627 1681 803 1715 consentit
817 1681 962 1715 Auctar.
977 1681 1106 1720 Comm,
1127 1687 1201 1716 vet.
1221 1693 1280 1726 ap.
1296 1682 1406 1726 Cruq.
1427 1680 1618 1714 masculam

97 1735 182 1779 „vel
203 1735 286 1781 quia
303 1733 338 1769 in
358 1735 498 1781 poetico
518 1737 634 1771 studio
655 1742 797 1771 versata
815 1742 890 1781 est,
910 1738 946 1771 iu
961 1749 1029 1783 quo
1044 1738 1185 1784 saepius
1204 1737 1432 1782 enituit,·vel
1452 1735 1533 1781 quia
1555 1735 1620 1769 tri-

98 1792 163 1826 bas
184 1791 383 1826 diffamatur
401 1793 534 1828 suisse“
553 1793 686 1828 dicenti
699 1793 737 1828 in
754 1793 820 1828 hac
842 1794 978 1839 quidem
998 1807 1039 1829 re
1058 1794 1250 1829 assentitur
1274 1794 1498 1828 Britannicus
1516 1800 1552 1826 et
1573 1795 1619 1825 ad

98 1847 135 1883 h.
148 1848 173 1883 l.
189 1855 226 1883 et
242 1848 286 1883 ad
303 1848 385 1883 JuV.
401 1851 435 1892 6,
450 1850 531 1885 311.
547 1852 581 1894 2,
597 1848 655 1886 47.
678 1851 766 1885 Eam
779 1851 989 1885 sententiam
1003 1864 1071 1886 nou
1085 1851 1272 1896 repudiant
1290 1850 1321 1882 V
1319 1851 1420 1895 olger
1430 1849 1467 1883 in
1482 1848 1616 1894 Sapph.

99 1904 216 1939 carm.
239 1909 276 1939 et
302 1904 442 1950 Fragm.
460 1906 560 1952 (Lps.
580 1907 682 1950 1810)
701 1919 738 1952 Ρ.
756 1907 913 1946 XXXII.
935 1914 972 1942 et
990 1909 1101 1942 Plehn
1128 1908 1162 1941 in
1182 1907 1347 1941 Lesbiae.
1374 1905 1453 1939 libr.
1476 1918 1510 1950 p.
1527 1905 1616 1946 186„

97 1972 164 2007 pro
182 1968 268 1994 vero
287 1961 390 1996 simili
407 1963 514 1997 habet
530 1962 647 1998 Duru.
680 1964 805 2009 Neque
824 1975 867 1998 ea
886 1963 1005 2010 opinio
1028 1964 1120 1998 omni
1142 1961 1401 2009 probabilitatis
1421 1962 1540 2006 specie
1559 1973 1618 1994 ca-

98 2022 175 2061 ret,
199 2017 230 2051 si
251 2017 442 2052 contuleris
461 2019 679 2054 Luciauum'
668 2031 704 2053 m
725 2020 818 2055 Dial.
838 2026 978 2055 meretr.
994 2019 1028 2063 5,
1044 2023 1077 2056 2.
1096 2020 1184 2054 male
1203 2024 1419 2053 narrantem.
1444 2014 1616 2054 τοιαύτας

97 2070 168 2117 ’γὰρ
188 2069 227 2107 ἐν
244 2070 368 2120 Λέσβῳ
388 2071 527 2117 λέγουσι
541 2077 716 2119 γυναῖκας
734 2071 984 2121 ἆρῤενωπούς,
1007 2072 1066 2110 ὑπ’
1082 2071 1228 2118 ἀνδρῶν
1245 2072 1310 2118 μὲν
1331 2069 1396 2108 otiu
1420 2068 1617 2110 ἐθελούσας

99 2124 190 2164 αυτὸ
215 2125 388 2174 πάσχειν,
410 2131 550 2174 γυναιξὶ
570 2128 611 2165 δε
630 2132 895 2175 πλησιαζούσας
916 2142 1034 2173 ωσπερ
1054 2127 1204 2173 ἄνδρας.
1246 2131 1342 2164 Alios
1362 2130 1457 2162 locos
1483 2127 1617 2162 indicat

103 2185 260 2220 Welcker
283 2197 318 2231 p.
343 2187 400 2221 86.
422 2187 470 2223 N.
496 2185 551 2222 14.
572 2193 610 2222 et
627 2200 664 2252 p.
686 2190 765 2224 120.
786 2190 831 2227 N
859 2189 915 2223 68.
959 2188 1110 2221 Mediam
1130 2198 1214 2231 quas
1199 2188 1230 2220 si
1247 2184 1507 2230 interpretandi
1525 2185 1616 2220 viam

99 2253 175 2276 cum
194 2242 378 2276 Tor-remia
393 2248 431 2277 et
444 2243 626 2279 Baoetero
615 2244 642 2277 1i
659 2245 801 2288 ineunt,
823 2244 882 2288 qui
895 2244 1156 2289 ambiguitatem
1172 2243 1292 2276 nolunt
1311 2249 1490 2275 remotam.
1521 2240 1616 2282 Quid

99 2299 145 2332 de
171 2299 239 2332 hoc
266 2298 342 2332 loco
366 2300 605 2335 Buttmannus
634 2301 805 2343 senserit,
840 2311 883 2333 ex
903 2301 977 2344 ejus
1006 2299 1253 2334 dissertatione
1273 2323 1299 2344 „
1311 2297 1423 2332 Uiber
1451 2298 1515 2331 das
1543 2298 1616 2332 Ge-

99 2353 330 2389 schichtliche
354 2355 421 2389 und
452 2356 510 2390 die
533 2355 794 2402 Auspielungen
820 2356 864 2389 im
890 2356 1032 2389 Horaz“
1061 2356 1096 2389 in
1117 2356 1305 2388 Comment.
1333 2355 1411 2388 Soc.
1435 2354 1550 2387 Berol.
1579 2365 1612 2388 a.
1645 2373 1647 2375 ·

100 2407 192 2445 1804
205 2428 260 2434 —-
276 2411 375 2445 1811.
394 2423 431 2457 p.
453 2408 512 2447 42.
540 2418 645 2458 atque
664 2424 707 2446 ex
726 2411 875 2457 praefat.
900 2411 1044 2455 Mythol.
1066 2412 1114 2445 Π.
1136 2409 1358 2455 perspicitur.
1386 2410 1490 2444 Conf.
1510 2409 1616 2445 etiam

103 2466 345 2500 Walckenoer.
365 2469 410 2501 11.
430 2479 466 2512 p.
481 2469 527 2503 69
541 2479 595 2514 sq.
613 2475 650 2502 et
664 2481 699 2513 p.
713 2467 800 2510 355,
818 2466 876 2501 ubi
893 2466 922 2500 is
942 2468 1085 2512 Sappho
1100 2467 1287 2500 masculam
1308 2466 1385 2509 „les
1404 2465 1526 2500 chants
1545 2467 1615 2501 mzi-

99 2522 152 2555 les
171 2521 216 2554 de
238 2520 383 2565 Sapho“
405 2523 503 2558 dicit.
539 2524 673 2565 Quodsi
695 2524 836 2558 Damus
858 2522 919 2557 tali
946 2522 1230 2567 interpretationi
1254 2522 1426 2556 rationem
1450 2523 1614 2558 carminis

101 2576 268 2622 Sapphici
295 2578 484 2612 convenire
510 2585 635 2624 negat:
668 2580 723 2623 „11
746 2579 856 2612 serait
877 2577 1036 2612 d'autant
1061 2577 1139 2623 plus
1161 2577 1306 2612 difficile
1329 2578 1545 2624 d'appliquer
1571 2593 1613 2615 ce

100 2633 254 2668 mascula
270 2634 289 2666 a
307 2643 346 2666 sa
366 2633 506 2678 poesie,
528 2637 586 2680 qui
606 2634 783 2669 d’ailleurs
802 2634 855 2668 n'a
875 2634 973 2679 point
991 2646 1030 2668 ce
1051 2635 1251 2678 caractere,
1272 2645 1338 2679 que
1359 2639 1453 2669 cette
1470 2635 1549 2670 idee
1567 2649 1611 2672 ne

101 2702 140 2724 se
164 2689 282 2723 lierait
308 2699 370 2733 pas
392 2700 481 2723 avec
501 2691 588 2725 celle
611 2704 677 2736 que
703 2694 908 2735 presentent
936 2690 969 2724 le
992 2696 1064 2724 mot
1087 2696 1254 2735 temperat
1278 2696 1315 2726 et
1335 2691 1368 2725 le
1395 2697 1489 2727 reste
1510 2692 1554 2726 de
1577 2693 1611 2728 la

100 2745 284 2792 phrase‚“
317 2755 379 2778 nos
400 2756 538 2791 quoque
558 2747 725 2791 poetriarn
743 2746 779 2780 iu
807 2747 879 2780 suis
901 2745 1057 2791 strophis
1080 2746 1215 2780 mollem
1235 2758 1277 2781 ac
1298 2746 1482 2784 delicatam
1497 2761 1609 2796 neque

100 2800 364 2836 concitatiorem
384 2801 450 2835 nisi
469 2802 504 2836 in
525 2803 651 2836 ceteris
666 2802 850 2844 sentimus,
870 2807 907 2836 at
922 2801 999 2848 quis
1015 2807 1088 2845 est,
1109 2802 1168 2847 qui
1189 2803 1276 2837 illud
1291 2803 1483 2849 Epitheton
1502 2806 1611 2842 artio-

99 2858 198 2893 ribus
218 2857 386 2892 limitibus
406 2858 562 2893 includat
581 2870 622 2893 ac
640 2870 707 2893 non
727 2858 768 2893 ad
790 2858 904 2892 virilia
924 2858 1039 2893 studia
1057 2859 1158 2905 poesi
1177 2867 1302 2896 ornata
1318 2861 1478 2897 referat?
