1910 3138
87 179 140 221 15
203 172 479 217 oo-RNT.
500 173 558 212 IN
575 171 699 212 ROB.
719 170 816 210 LIB.
837 170 867 209 1.
914 169 1076 210 EPlsT.
1096 167 1254 211 TRBT.
1276 167 1450 208 Dsscln.
1518 164 1600 207 175

84 301 291 340 m&-
383 299 393 308 ‘
488 310 510 335 e
534 296 656 335 mulis
683 301 923 347 portantur,
956 294 1027 332 ned
1057 294 1177 332 etiam
1208 292 1319 332 locun
1344 292 1502 331 Romae
1529 299 1601 330 etc.

84 367 260 408 sed-hoe
285 367 513 417 teman,
547 367 581 404 si
606 366 745 404 usitata
781 375 827 402 ea
854 366 959 402 esset
984 361 1146 400 formula
1176 361 1344 400 clitellae
1369 361 1601 413 impingo-e,

83 446 185 488 qne
202 438 384 486 (nquam
409 433 651 486 proverbium
674 434 721 471 de
749 433 795 470 iis
808 458 821 481 ‚
849 432 913 482 qui
939 431 1083 469 rustica
1109 431 1256 469 ratione
1281 430 1423 482 aliquid
1439 441 1602 481 perage-

80 507 191 554 runt,
228 504 312 546 fere
338 504 606 554 usurparetur,
643 501 712 538 sed
741 489 925 550 nusquam
959 499 1060 550 apud
1089 499 1183 538 alios
1211 499 1418 549 scriptores
1444 497 1510 536 illa
1534 510 1599 536 re-

80 571 235 624 peritur,
288 571 530 622 Quapropter
564 569 691 620 posito
729 571 819 618 post
853 565 1024 604 clitellas
1060 570 1268 616 commate,
1313 565 1484 607 clitellas
1515 578 1600 604 cum

75 638 256 693 persen-e
275 638 577 690 conjungendum
597 639 638 673 et
659 635 710 673 ad
736 635 959 686 impingam
983 646 1062 672 non
1085 633 1280 680 clitellas,
1305 635 1374 672 sed
1399 635 1601 672 embron

79 707 344 760 repetundum:
386 703 548 742 abiit-ito
583 704 718 753 potius
751 703 979 750 sarcinam,
1021 715 1144 754 quam
1180 701 1252 739 ubi
1291 705 1391 754 (qua
1427 704 1602 754 coqioris

76 772 214 829 parte)
243 773 416 812 clitellas
440 772 618 824 perferre
636 770 815 818 juberis,
850 784 892 808 eo
922 769 1037 808 illam
1070 771 1273 821 impingas
1283 797 1301 816 ,
1336 770 1376 808 h.
1411 783 1446 809 e.
1478 783 1601 822 quam

79 850 188 896 tergo
216 854 304 879 anm
331 847 465 891 portes
493 846 531 876 et
564 837 643 876 hac
676 839 829 876 ratione
855 851 932 889 per
960 837 1097 876 urbem
1131 839 1315 890 vicosque
1342 838 1602 889 proficiscens

68 907 225 962 sabula
246 908 349 957 flas.
404 906 490 946 Jam
522 907 653 956 vides,
692 918 758 945 cur
791 910 870 944 tam
904 907 1013 944 anxie
1046 906 1229 945 Horatius
1263 905 1434 944 abiicere
1463 907 1602 957 potius

75 976 226 1028 jubeat3
246 987 348 1029 Vnam
383 975 416 1013 si
444 975 566 1012 bonus
604 974 716 1012 homo
746 974 843 1012 sicut
870 973 1010 1012 asellus
1036 979 1144 1025 tergo
1170 974 1349 1025 portabat
1376 974 1493 1013 libros
1501 1000 1515 1024 ,
1547 975 1603 1013 ita

78 1048 123 1082 ut
146 1049 345 1095 paternum
370 1055 579 1092 cognomen
605 1043 646 1080 in
678 1042 793 1080 risum
819 1046 974 1080 vertens
1009 1041 1059 1079 ab
1098 1041 1249 1080 urbanis
1286 1044 1415 1080 asinus
1452 1040 1603 1082 audiret

79 1116 120 1150 et
154 1109 281 1150 fabula
314 1109 423 1149 fieret
455 1110 660 1161 digitisque
694 1113 992 1159 monstraretur,
1037 1110 1087 1148 ad
1120 1111 1242 1160 ipsum
1273 1109 1472 1149 Horatium
1504 1111 1601 1149 risus

78 1177 325 1219 redumhbut.
374 1175 524 1216 Deinde
553 1190 669 1227 vero,
699 1188 818 1215 meam
848 1178 881 1214 si
913 1177 1083 1227 sequeris
1110 1177 1317 1226 rationem,
1351 1177 1452 1215 salsa
1485 1189 1602 1228 quae·

77 1247 164 1285 dnn
181 1245 307 1285 verbis
326 1258 407 1296 quo
418 1245 525 1296 perf.
541 1243 700 1293 juberis
720 1243 803 1284 elit.
829 1245 929 1283 inest
957 1244 1204 1298 ambiguitas,
1233 1257 1348 1295 quum
1375 1257 1453 1282 non
1477 1245 1599 1283 solum

75 1314 201 1353 faceto
224 1314 266 1351 in
291 1313 442 1351 nomine
467 1312 551 1351 lusu
578 1314 691 1355 risum
709 1316 859 1351 moveat
879 1317 1019 1364 poeta,
1046 1314 1117 1351 sed
1135 1312 1332 1351 subridens
1354 1313 1467 1352 etiam
1487 1313 1600 1351 cavil-

76 1381 175 1421 letm·
195 1380 318 1431 Vinii,
347 1380 480 1432 optimi
506 1380 670 1430 nihilque
698 1381 895 1419 sentientis
918 1380 1099 1431 hominis,
1129 1381 1410 1431 stupiditatem3
1441 1381 1600 1421 clitellas

77 1448 178 1487 enim
202 1451 355 1500 portare
382 1462 415 1486 s.
449 1447 585 1486 vehere
613 1448 786 1486 dicuntur
813 1449 861 1498 ii,
898 1449 961 1500 qui
988 1462 1039 1487 ne
1069 1450 1272 1487 mutientes
1298 1449 1448 1498 quidem
1477 1451 1601 1500 quod-

75 1516 133 1554 vis
158 1527 255 1553 onus
291 1514 362 1552 sihi
389 1515 530 1567 imponi
564 1516 754 1566 patiuntur
790 1516 840 1566 [v.
878 1516 1046 1554 Schmid.
1080 1517 1131 1554 ad
1164 1516 1202 1556 h.
1230 1515 1286 1566 l.].
1340 1517 1458 1555 Nunc
1487 1518 1601 1557 velim

76 1584 239 1621 animum
266 1583 465 1632 advertas,
492 1587 727 1634 quantopere
754 1588 887 1634 peccet
904 1583 1070 1634 vulgaris
1095 1583 1324 1634 explanatio.
1367 1585 1470 1624 Nam
1488 1599 1600 1637 quum

78 1649 237 1688 clitellas
262 1649 300 1687 h.
330 1662 364 1687 e.
382 1650 579 1691 ,sarcinam
608 1651 815 1701 impingere
841 1652 977 1702 parieti
1005 1651 1138 1689 dicitur
1164 1651 1318 1706 Vinius,
1345 1653 1418 1692 hoc
1439 1654 1495 1692 ita
1514 1658 1601 1693 tan-

77 1722 158 1756 tum
182 1720 312 1768 potest
337 1717 440 1765 fieri,
469 1721 511 1755 ut
538 1731 623 1755 eum
651 1721 795 1756 statuas
823 1722 935 1770 tergo
962 1719 1179 1771 impositum
1194 1723 1350 1770 portare
1369 1734 1489 1769 onus;
1516 1722 1599 1772 quis

78 1787 205 1822 autem
231 1784 383 1832 credat,
410 1783 608 1823 Horatium
633 1786 673 1824 id
702 1787 887 1836 voluisse,
917 1791 959 1825 ut
982 1791 1161 1838 tanquam
1189 1787 1367 1826 molarias
1393 1787 1521 1826 asinus
1549 1789 1599 1826 ad

77 1850 290 1902 Augustum
315 1850 378 1888 ille
404 1851 571 1901 perferat
595 1852 725 1892 libros.
782 1854 907 1893 Verba
940 1857 1020 1906 jam
1045 1856 1146 1894 omni
1186 1861 1318 1895 carent
1352 1856 1597 1902 difficultate3

79 1919 217 1957 etenim
238 1918 440 1968 perferre,
478 1923 521 1958 ut
547 1922 650 1970 apud
683 1925 857 1972 poetam,
895 1924 1059 1974 positum
1097 1937 1168 1975 pro
1205 1924 1364 1975 simplici
1384 1924 1520 1975 ferre;
1559 1930 1598 1963 et

76 1994 155 2024 non
183 1985 279 2023 adeo
307 1984 380 2022 hoc
408 1995 553 2036 rarum,
589 2001 639 2026 ne
674 1990 776 2040 apud
809 2002 948 2041 prosae
978 1992 1129 2042 quidem
1166 1992 1346 2030 orationis
1377 1993 1597 2042 scriptores,

51 2064 205 2107 uquam
225 2052 274 2090 de
307 2064 422 2090 onere
457 2054 602 2104 agitur,
641 2060 682 2094 ut
715 2068 777 2108 ap.
815 2058 961 2098 Colum.
986 2059 1038 2098 Β.
1074 2061 1122 2098 R.
1153 2062 1199 2109 6,
1229 2058 1296 2102 24.
1334 2073 1429 2097 nam
1459 2060 1591 2096 decem

77 2118 275 2158 mensibus
305 2126 478 2158 ventrem
507 2122 717 2173 perferunt
752 2126 938 2178 (vaccae).
1010 2127 1237 2179 Impingere
1270 2141 1341 2178 pro
1381 2128 1597 2176 imponere,

78 2187 285 2239 infligere,
312 2187 447 2225 irulen
470 2189 581 2228 valde
604 2191 895 2241 frequentatum.
937 2193 1062 2233 Plaut.
1089 2195 1197 2233 Pers.
1218 2195 1260 2245 4,
1285 2195 1327 2243 4,
1353 2192 1419 2236 24.
1439 2195 1597 2246 captiv.

79 2254 122 2303 3,
143 2256 187 2304 ὁ,
213 2257 280 2296 76.
317 2254 455 2294 Bacch.
485 2255 527 2306 4,
557 2259 598 2307 7,
628 2260 668 2301 2.
697 2259 761 2297 ubi
785 2262 849 2298 vd.
876 2260 1040 2299 Taubm.
1069 2274 1110 2312 p.
1138 2261 1236 2303 492.
1286 2261 1434 2300 Deinde
1462 2268 1596 2299 vano-

80 2319 160 2357 Iatc
185 2320 343 2359 Terent.
372 2322 526 2363 Phorm.
556 2327 597 2374 2,
626 2325 669 2375 3,
698 2327 766 2370 92.
812 2327 869 2366 Ac
897 2342 946 2366 ne
974 2331 1057 2379 quis
1085 2330 1134 2368 de
1162 2330 1390 2380 impingas,
1420 2342 1497 2380 quo
1526 2331 1596 2368 du—

81 2386 197 2435 bitet,
240 2388 386 2426 Smeca
422 2390 471 2429 de
505 2391 557 2430 Ir.
589 2394 636 2443 2,
675 2394 715 2433 8.
752 2395 861 2434 dicit:
911 2396 1072 2446 expulso
1114 2397 1288 2434 melioris
1325 2398 1596 2450 aequiorisque

80 2459 283 2503 raepwlu,
317 2467 560 2509 quocumque
586 2461 717 2498 visum
744 2469 824 2508 est,
859 2463 983 2501 libido
1010 2476 1051 2500 se
1077 2464 1277 2514 impingit.
1335 2464 1461 2503 Ferus
1484 2467 1593 2506 deni-

81 2533 155 2571 que
180 2533 257 2558 non
282 2525 342 2559 est
368 2523 416 2561 de
453 2527 558 2563 asino
591 2533 834 2579 usurpatum,
872 2536 916 2569 ut
950 2543 1014 2581 ap.
1047 2531 1244 2580 Virgilium
1278 2531 1327 2569 de
1362 2545 1483 2584 equo,
1521 2536 1592 2573 sed

81 2587 265 2640 efferatus
291 2590 419 2626 oneris
444 2592 646 2640 molaria,
681 2597 901 2634 iracundae
935 2598 1123 2648 significat
1158 2598 1373 2650 optimeque
1400 2614 1484 2640 cnm
1515 2603 1592 2641 im-

76 2655 226 2707 pbzgae
262 2658 456 2707 congruit,
497 2661 600 2708 quod
632 2662 723 2700 item
754 2664 831 2702 vim
870 2665 1055 2714 quandam
1094 2668 1134 2702 et
1174 2665 1286 2704 animi
1317 2669 1591 2719 aegritudinem

81 2722 282 2762 dmotats‘
329 2723 385 2762 Ac
410 2737 459 2763 ne
485 2730 652 2776 repetam
676 2730 724 2767 ab
751 2730 836 2768 aliis
860 2732 938 2780 jam
968 2731 1133 2780 monita,
1159 2732 1275 2783 friget
1298 2748 1336 2774 v.
1352 2736 1511 2785 subm}-
1533 2741 1589 2779 :ie

80 2790 262 2840 positum,
283 2796 514 2843 quapropter
534 2793 633 2832 conf.
653 2795 700 2833 de
717 2796 923 2835 Horatiana
934 2798 1162 2848 perferendi
1176 2801 1448 2852 significatione
1458 2805 1587 2847 Liibk.

81 2856 130 2892 ad
157 2857 233 2895 Od.
257 2858 309 2907 3,
337 2858 376 2898 8·
406 2872 447 2910 p.
466 2857 584 2908 421„
614 2860 662 2899 de
682 2862 847 2900 clitellis
869 2864 1048 2908 Scheffer.
1078 2868 1126 2906 de
1154 2867 1212 2907 Re
1239 2870 1440 2912 vehiculari
1467 2876 1518 2925 2,
1547 2878 1586 2918 2,
