1910 3138
131 0 164 13 uz*

0 103 48 136 as

90 216 142 261 n
207 211 483 258 comm.
503 213 561 253 {N
578 212 705 253 uon.
722 212 822 254 Lm..
842 214 870 252 1.
910 213 1078 254 mus'r.
1097 213 1243 254 sssr‘r.
1270 213 1448 258 timu.
1528 213 1614 256 359

12 332 16 333 ⁷
84 327 180 367 tin-
201 327 430 381 propo-itur
455 324 649 377 Diogenes
676 327 842 378 Cynicus
870 332 910 366 et
934 326 1151 378 Aristippus
1187 327 1439 380 Cyrenaicus,
1478 342 1501 368 e
1527 329 1612 380 qui-

84 395 157 435 bu·
182 398 268 435 ut«
294 393 490 445 eligendis
517 394 590 444 sit,
629 395 801 434 facillime
827 399 999 446 apparet.
1056 395 1116 433 Ab
1143 395 1215 434 huc
1250 395 1397 436 liberali
1428 397 1613 448 ingemu-

0 478 3 479 ’
83 475 163 514 qne
195 474 280 502 eum
311 461 588 515 potentioribus
617 463 768 501 vivendi
804 463 950 501 ratione
986 466 1165 513 quantum
1202 462 1431 503 abhorrent
1455 463 1504 512 ii'‚
1547 467 1612 516 qui

84 530 320 582 impudenter
346 533 386 568 et
410 529 595 568 humiliter
622 543 664 568 se
693 531 861 581 gerendo
897 543 976 568 rem
1003 543 1073 581 per
1101 543 1144 569 se
1175 531 1400 570 laudabilem
1431 533 1611 583 perdo-t,

85 587 162 636 non
193 597 273 636 sine
308 602 417 648 gnta
452 597 657 647 legentium
696 597 947 636 oblectatione
980 602 1019 636 et
1052 597 1276 648 quibusdam
1306 601 1518 652 praeceptis
1545 613 1613 640 ex·

85 665 258 718 planatur
285 669 327 704 et
353 665 498 714 aliquot
525 665 703 716 exemplis
731 666 950 704 illustratur.

196 734 273 779 Qui
298 737 424 772 autem
452 731 609 770 Poetam
636 733 716 771 sere
745 746 933 772 morosum
954 733 1112 771 aliorum
1134 734 1402 783 castigatorem
1419 736 1462 772 et
1483 733 1517 773 si
1534 746 1613 774 non

84 804 168 839 alra
193 799 268 839 bile
290 804 515 848 tumentem,
559 805 600 838 at
635 804 740 839 certe
774 801 890 839 risum
916 800 988 839 sibi
1017 803 1265 839 excutientem
1291 801 1458 848 faciunt,
1495 801 1614 840 Sene-

13 884 17 885 ⁷
85 881 168 907 vam
195 872 351 907 auctore
380 867 640 917 Porphyrioue
678 881 887 917 „severum
914 873 953 907 et
984 869 1132 907 tristem
1164 868 1348 908 hominem
1378 869 1459 907 suis
1492 870 1613 908 mole-

84 937 166 975 stiis
193 937 233 974 in
258 937 468 988 principum
483 936 609 973 odium
626 936 906 974 incurrentem“
934 936 1095 985 fingunt.
1153 935 1211 974 Ab
1237 936 1308 975 hac
1325 939 1516 976 sententia
1536 950 1613 977 non

83 1003 241 1042 multum
267 1003 444 1043 abhorret
477 1003 700 1056 Guquiue,
728 1012 844 1054 quum
872 1017 974 1055 „pro
1003 1004 1111 1041 senio
1140 1005 1257 1054 suo‚“
1286 1005 1429 1055 inquit,
1453 1009 1614 1054 „monet

83 1073 264 1111 Horatius
290 1072 472 1110 Sauum
495 1072 702 1122 juniorem,
738 1085 787 1110 ne
809 1071 849 1110 in
875 1085 946 1110 usu
971 1076 1010 1110 et
1039 1084 1167 1110 rerum
1194 1073 1410 1122 cognitione
1439 1074 1613 1124 vitaeque

83 1138 265 1178 humanae
290 1140 577 1178 conversatione
610 1140 762 1177 nimium
789 1139 860 1178 sibi
895 1139 1057 1186 tribnat,
1090 1140 1159 1178 sed
1192 1140 1314 1178 discat
1341 1141 1468 1179 vivere
1493 1145 1534 1180 et
1560 1144 1613 1181 uti

82 1206 307 1257 majoribus,
335 1208 439 1258 prius
458 1207 497 1244 id
525 1219 636 1257 quam
665 1220 708 1245 se
736 1209 888 1247 novisse
913 1209 1092 1259 iactitet“
1124 1211 1196 1246 etc.
1251 1207 1383 1246 Melius
1417 1213 1455 1247 et
1479 1210 1613 1248 mode-

82 1275 198 1313 ratius
222 1275 248 1313 ii
274 1279 415 1325 agunt,
442 1275 507 1326 qui
535 1288 648 1325 quum
677 1276 858 1314 Scaevam
882 1277 1059 1327 juvenem
1087 1276 1156 1325 „in
1174 1275 1350 1313 Herculis
1380 1277 1488 1327 quasi
1512 1276 1611 1315 bivio

82 1343 326 1382 „mutum-
362 1347 401 1382 et
429 1342 700 1394 deliberatione
729 1344 891 1382 omnium
918 1329 1133 1383 <liminum
1160 1343 1343 1394 defixum,
1380 1346 1485 1396 quod
1513 1346 1612 1383 vitae

81 1422 202 1462 εωιιε
227 1411 457 1462 &iscipu-et,
483 1411 655 1450 aulicone
682 1424 729 1448 an
762 1411 885 1450 otioso
917 1424 960 1450 se
992 1411 1242 1462 applicaret“
1281 1412 1410 1451 videre
1441 1414 1514 1452 sibi
1539 1414 1612 1454 visi

85 1478 183 1528 sint,
221 1479 258 1517 ci
295 1479 495 1517 Horatium
523 1483 614 1517 natu
650 1479 888 1529 grandiorem
921 1479 960 1516 in
994 1483 1189 1529 utramque
1227 1484 1375 1531 partem
1406 1487 1612 1533 praecepta

12 1582 28 1591 „
83 1545 237 1584 dedisse
273 1550 421 1597 putant.
488 1547 576 1585 Vid.
614 1546 809 1597 Rappolt.
852 1560 892 1598 p.
924 1548 1021 1587 779.
1088 1547 1140 1585 At
1178 1548 1280 1586 viros
1316 1549 1403 1587 illos
1438 1550 1612 1589 versibus

81 1615 108 1654 6
131 1635 188 1642 -
214 1613 268 1654 10
295 1615 446 1652 nimium
476 1615 704 1663 tribuentes,
734 1615 824 1664 quid
853 1618 968 1665 caput
996 1615 1051 1652 rei
1081 1620 1206 1665 esset,
1236 1615 1418 1654 fefellisse
1447 1618 1610 1656 videtur.

81 1681 180 1719 Sunt
207 1682 340 1729 etiam,
378 1683 443 1732 qui
476 1683 531 1720 uti
565 1682 847 1730 Wielamlius,
888 1681 1164 1733 Haberfi’lclus
1201 1685 1381 1722 Scaevam
1417 1685 1455 1722 iu
1489 1697 1610 1736 appe·-

81 1749 195 1786 tenda
221 1750 402 1799 majorum
440 1750 601 1788 amicitia
626 1763 759 1801 parum
794 1751 1028 1801 processisse
1055 1753 1275 1802 opinentur,
1312 1753 1367 1790 ita
1392 1755 1444 1799 ‚ut
1467 1754 1610 1792 amicus

83 1829 191 1866 eum,
220 1817 409 1866 quomodo
431 1818 471 1854 in
495 1831 535 1856 re
559 1819 736 1869 incoepta
754 1823 891 1869 pergat
913 1820 1192 1870 prudenterque
1219 1833 1262 1858 se
1289 1824 1418 1869 gerat,
1447 1821 1610 1859 edocere

80 1883 185 1921 velit.
243 1884 372 1922 Simile
399 1886 512 1935 quid,
544 1887 613 1924 sed
642 1887 690 1924 de
717 1899 759 1924 re
786 1887 999 1937 incipienda
1025 1888 1222 1938 cogitans,
1248 1889 1368 1926 sensit
1384 1887 1607 1928 Hoc-heder.

80 1951 115 1988 A
156 1963 245 1989 vero
284 1965 405 2002 prope
440 1953 578 1992 absunt
610 1954 811 1992 Dae—erim
838 1960 877 1994 et
909 1954 1173 2003 saumarius,
1209 1959 1472 2006 praeterquam
1506 1957 1608 2006 quod

43 2065 53 2068 =
81 2018 249 2069 pleniore
275 2032 342 2056 ore
371 2020 483 2058 locuti
510 2034 596 2059 esse
630 2023 811 2060 censendi
838 2028 939 2062 sunt.
995 2022 1054 2060 Ab
1083 2023 1142 2060 his
1171 2020 1282 2073 alii*)
1307 2024 1361 2061 ita
1396 2024 1608 2072 discedunt,

82 2091 125 2133 ut
160 2085 358 2125 Horatium
392 2089 519 2138 juveni
557 2082 696 2139 juniori
736 2091 848 2129 vitam
892 2092 1101 2129 otiosorum
1142 2095 1277 2142 utpote
1324 2091 1526 2129 faciliorem
1567 2094 1608 2127 et

73 2154 257 2192 ,timorem
294 2157 459 2194 suasisse
489 2158 699 2208 opinentur.
769 2157 923 2196 Nescio
947 2164 1096 2207 autem,
1134 2172 1210 2209 quo
1245 2159 1328 2210 jure
1359 2158 1608 2209 Doeringius

81 2223 287 2260 sententias
318 2224 474 2272 sentiat,
502 2236 597 2273 quas
625 2238 670 2264 ex
700 2239 766 2263 ore
788 2227 937 2276 Epicuri
965 2227 1116 2263 fluxisse
1144 2226 1297 2264 dixeris.
1355 2225 1393 2262 Is
1419 2226 1519 2263 enim
1540 2226 1594 2263 sic

83 2288 346 2336 „Felicitatem
371 2292 511 2330 scilicet
539 2293 710 2343 corporis
740 2293 933 2343 voluptate
962 2299 1001 2332 et
1032 2295 1157 2332 fructu
1184 2307 1334 2341 eorum,
1370 2305 1466 2342 quae
1494 2293 1607 2331 vitam

82 2355 306 2405 dulciorem,
342 2357 547 2396 molliorem
581 2364 620 2397 et
643 2361 905 2409 jucundiorem
942 2361 1127 2409 reddant,
1164 2362 1343 2408 metiens,
1383 2365 1514 2397 auctor
1540 2374 1607 2399 ex-

82 2420 163 2458 istit
190 2422 376 2472 Scaevae,
405 2428 446 2462 ut
473 2426 627 2464 collecta
646 2427 715 2464 sibi
741 2427 948 2466 beatiorum
968 2432 1006 2465 et
1028 2427 1284 2478 potentiorum
1312 2428 1434 2478 gratia
1452 2429 1489 2465 iu
1510 2442 1606 2479 quo-

82 2485 223 2524 tidiana
260 2501 389 2527 eorum
429 2493 699 2532 consuetudine
734 2495 868 2532 lautius
908 2498 947 2533 et
984 2493 1144 2532 solutius
1183 2494 1327 2532 vivam
1396 2495 1605 2546 Angustias

194 2665 230 2712 *)
262 2668 541 2706 Walckenaeriua
563 2674 631 2717 (11.
648 2687 684 2720 p.
707 2677 825 2719 186.):
846 2676 968 2718 „Dans
986 2680 1084 2710 cette
1102 2676 1238 2721 epure,
1258 2688 1388 2712 comme
1407 2678 1494 2713 dans
1513 2680 1604 2715 celle

84 2725 146 2770 qui
159 2729 215 2758 est
229 2724 394 2761 adressee
409 2726 429 2758 ὲ
444 2726 615 2762 Maximus
632 2730 788 2774 Lollius,
807 2732 948 2764 Horace
966 2733 1032 2766 fait
1052 2733 1213 2777 toujours
1233 2733 1278 2768 de
1301 2733 1337 2768 la
1355 2734 1414 2768 vie
1433 2735 1551 2771 active
1564 2742 1603 2772 et

84 2780 264 2818 mondaine
285 2792 351 2815 une
378 2783 553 2818 necessita
581 2785 626 2819 de
648 2787 824 2830 position,
848 2787 934 2820 mais
960 2800 1004 2822 on
1030 2788 1108 2823 voit
1130 2788 1216 2834 qu'il
1241 2791 1381 2836 prestere
1406 2788 1602 2840 l'indepen-

84 2835 192 2871 dante
213 2843 250 2872 et
278 2837 314 2872 la
339 2837 396 2872 vie
416 2838 569 2883 retiree,
602 2846 641 2874 et
661 2842 687 2874 il
714 2843 748 2876 la
774 2842 939 2877 conseille
969 2846 990 2878 ὲ
1017 2855 1080 2879 son
1109 2845 1216 2880 mni.“
1269 2847 1464 2884 Nobiscum
1490 2851 1602 2886 mtit

86 2892 205 2937 Sfime
223 2894 258 2928 in
279 2895 493 2939 „Aufgaben
512 2907 555 2930 zu
574 2896 697 2931 latein.
724 2898 973 2944 Stiliibungen.
1006 2901 1053 2937 11.
1075 2913 1111 2947 p.
1134 2903 1213 2938 161.
1238 2904 1453 2948 (Kaslsruhe
1476 2906 1598 2954 1835).
