1910 3138
117 166 201 210 159
243 165 523 207 comm:
542 167 599 206 IN
618 167 742 207 HOR.
769 166 870 208 LIB.
893 170 923 209 1.
951 166 1122 206 EPIST.
1142 165 1513 208 UNDEvmsssm
1556 163 1640 207 507

116 279 234 318 lentis
264 293 399 332 gruna
433 280 597 318 cumini.
640 280 856 331 Excangue
886 284 1010 318 autem
1046 293 1115 331 per
1150 280 1344 331 prolepsin
1380 280 1567 331 quandam
1600 285 1641 318 ut

116 348 247 385 &istu
274 348 450 400 Hyadae
483 348 560 386 od.
591 349 630 396 1,
656 348 699 396 3,
731 347 815 396 14.‚
842 347 1003 398 pallida
1030 349 1146 386 Mors
1174 348 1250 388 Od.
1283 350 1323 397 1,
1348 347 1392 398 4,
1422 349 1511 397 13„
1550 347 1640 386 No·

117 419 182 451 tus
204 411 322 452 albae
352 415 392 464 1,
422 417 464 464 7,
491 415 543 462 1,,
564 414 726 466 pallida
757 416 910 466 Pyrene
941 415 1046 454 Pers.
1077 416 1174 467 prol.
1202 414 1244 457 4.
1272 415 1342 466 (ib.
1369 418 1420 455 Ο.
1447 417 1575 464 Jahn.)
1603 421 1642 455 et

116 481 272 531 similia,
315 482 365 520 de
399 483 534 533 quibus
574 483 674 521 cons.
714 484 865 532 Meyen·
899 483 1149 521 Commentat.
1187 483 1235 521 de
1273 483 1445 534 Epithet.
1483 491 1640 524 ornant.

115 549 160 585 vi
181 552 255 587 etc.
282 562 321 600 p.
342 550 411 592 23.
439 557 476 589 et
512 551 647 589 Gossr.
680 552 727 589 ad
758 551 861 600 Virg.
890 551 986 588 Aen.
1014 554 1051 600 1,
1083 552 1176 592 202.
1222 552 1397 589 Ceterum
1423 552 1471 589 de
1497 551 1640 602 pallore

115 628 232 666 quum
258 618 489 667 studiorum,
528 625 604 657 tum
633 624 828 669 poetarum
862 619 1059 657 notissimo
1088 620 1185 658 conf.
1222 619 1270 659 O.
1304 619 1427 660 Jahn.
1457 620 1507 657 ad
1534 619 1640 658 Pers.

117 687 158 732 1,
185 686 252 725 26.
299 685 512 737 Spalding.
550 688 600 724 ad
634 687 791 732 Quintil.
825 687 918 725 lust.
951 689 986 732 1,
1018 690 1056 734 2,
1090 689 1153 728 18.
1199 687 1366 738 Rupert.
1402 687 1452 723 ad
1483 686 1565 727 Juv.
1598 688 1639 734 7,

116 751 185 793 97.
214 753 365 791 Rader.
398 755 446 791 ad
474 754 587 795 Mart.
616 756 657 803 7,
686 757 728 803 4,
758 757 795 795 1.
829 758 869 792 et
896 755 937 804 8,
967 755 1009 804 3,
1042 757 1107 795 18.
1138 755 1177 792 J.
1207 756 1255 792 Z.
1284 755 1471 792 Plataea·
1497 754 1638 805 Opusc.

116 819 165 861 Π.
191 833 229 871 p.
254 821 337 862 180
358 834 443 871 sqq.
472 821 618 860 Prolus.
643 823 743 864 XVI.
771 823 821 860 de
846 822 1007 862 Pallore.
1050 823 1175 867 Quum
1200 824 1369 860 Porcia-s·
1392 823 1520 859 Latro
1541 835 1579 861 a.
1601 835 1641 865 ιι.

117 888 215 930 752.
252 901 367 926 senex
393 895 561 927 mortuus
596 896 718 940 esset,
767 890 940 928 Orellius
968 904 1059 928 sane
1093 891 1174 928 fieri
1211 892 1380 941 potuisse
1416 892 1558 941 credit,
1599 896 1642 930 ut

116 954 208 992 Hor.
238 955 310 994 hos
338 956 444 1006 ipsos
471 956 676 996 Porcianos
704 959 742 1000 h,
770 959 794 997 l.
833 959 1035 997 derideret.
1077 959 1361 1008 „Eminuernnt
1387 959 1573 1005 autem‚“
1601 963 1642 997 ut

115 1023 216 1061 idem
244 1023 436 1070 observat,
478 1026 552 1073 „in
581 1025 792 1076 hujusmodi
817 1027 1041 1064 imitatorum
1071 1040 1189 1076 grege
1218 1028 1369 1078 proprio
1398 1028 1550 1076 ingenio
1578 1040 1641 1065 ca-

116 1095 225 1128 rente
253 1091 294 1131 οἷ
320 1088 397 1142 τήν
423 1089 641 1140 Πλάτωνος
669 1090 987 1146 ἀπομιμούμενοι
1022 1090 1238 1147 κυρτότητα
1266 1094 1334 1134 καὶ
1371 1092 1445 1146 τήν
1470 1090 1641 1148 Ἀριστο-

116 1156 254 1206 τέλους
277 1155 530 1210 τραυλότητα.
577 1159 767 1199 Plutarch.
796 1163 844 1200 de
872 1163 960 1213 pud.
991 1162 1099 1200 Poet.
1127 1175 1166 1212 p.
1196 1163 1264 1202 97.
1296 1162 1383 1200 W.“

226 1225 272 1265 V.
298 1226 363 1267 19.
391 1227 457 1268 20.
503 1227 539 1264 O
566 1229 780 1266 imitatores
802 1252 857 1259 —-
883 1229 1103 1267 tumultus!
1148 1230 1358 1267 Dictionem
1387 1244 1546 1268 servum
1565 1245 1642 1282 pe-

116 1305 187 1330 cus
213 1293 252 1332 in
279 1293 486 1346 θρέμματα
518 1290 807 1350 ἀνδραποδώδη
843 1299 992 1349 plenam
1025 1302 1290 1348 expresserunt
1324 1298 1640 1339 Pseudo-Lucan.

116 1361 158 1408 6,
183 1363 276 1404 152.
307 1362 378 1415 (ib.
397 1363 519 1401 Bentl.
544 1368 582 1401 et
609 1363 781 1417 Weber.)
815 1366 850 1403 O
861 1366 1018 1417 famuli
1035 1374 1192 1417 turpes,
1224 1380 1379 1404 servum
1398 1381 1524 1417 pecus
1548 1367 1642 1404 abs-

117 1442 194 1479 que
211 1443 348 1468 cruore
371 1435 410 1468 et
434 1430 571 1469 Malch.
600 1431 736 1471 Eebas.
763 1435 899 1485 captiv.
921 1435 1045 1476 1029.
1083 1432 1268 1470 Accuhet
1289 1442 1325 1470 et
1347 1434 1544 1486 reliquum
1563 1449 1642 1472 ser—

117 1510 212 1533 vum
235 1511 358 1547 pecus
383 1499 443 1536 ad
465 1500 752 1538 comedendum.
804 1501 1015 1539 Tumultus
1041 1505 1165 1539 autem
1192 1502 1359 1551 intellige
1387 1503 1643 1553 perturbatio-

117 1577 203 1602 nem
230 1566 366 1615 animi,
410 1579 484 1616 qua
510 1567 561 1604 illi
595 1569 801 1606 imitatores
837 1570 916 1607 sive
948 1570 1092 1607 incitati
1126 1570 1205 1608 sive
1240 1570 1427 1607 occoecati
1457 1571 1495 1608 in
1525 1583 1641 1621 prava

118 1635 294 1681 ruerunt,
332 1646 422 1672 nos:
460 1634 611 1683 „tolles
638 1635 674 1672 T
677 1636 815 1675 reiben.
828 1637 857 1659 ‘⁶
896 1638 966 1676 Alii
985 1638 1092 1675 aliter
1108 1638 1160 1687 *).
1203 1639 1260 1675 Ad
1291 1638 1495 1676 dictionem
1524 1638 1642 1675 bilem

116 1712 219 1741 mov.
249 1700 348 1741 conf.
377 1701 461 1739 JuV.
484 1703 552 1751 15,
584 1702 647 1743 15.
680 1702 798 1742 bilem
824 1712 897 1741 aut
924 1707 1050 1742 risam
1075 1707 1248 1757 fortasse
1275 1703 1514 1755 quibusdam
1545 1707 1640 1743 Mo-

117 1774 218 1806 vent.
260 1769 371 1806 Mart.
396 1769 437 1817 5,
469 1771 537 1819 27,
566 1770 607 1811 3.
651 1771 700 1808 Si
717 1772 824 1823 forte
852 1772 968 1810 bilem
996 1775 1118 1810 movit
1143 1773 1209 1810 lule
1237 1772 1310 1809 tibi
1338 1787 1483 1815 versae,
1524 1773 1639 1816 Prud,

117 1834 254 1874 Perist.
284 1837 352 1887 10,
384 1838 480 1878 867.
534 1838 752 1876 Commovit
777 1841 880 1877 iram
898 1841 1017 1892 fillis
1044 1841 1327 1892 implacabilis.
1358 1863 1406 1869 —-
1439 1855 1555 1892 saepe
1567 1845 1640 1889 jo-

118 1916 235 1949 cum,
269 1910 310 1942 ut
338 1905 418 1942 Sat.
449 1905 489 1954 2,
521 1905 563 1954 5,
591 1906 660 1946 37.
701 1906 768 1956 (ib.
798 1907 1003 1960 Wiistem.)
1041 1924 1118 1947 neu
1149 1912 1204 1947 sis
1230 1913 1362 1960 jocus.
1402 1909 1564 1947 Phaedr.
1601 1912 1638 1957 1,

118 1972 185 2016 21,
214 1973 252 2012 2.
282 1970 351 2022 (ib.
373 1971 516 2023 Burm.)
554 1973 799 2026 Quicumque
821 1979 956 2014 amisit
980 1978 1216 2029 dignitatem
1238 1979 1481 2027 pristinam,
1511 1977 1641 2026 Igna-—

117 2039 179 2075 νίε
199 2040 316 2076 ctiam
330 2041 453 2087 jocus
474 2047 531 2077 est
549 2043 592 2078 in
612 2055 709 2079 casu
722 2046 856 2095 gravi.
901 2045 1104 2096 Per-peram
1128 2051 1251 2083 autem
1277 2044 1504 2082 Scholiastes
1523 2043 1638 2093 Cruq.

228 2173 266 2219 ¹⁶)
285 2175 397 2209 Notio
418 2187 454 2210 v.
481 2180 648 2214 tumultus
666 2191 710 2214 ex
735 2181 813 2215 Sat.
836 2183 869 2225 2,
891 2181 925 2225 3,
948 2183 1016 2216 208
1036 2182 1191 2226 petenda
1211 2187 1278 2216 est.
1313 2179 1430 2215 Schol.
1452 2180 1562 2226 Cruq.
1584 2181 1638 2216 in-

118 2229 251 2276 telligit
269 2233 515 2275 „turbationes
533 2234 688 2269 incertae
703 2237 867 2280 mentis,“
888 2238 1075 2272 Lambinus
1093 2239 1262 2280 „timores
1280 2237 1453 2271 exanimes
1465 2263 1474 2279 ,
1498 2243 1639 2272 contur-

117 2286 279 2320 bationes
301 2294 339 2322 et
360 2289 650 2335 trepidationes‚“
676 2293 882 2326 Torrentius
900 2293 1196 2337 „trepidationem
1212 2300 1249 2327 et
1264 2304 1379 2327 curam
1393 2293 1428 2326 iu
1444 2293 1638 2329 imitatione

118 2341 301 2384 aliorum‚“
328 2345 508 2379 Rodellius
536 2346 736 2393 „inquietos
756 2349 910 2382 invidiae
925 2351 1077 2392 motus‚“
1096 2350 1327 2394 Haberjeldus
1354 2349 1528 2393 „studium
1551 2350 1638 2385 alio-

118 2409 194 2432 rum
207 2398 383 2434 excitandi
401 2402 666 2448 imitationem‚“
700 2405 746 2438 W
746 2405 912 2438 eichertus
932 2405 1067 2447 (Lectt.
1089 2406 1177 2441 Ven.
1197 2417 1232 2450 p.
1253 2407 1313 2449 70)
1335 2406 1638 2449 „obtrectatorum

118 2453 295 2499 vituperia
310 2461 347 2490 et
365 2457 515 2503 maligna
535 2460 579 2494 de
596 2460 736 2494 Horatii
750 2459 920 2505 poematis
931 2461 1066 2505 judicia
1081 2461 1220 2505 publice
1239 2473 1304 2496 nec
1319 2462 1395 2496 sine
1409 2473 1531 2507 magno
1547 2470 1638 2498 stre-

119 2509 197 2555 pitu
216 2516 253 2544 et
271 2514 449 2557 arroganti
467 2516 622 2550 vanitate
639 2516 772 2559 facta‚“
799 2516 904 2550 orell.
925 2522 963 2550 et
980 2516 1132 2551 Dillenb.
1161 2529 1298 2561 „vanos
1318 2523 1464 2553 conatus
1480 2519 1636 2556 imitandi

120 2577 162 2600 ac
182 2565 399 2611 deprimendi
423 2570 523 2604 simul
546 2572 726 2615 Horatii‚“
755 2571 915 2606 Diimzer
942 2573 1029 2616 „das
1057 2580 1309 2619 angestrengte
1333 2575 1492 2610 Treiben
1518 2577 1638 2613 dieser

121 2622 252 2664 Lente,
273 2633 328 2656 um
347 2624 421 2658 sich
435 2636 502 2659 nur
520 2627 620 2660 einen
639 2629 773 2661 Namen
788 2638 830 2660 zu
845 2629 1007 2672 macheu,
1028 2641 1131 2663 wozu
1145 2631 1231 2664 auch
1248 2631 1305 2664 die
1318 2631 1479 2676 Angriffe
1497 2634 1562 2668 auf
1576 2645 1636 2669 un-

119 2688 200 2711 sern
213 2678 358 2712 Dichter
372 2681 528 2724 gehoren
538 2708 549 2726 ,
564 2683 630 2716 den
644 2683 696 2716 sie
710 2684 1055 2719 herunterzureizsen
1069 2685 1254 2725 suchten,“
1280 2687 1335 2721 De
1348 2688 1414 2722 ln'le
1423 2689 1470 2724 cf.
1483 2690 1634 2728 Schmid.

120 2735 166 2768 ad
183 2734 216 2768 h.
233 2735 258 2768 l.
278 2741 315 2769 et
332 2736 482 2781 Rupert.
500 2744 605 2783 atque
624 2739 747 2772 Heinr.
767 2739 812 2773 ad
830 2739 910 2773 JuV.
928 2742 958 2784 1,
978 2738 1036 2775 45.
1070 2741 1275 2788 Hieronym.
1295 2743 1411 2789 Epist.
1433 2745 1492 2781 57.
1510 2746 1554 2781 de
1573 2749 1636 2782 ob-

119 2795 333 2826 trectatore:
359 2794 496 2837 Quoties
513 2806 566 2829 me
579 2794 641 2829 istc
657 2795 696 2828 in
709 2795 842 2829 circulis
854 2797 1156 2844 stomachor-ised
1169 2805 1204 2836 et
1219 2801 1364 2836 adduxit
1378 2802 1426 2837 ad
1439 2803 1635 2840 abderam?

117 2847 144 2880 i.
165 2859 196 2881 e.
214 2848 332 2882 bilem.
