1910 3138
281 235 367 279 472
398 237 681 278 COMMENT.
703 237 759 276 [N
777 236 902 276 HOR.
920 236 1018 276 LIB.
1038 236 1067 283 1,
1096 213 1260 276 EPIST.
1279 234 1684 276 DUODEVICESIM.
1722 233 1803 277 124

282 366 371 390 sum
394 350 604 402 pabulum.
651 349 764 388 Caes.
787 349 835 387 Β.
862 350 910 388 G.
939 349 981 399 4,
1009 351 1075 391 29.
1106 350 1356 401 frumentum
1379 370 1437 377 ——
1459 348 1504 386 in
1525 348 1692 386 hiemem
1711 361 1806 398 pro-

283 422 412 458 visum
437 432 517 456 non
541 424 637 458 erat.
681 416 766 455 Liv.
794 419 835 467 6,
864 419 905 467 6,
936 416 1000 458 14.
1024 417 1280 468 frumentum
1300 415 1523 467 provideat.
1547 439 1604 446 ·—-
1632 416 1679 454 V.
1710 416 1804 456 110.

283 502 360 525 neu
375 487 538 537 fluitem
562 508 619 514 ——
644 485 775 524 horae.
818 485 999 530 Quartum
1019 490 1148 537 optat,
1173 487 1246 536 „ut
1272 498 1320 523 ne
1348 486 1447 523 inter
1469 496 1574 536 spem
1590 488 1807 533 metumque

282 557 396 594 futuri
423 554 625 606 temporiS,
655 554 757 603 quod
777 554 942 605 prospici
965 557 1149 603 nequeat,
1176 553 1371 594 fluctuet.“
1417 551 1557 590 Dubia
1574 551 1685 602 igitur
1709 550 1808 588 hora

283 625 382 674 (Sat.
411 625 458 674 2,
491 625 537 671 2,
568 619 714 672 77)*)‚
753 625 958 673 propterea
988 621 1091 672 quod
1125 621 1310 659 incertum
1330 624 1413 670 est,
1441 621 1573 672 ipsane
1602 633 1716 670 quum
1743 632 1808 657 ve-

282 692 362 729 niat
390 690 488 743 (od.
519 690 568 739 4,
595 691 645 739 7,
675 691 740 731 17.
778 689 900 741 Epist.
926 691 975 739 1,
1007 687 1055 738 4,
1084 688 1179 741 14),
1215 694 1294 728 tum
1323 690 1414 740 quid
1441 689 1496 726 rei
1522 687 1670 737 afferat.
1711 686 1808 725 Hinc

284 759 345 797 illa
374 759 472 810 apud
502 757 700 797 Horatium
737 771 826 796 vox:
870 757 945 794 Od.
978 759 1025 807 2,
1054 758 1130 805 16,
1155 757 1221 799 25.
1259 757 1367 809 quod
1399 756 1509 794 ultra
1548 762 1628 801 est,
1674 754 1811 793 Oderit

283 841 424 866 curare
430 843 447 876 ;
488 828 564 868 od.
593 825 644 874 3,
675 826 751 875 29,
779 825 847 866 30.
896 825 1095 877 Ridetque
1122 824 1252 878 (deus)
1263 853 1278 871 ‚
1317 826 1354 863 εἰ
1386 823 1564 862 mortalis
1593 823 1702 861 ultra
1729 823 1810 860 Fas

284 896 466 947 trepidat.
510 895 586 932 Od.
615 894 662 943 1,
693 896 743 943 9,
776 893 840 934 13.
879 893 947 943 (ib.
984 891 1212 945 Mitscherl.)
1262 893 1373 943 Quid
1403 894 1455 930 sit
1478 893 1667 944 futurum
1703 904 1810 936 cras,

276 966 381 1017 fage
406 976 601 1015 quaerere,
656 963 732 1000 od.
758 963 799 1010 3,
829 963 871 1012 8,
900 963 968 1002 27.
1017 961 1142 998 Dona
1165 962 1386 1011 praesentis
1413 974 1509 1011 cape
1537 960 1665 997 laetus
1691 959 1812 997 horae

285 1040 321 1070 et
350 1033 508 1083 Linque
534 1044 679 1068 severa.
721 1032 857 1068 Senec.
891 1030 1014 1081 Epist.
1043 1030 1136 1070 101.
1183 1029 1358 1076 Omnia,
1398 1028 1499 1067 mihi
1525 1028 1665 1074 crede,
1693 1028 1811 1064 etiam

273 1099 470 1152 filicibus
496 1098 620 1137 dubia
642 1105 747 1138 sunt.
795 1096 919 1134 Nihil
938 1096 1014 1134 sibi
1039 1098 1251 1148 quisquam
1277 1098 1326 1135 cle
1340 1097 1490 1149 futuro
1513 1095 1626 1134 debet
1643 1097 1813 1147 promit—

287 1177 376 1210 tere.
418 1167 571 1208 Lucret.
592 1168 634 1216 3,
656 1167 776 1207 1098.
819 1166 919 1204 Hinc
947 1165 1038 1203 illud
1067 1166 1115 1203 de
1133 1178 1256 1202 rerum
1276 1166 1536 1204 incertitudine
1553 1163 1811 1216 proverbium:

287 1237 459 1282 Nescio,
489 1235 590 1287 quid
614 1245 749 1284 vesper
776 1246 888 1271 seras
914 1233 1060 1278 vehat,
1097 1233 1146 1271 de
1171 1246 1246 1283 quo
1274 1233 1360 1270 vide
1390 1234 1501 1271 Oehl.
1525 1235 1575 1271 ad
1602 1233 1709 1273 Varr.
1732 1233 1813 1271 Sat.

287 1305 458 1356 Menipp.
483 1304 549 1345 60.
579 1317 617 1355 p.
643 1302 736 1342 170.
765 1306 802 1339 et
829 1301 988 1351 Forbig.
1018 1301 1067 1338 ad
1091 1301 1193 1351 Virg.
1224 1302 1295 1339 Ge.
1325 1304 1362 1351 1,
1384 1302 1479 1342 461.
1507 1301 1628 1339 Drak.
1655 1301 1703 1338 ad
1727 1299 1813 1340 Liv.

287 1371 358 1422 45,
388 1374 427 1422 8,
454 1373 492 1412 6.
523 1371 687 1409 Nimium
716 1373 781 1407 aut
808 1381 938 1421 parum
967 1367 1029 1405 alii
1055 1381 1135 1405 cum
1163 1369 1403 1407 Ruhnkemb
1430 1370 1479 1407 ad
1507 1369 1639 1418 Vellej.
1664 1369 1813 1406 Patere.

289 1442 328 1490 2,
357 1443 423 1482 18.
450 1439 669 1489 „fortunam
696 1439 733 1475 in
756 1438 868 1475 horas
893 1437 1144 1484 variantem,“
1169 1437 1230 1476 aiii
1259 1439 1455 1475 Torrentio
1481 1438 1641 1487 „mortis
1669 1436 1814 1485 horam,

288 1508 393 1558 cujus
417 1520 486 1558 spe
517 1507 597 1544 sive
619 1511 719 1544 metu
739 1506 827 1556 angi
853 1504 989 1554 nolit‚“
1019 1504 1243 1555 intelligunt.
1290 1506 1386 1544 Mire
1406 1505 1692 1542 Britannicus.-
1721 1504 1815 1553 „Ne

289 1589 335 1613 eo
361 1576 532 1614 miseriae
563 1575 802 1626 perveniam,
841 1577 884 1610 ut
919 1573 1007 1611 mihi
1041 1574 1332 1624 exspectandum
1367 1574 1417 1613 sit
1447 1578 1595 1625 tempus
1634 1573 1817 1612 coenandi

290 1644 393 1695 apud
416 1643 526 1680 alium
554 1643 623 1680 sub
648 1643 791 1680 incerta
810 1641 925 1692 spe.“
973 1642 1038 1679 Sic
1056 1645 1096 1679 et
1122 1642 1350 1693 reliquorum
1367 1642 1568 1681 verborum
1593 1643 1820 1681 sententiam

291 1710 404 1747 modo
433 1710 612 1760 dilatant,
657 1711 771 1748 modo
796 1713 990 1759 coartant,
1031 1723 1142 1760 quum
1170 1712 1226 1749 uti
1255 1710 1462 1759 Bentley’us
1497 1723 1607 1760 „neu
1633 1722 1751 1762 pavor
1779 1712 1819 1747 et

291 1791 415 1815 rerum
442 1779 681 1816 mediocriter
706 1779 850 1815 utilium
877 1791 965 1829 spes
993 1783 1104 1817 vexet
1131 1792 1190 1817 me
1215 1779 1451 1830 agitetque,“
1480 1778 1538 1816 vel
1562 1778 1614 1816 uti
1647 1776 1821 1815 Oretum

298 1845 631 1895 „tranquillitatem
657 1850 694 1884 et
713 1847 812 1884 vires
837 1847 968 1892 animi,
998 1860 1046 1884 ne
1070 1859 1229 1896 unquam
1249 1847 1348 1884 inter
1374 1859 1463 1898 spes
1481 1859 1526 1884 ac
1542 1847 1697 1883 timores
1716 1848 1818 1883 eete-

294 1926 431 1963 rasque
467 1914 601 1950 mentis
637 1913 941 1963 perturbationes
972 1919 1009 1951 et
1041 1915 1093 1951 rei
1134 1915 1362 1952 domesticae
1399 1926 1509 1951 curas
1549 1913 1680 1951 anxius
1706 1917 1820 1963 atque

294 1981 456 2018 incertus
482 1980 593 2017 animi
615 1981 823 2031 pendeat,“
850 1981 909 2019 vel
932 1983 986 2018 uti
1012 1980 1345 2034 Dillenburgerus
1372 1983 1564 2033 „iniquam
1590 1981 1703 2019 animi
1727 1993 1820 2018 con-—
1887 2013 1895 2019 .

297 2049 499 2097 ditionem,
528 2059 603 2097 qua
628 2048 739 2085 homo
768 2050 882 2086 modo
920 2048 992 2086 huc
1021 2050 1135 2086 modo
1165 2049 1251 2087 illuc
1277 2049 1482 2087 trahatur“
1509 2049 1707 2100 significari
1737 2048 1820 2098 opi-

297 2120 444 2154 nantur.
496 2116 570 2161 Qui
597 2116 805 2167 scripturae
838 2129 887 2152 ne
913 2117 1216 2167 patrocinantur,
1252 2116 1344 2154 haec
1373 2117 1487 2154 verba
1516 2122 1582 2156 aut
1609 2118 1655 2156 ad
1679 2117 1820 2167 provi—

297 2198 364 2222 sae
376 2185 519 2236 fingis
546 2183 691 2235 copiam
720 2196 803 2220 cum
833 2182 1037 2220 Diintzero
1046 2212 1063 2229 ‚
1092 2188 1155 2221 aut
1178 2185 1227 2222 ad
1252 2198 1332 2222 rem
1358 2188 1551 2235 utramque
1575 2188 1614 2222 et
1633 2182 1820 2221 librorum

300 2258 341 2290 et
363 2267 478 2303 prov.
508 2251 627 2304 frug.
656 2252 812 2301 copiam
840 2265 922 2290 cum
953 2251 1108 2289 Bac-hio
1124 2250 1188 2302 **)
1229 2253 1394 2290 referant
1423 2265 1577 2291 necesse
1603 2256 1681 2301 est,
1719 2251 1820 2302 qnod

411 2400 452 2445 *)
474 2400 632 2437 Diintzer
650 2409 771 2448 cavet,
791 2415 835 2437 ne
854 2403 958 2438 dubia
975 2404 1066 2438 hora
1084 2413 1158 2437 cum
1169 2403 1303 2448 fallaci
1320 2402 1437 2448 (Virg.
1458 2403 1571 2438 Catal.
1590 2404 1643 2447 12,
1658 2388 1720 2446 10)
1741 2413 1823 2436 con-

299 2457 484 2502 fundatur,
501 2459 640 2493 dubiam
655 2459 744 2495 enim
760 2460 903 2503 vocari,
925 2465 1095 2505 quatenus
1110 2471 1177 2494 non
1192 2460 1337 2504 provisa
1356 2459 1423 2500 εἰη
1445 2470 1519 2493 cum
1533 2459 1668 2494 Orellio
1685 2458 1771 2493 facit
1785 2459 1820 2494 J.

302 2514 438 2549 Merkel
445 2530 455 2548 .·
470 2515 590 2560 „M6g'
600 2515 657 2550 ich
667 2517 703 2550 in
713 2519 827 2562 Angst
837 2516 892 2551 nie
903 2518 1089 2551 schweben
1099 2516 1167 2551 und
1178 2516 1338 2551 siirchten
1351 2516 1407 2550 die
1420 2517 1640 2551 wechselnde
1648 2515 1824 2551 Stunde.“

394 2579 452 2626 **)
476 2582 614 2623 Quodsi
631 2585 783 2619 Baebius
801 2585 826 2620 1.
846 2584 871 2619 l.
893 2595 931 2629 p.
950 2581 1052 2620 1044.
1072 2585 1177 2619 dicit:
1199 2584 1307 2628 „Man
1323 2584 1416 2618 sieht
1431 2583 1555 2629 leicht,
1578 2585 1659 2618 dass
1674 2583 1736 2617 der
1751 2583 1825 2617 Ge-

302 2638 416 2672 danke
439 2639 475 2672 in
494 2651 562 2674 neu
581 2660 637 2665 —
654 2642 764 2675 horae
781 2642 833 2675 als
853 2641 1068 2676 besonderer
1085 2641 1236 2675 Wunsch
1258 2641 1541 2687 ausgesprochen
1565 2653 1609 2675 zu
1629 2639 1746 2685 wenig
1761 2638 1827 2673 Be-

304 2694 459 2740 deutung
479 2697 550 2730 und
566 2697 698 2731 Gehalt
717 2697 794 2741 hat,
815 2709 871 2732 um
890 2699 941 2732 als
961 2698 1099 2733 solcher
1114 2698 1224 2733 neben
1246 2699 1299 2733 Sit
1313 2699 1407 2733 bona
1429 2718 1476 2723 -—
1502 2699 1609 2744 Copia
1623 2709 1668 2732 zu
1681 2696 1825 2737 stehen3

304 2750 385 2784 dass
405 2764 443 2786 er
463 2752 638 2798 hingegen
657 2754 708 2788 als
723 2754 1018 2800 Rechtfertigung
1036 2756 1105 2790 und
1119 2755 1356 2800 Begriindung
1373 2755 1575 2789 bedeutsam
1595 2765 1639 2788 an
1658 2753 1725 2786 den
1744 2762 1824 2785 vor-

306 2805 549 2851 hergehenden
567 2810 718 2844 Wunsch
735 2811 809 2845 sich
825 2812 1054 2857 anschliesst,
1074 2812 1178 2846 aliter
1193 2812 1325 2847 sentiet
1342 2813 1405 2846 Vir
1421 2810 1659 2852 doctissimus,
1679 2809 1709 2841 si
1725 2819 1825 2852 quam

307 2862 375 2896 vim
398 2863 432 2897 in
459 2865 579 2900 animis
606 2867 741 2901 illorum
761 2868 931 2903 hominum
952 2881 1036 2903 cura
1054 2871 1246 2904 futurorum
1269 2867 1431 2904 habuerit
1449 2877 1616 2913 quamque
1644 2865 1763 2898 levare
1789 2868 1825 2897 et

308 2918 433 2954 tollere
448 2921 646 2957 studuerint
663 2924 828 2969 Epicurei
849 2926 983 2971 (Heyn.
999 2927 1046 2960 ad
1059 2925 1159 2971 Virg.
1179 2927 1247 2963 Ge.
1261 2930 1295 2970 2,
1309 2923 1379 2961 490
1390 2926 1463 2970 sq.)
1473 2949 1484 2967 ,
1503 2932 1618 2957 secum
1633 2919 1822 2966 reputabit.

1898 2316 1910 2395 -..-·;·—
1905 2272 1910 2289 ,η
1903 2224 1910 2257 -κ-

1906 2857 1910 2866 ,.
1907 2837 1910 2844 r
1896 2637 1910 2803 “adm-...amm
1898 2577 1910 2629 fi—.
