1910 3138
237 218 322 262 520
373 219 652 259 COMMENT.
673 220 732 260 IN
749 219 875 262 HOR.
892 219 992 261 LIB.
1011 221 1041 260 I.
1082 221 1248 260 EPIST.
1269 221 1642 261 UNDEVICESIM.
1688 223 1766 266 172

237 335 291 372 tio
318 335 542 372 auctoritate
561 332 797 371 scholiastae
826 333 942 384 Cruq.
973 333 1118 383 innixa,
1145 347 1219 386 qua
1242 334 1423 374 Horatius
1446 338 1647 375 amicornm
1673 336 1771 374 reci-

237 401 443 440 tationibus
479 404 518 438 et
555 400 717 437 auditor
752 404 791 439 et
815 401 976 448 judex,
1021 413 1158 440 censor
1173 402 1212 453 *)
1248 403 1463 442 interfuisse
1498 402 1644 441 dicitur.
1708 400 1769 439 Ab

236 470 359 508 altera
386 472 494 520 parte
522 468 594 506 loci
623 469 849 507 sententiam
875 469 986 520 plane
1021 470 1047 507 ii
1074 471 1292 518 immutant,
1329 471 1394 522 qui
1429 483 1512 509 cnm
1537 470 1680 508 variata
1705 468 1772 507 illu

237 552 271 575 v.
303 537 407 574 ultor
435 536 683 587 explicatione
706 536 929 587 particulam
955 538 1168 588 negativam
1187 538 1237 575 ad
1262 543 1459 589 utramque
1479 538 1772 577 enuntiationem

236 605 406 643 referunt
442 605 590 642 nomine
627 603 825 642 nobilium
860 608 925 645 aut
962 606 1115 657 proprie
1149 610 1214 644 aut
1249 606 1390 645 ironice
1424 610 1592 658 accepto.
1659 604 1772 643 Hanc

235 673 450 723 negationis
474 673 573 711 viam
597 677 748 724 praeter
767 673 860 710 alios
880 674 1041 723 ingressi
1060 679 1150 712 sunt
1179 673 1417 721 C’lzabotius‚
1440 673 1651 718 sabinus,
1676 673 1771 710 Da-

236 742 363 778 cen'us
374 769 389 786 ‚
418 741 595 786 Baxter,
633 740 844 790 Bentlejus
854 770 870 787 ‚
903 742 1146 780 Sanadonus
1156 771 1170 789 ,
1201 742 1437 794 Dorighello
1448 770 1464 789 ,
1495 740 1770 786 Welandius,

236 807 533 860 Haberfeldus,
573 809 747 847 Bothius
774 823 836 862 ap.
861 810 895 847 F
899 824 950 859 e.‚
992 810 1030 848 J.
1055 811 1115 848 H.
1143 813 1207 851 M
1237 813 1472 858 Ernestius,
1509 809 1769 861 Doeringius,

235 878 514 928 Diintzer**),
545 878 609 927 qui
637 879 788 929 quidem
817 878 872 916 sic
898 877 1078 930 explicat:
1105 880 1251 929 „Nicht
1279 880 1342 918 bin
1370 880 1429 918 ich
1458 881 1518 918 ein
1547 878 1771 929 geduldiger

234 946 407 984 Zuh6rer
431 946 506 983 und
527 945 871 996 Wiedervergelter
890 959 1045 995 grosser
1066 947 1241 998 Dichter,
1267 948 1329 986 die
1354 948 1433 986 sich
1452 947 1690 999 gegenseitig
1713 945 1770 984 als

236 1019 337 1053 erste
364 1013 521 1052 Lichter
550 1014 619 1051 des
649 1015 872 1065 poetischen
901 1014 1083 1053 Himmels
1108 1016 1282 1066 preisen3
1312 1016 1414 1054 nicht
1441 1016 1556 1054 suche
1583 1013 1643 1052 ich
1665 1013 1772 1052 etc.“

236 1085 287 1121 At
314 1084 345 1120 si
366 1087 474 1131 sunt,
500 1082 565 1132 qui
587 1082 771 1130 Bentley'o
799 1087 956 1121 auctore
980 1083 1176 1122 Horatium
1202 1097 1271 1123 sua
1294 1085 1436 1135 scripta
1462 1087 1620 1136 propter
1647 1095 1682 1120 v.
1703 1079 1771 1123 41.

235 1156 275 1189 et
299 1152 380 1188 Sat.
410 1152 448 1201 1,
476 1149 518 1199 4,
541 1150 609 1190 73.
639 1151 822 1188 recitasse
851 1155 1015 1201 negent,
1046 1165 1113 1189 eos
1142 1153 1178 1189 in
1204 1165 1309 1190 suam
1331 1165 1410 1190 rem
1429 1163 1544 1203 prave
1562 1150 1647 1188 illos
1666 1150 1772 1188 locos

235 1219 443 1257 detorsisse
473 1218 654 1267 dixerim,
682 1218 770 1256 vide
795 1218 1079 1270 Grotefendum
1106 1221 1155 1258 de
1182 1220 1252 1258 hac
1276 1234 1318 1258 re
1345 1220 1384 1258 in
1412 1218 1663 1270 „Zeitschrift
1682 1218 1714 1256 f.
1731 1218 1771 1255 d.

235 1285 547 1326 Alterthumsw.“
588 1285 711 1326 1845.
755 1286 808 1324 N.
850 1288 944 1328 116.
991 1302 1030 1339 p.
1059 1289 1153 1330 926.
1191 1288 1379 1326 subtiliter
1414 1289 1682 1339 disputantem.
1719 1308 1768 1316 —

233 1357 277 1394 V.
301 1354 370 1397 40.
405 1354 705 1392 Grammaticus
731 1353 884 1391 ambire
909 1353 1036 1393 tribus
1065 1369 1110 1395 ex
1136 1355 1378 1394 similitudine
1398 1355 1446 1393 ab
1469 1354 1611 1394 ambitu
1638 1355 1770 1407 petita,

347 1502 384 1550 *)
399 1505 739 1552 Interpretationem
753 1518 774 1540 a
792 1506 951 1542 Laudine
967 1507 1238 1553 praemunitam,
1262 1517 1332 1554 qua
1345 1507 1435 1544 Hor.
1451 1504 1660 1553 optimorum
1683 1505 1772 1540 scri-

235 1568 375 1609 ptorum
395 1567 515 1597 errata
530 1563 664 1598 notarit
679 1568 716 1597 et
731 1563 919 1609 castigarit
934 1565 1089 1610 nullique
1108 1576 1174 1611 per
1193 1564 1428 1599 adulationem
1442 1562 1664 1610 pepercerit,
1682 1561 1772 1598 Des·

233 1620 371 1666 prezius
389 1619 499 1664 magis
518 1619 560 1654 ad
582 1632 655 1654 rem
676 1619 805 1664 habet,
828 1621 922 1667 quod
936 1633 1016 1656 mox
1034 1622 1204 1657 addatur:
1227 1634 1300 1656 non
1324 1622 1458 1657 ambire
1474 1621 1613 1668 pulpita
1627 1621 1770 1667 dignor.

235 1678 288 1710 De
316 1678 492 1711 sententia
511 1677 670 1711 Marcilii
694 1689 833 1723 quoque
861 1678 918 1712 hic
948 1679 1136 1722 „definitio
1157 1679 1274 1714 critici
1292 1674 1370 1713 κατ’
1390 1675 1540 1712 ἔπαινον
1560 1682 1628 1712 est.
1662 1675 1774 1711 Criti-

236 1745 297 1766 cus
319 1734 449 1768 nobiles
470 1735 657 1779 scriptores
676 1735 775 1769 audit
804 1740 842 1769 et
864 1736 1056 1770 ulciscitur.
1102 1737 1153 1771 Et
1176 1735 1315 1782 quidem
1334 1735 1517 1769 ulciscitur
1534 1733 1772 1769 multifariam.

239 1809 287 1814 —
309 1808 356 1813 —
375 1810 430 1815 —
441 1810 498 1815 —
512 1791 671 1825 Peccant
689 1791 747 1837 qui
762 1793 911 1826 ultorem
928 1794 1149 1828 laudatorem
1168 1803 1358 1838 accepere3
1378 1791 1488 1836 magis
1503 1790 1562 1836 qui
1575 1802 1641 1837 pro
1656 1792 1773 1825 ultore

237 1851 391 1880 actorem
416 1857 627 1892 reposuere:
651 1848 797 1882 maxime
819 1849 879 1894 qui
901 1849 953 1883 sic
972 1849 1217 1895 interpretati:
1238 1847 1421 1883 Horatium
1441 1859 1556 1894 neque
1575 1847 1772 1882 auditorem

236 1902 402 1937 nobilium
423 1904 634 1948 scriptorum
648 1904 873 1939 recitantium
892 1918 971 1940 esse
991 1907 1103 1950 velle,
1125 1918 1239 1952 neque
1256 1910 1375 1940 mutua
1392 1917 1456 1940 eos
1473 1915 1615 1940 suorum
1631 1916 1774 1951 poema-

235 1966 308 1994 tum
332 1959 546 1994 recitatione
573 1960 707 1995 ulcisci.
753 1961 914 1996 Hoccine
942 1968 981 1996 ut
1008 1964 1223 1997 conveniens
1242 1961 1458 1997 Horatianae
1485 1961 1621 1996 menti?
1666 1960 1772 1997 citius

236 2028 327 2063 aqua
343 2016 530 2051 flammis.“

324 2067 387 2118 **)
401 2073 639 2116 Βΐιηῐπεηιηι,
661 2072 721 2118 qui
736 2073 993 2108 similitudinem
1015 2076 1106 2120 apud
1125 2075 1233 2109 Ovid.
1254 2075 1331 2110 Am.
1352 2076 1386 2118 8,
1404 2077 1439 2118 2,
1463 2076 1495 2111 1.
1515 2073 1646 2119 sentit,
1669 2074 1768 2121 sequi

237 2130 397 2175 videtur,
418 2141 616 2177 quanquam
638 2137 736 2164 recte
757 2130 940 2173 distinxit,
965 2131 1217 2178 Dillenburger
1236 2130 1289 2166 his
1314 2131 1351 2166 in
1373 2131 1529 2166 editione
1552 2143 1616 2166 sua
1637 2130 1770 2166 additis

236 2187 377 2222 verbis:
410 2188 527 2233 „Nam
547 2187 607 2234 qui
627 2186 759 2222 insulsa
783 2188 951 2223 nobilium
971 2199 1013 2222 ac
1034 2187 1181 2222 divitum
1202 2189 1375 2223 hominum
1393 2187 1544 2223 carmina
1563 2188 1685 2230 audit,
1707 2187 1771 2222 de-

235 2246 318 2279 inde
333 2255 397 2279 sua
415 2257 484 2279 non
505 2245 647 2279 meliora
661 2244 791 2279 recitat
802 2272 811 2289 ,
828 2246 858 2280 is
877 2246 959 2280 illos
975 2245 1075 2290 quasi
1091 2244 1289 2286 ulciscitur3
1312 2245 1411 2279 simul
1430 2245 1540 2290 igitur
1554 2249 1611 2279 est
1629 2245 1772 2280 auditor

237 2308 275 2336 et
288 2302 420 2336 ultor.“
442 2307 512 2336 etc.
542 2301 656 2336 Aliter
669 2301 886 2348 Doen‘ngz'us
905 2307 943 2337 et
960 2300 1038 2348 ipse
1054 2306 1152 2336 recte
1167 2302 1408 2346 distinguens:
1430 2302 1536 2346 „Ego
1550 2301 1642 2336 haud
1656 2300 1772 2347 digni-

235 2358 322 2393 tatis
341 2370 440 2393 meae
465 2370 542 2394 esse
566 2363 672 2404 puto,
701 2358 886 2394 ambitiose
907 2363 1030 2405 petere
1049 2357 1554 2405 grammaticorum—tribus
1573 2362 1611 2393 et
1630 2357 1772 2404 pulpita

240 2436 287 2441 —-
313 2435 359 2440 —
377 2443 387 2460 ‚
408 2421 468 2462 ut,
497 2427 599 2461 quum
618 2416 774 2450 virorum
795 2416 961 2451 nobilium
987 2416 1120 2461 scripta
1150 2415 1365 2458 recitantur,
1394 2427 1462 2461 ego
1482 2415 1594 2450 adsim
1614 2419 1652 2449 et
1670 2414 1771 2449 audi-

236 2478 295 2507 tor
315 2478 352 2507 et
370 2474 485 2517 ultor,
507 2474 709 2517 (defensor,
727 2473 858 2518 judex,
881 2473 939 2518 qui
962 2473 1122 2518 injuriam
1143 2472 1345 2515 ulciscitur,
1367 2476 1422 2515 et,
1451 2472 1544 2517 quod
1564 2475 1700 2507 rectum
1715 2475 1769 2505 at-

237 2540 303 2574 que
316 2540 460 2575 aequum
479 2534 545 2574 est,
563 2529 734 2573 defendit,
751 2536 812 2564 aut
827 2530 918 2575 quod
933 2530 968 2563 in
981 2530 1290 2576 reprehensionem
1304 2527 1465 2572 incurrit,
1481 2527 1768 2574 reprehendit“).

237 2587 430 2631 Disputant
448 2586 483 2620 in
507 2587 597 2620 hunc
624 2586 699 2620 fere
721 2587 920 2631 negativum
940 2587 1074 2621 modum
1094 2587 1179 2620 Jan.
1200 2585 1323 2620 Doasa
1340 2586 1376 2620 in
1400 2585 1588 2620 Succidan.
1607 2584 1770 2631 Append.

238 2655 269 2676 c.
292 2641 325 2677 5.
346 2644 438 2688 apud
460 2643 566 2688 Cruq.
592 2655 625 2688 p.
644 2644 746 2691 680.,
769 2644 990 2678 schirackius
1010 2643 1128 2686 (Clav.
1149 2654 1185 2688 p.
1202 2643 1298 2686 382).
1343 2643 1398 2676 De
1416 2641 1551 2677 ironico
1572 2648 1685 2677 autem
1703 2651 1768 2676 usu

238 2709 272 2730 v.
292 2701 414 2733 nobilis
432 2700 504 2734 noli
525 2700 690 2734 dubitare
705 2700 784 2734 coll.
805 2701 882 2734 Sat.
895 2703 928 2742 2,
945 2700 978 2742 3,
996 2697 1078 2736 243.
1099 2700 1141 2734 A.
1159 2700 1198 2734 Ρ.
1214 2698 1294 2735 259.
1325 2699 1417 2733 Hinc
1432 2699 1648 2734 Sanadonus
1665 2709 1770 2743 prae-

239 2761 345 2789 eunte
360 2755 528 2791 Ducerio:
552 2758 640 2791 c'est
657 2768 723 2802 que
733 2758 771 2801 je
787 2769 838 2791 me
853 2757 973 2790 soucie
989 2769 1057 2802 peu
1072 2757 1278 2791 d'entendre
1291 2767 1353 2790 nos
1368 2757 1482 2790 beaux
1497 2755 1626 2801 esprits
1642 2765 1694 2787 me
1712 2756 1768 2787 re-

240 2811 329 2844 citer
347 2811 440 2845 leurs
457 2825 630 2858 ouvrages
643 2839 652 2855 ‚
676 2819 713 2847 et
728 2814 772 2847 de
788 2814 863 2848 leur
880 2813 946 2847 lire
963 2815 982 2847 a
998 2826 1075 2848 mon
1089 2819 1171 2847 tour
1184 2813 1236 2847 les
1252 2813 1358 2847 miens
1369 2839 1379 2856 ‚
1399 2823 1490 2858 pour
1505 2823 1557 2846 me
1572 2821 1706 2854 vonger
1720 2809 1765 2842 de

239 2867 366 2900 l'ennui
381 2868 480 2911 qu'ils
496 2865 704 2904 m'auroicnt
715 2873 839 2905 cause:
857 2871 946 2904 c'est
962 2881 1029 2916 que
1041 2871 1079 2916 je
1091 2869 1262 2915 dedaigne
1277 2870 1320 2904 de
1330 2869 1421 2904 faire
1435 2879 1490 2902 ma
1499 2869 1595 2902 Cour
1610 2867 1631 2899 a
1647 2876 1693 2899 un
1708 2869 1764 2898 tas

241 2923 284 2956 de
301 2926 331 2957 G
337 2924 589 2971 rammairiens‚
607 2926 677 2960 afin
694 2927 795 2972 qu’ils
812 2927 966 2962 donnent
981 2938 1095 2972 vogue
1112 2928 1132 2961 a
1146 2938 1218 2962 mes
1233 2927 1371 2973 poesies
1386 2925 1472 2960 dans
1487 2925 1580 2958 leurs
1594 2921 1765 2957 classes.“
