1910 3138
300 216 385 259 364
443 218 719 259 COMMENT.
742 218 800 257 IN
820 218 942 257 HOR.
964 217 1063 258 LlB.
1084 220 1112 261 Ι.
1153 219 1320 261 ΕΡ18Τ.
1338 221 1486 262 SEPT.
1505 221 1686 263 Ditem.
1774 224 1828 265 16

291 334 460 386 fecisse,
490 334 515 370 i.
546 346 577 371 e.
606 333 643 370 in
672 344 778 370 suam
803 344 881 370 rem
908 333 1102 382 vertendi,
1131 335 1233 384 quod
1261 335 1346 385 quis
1357 335 1413 374 {in
1440 336 1609 388 pluribus
1634 340 1673 375 et
1698 337 1829 376 alienis

298 403 453 440 invenit.
481 399 606 441 ,Hanc
633 399 910 438 contrariorum
937 400 1127 439 notionem
1155 400 1300 453 (Liibk.
1332 406 1381 443 ad
1413 404 1488 446 od.
1521 407 1567 454 1,
1598 405 1647 455 1,
1677 403 1735 456 9.)
1767 404 1829 442 hic

300 469 440 507 sentire
466 467 588 516 malo,
632 480 743 518 quam
782 467 853 506 sibi
889 468 1126 519 vindicandi,
1162 472 1264 520 quod
1297 472 1421 510 animo
1459 485 1608 524 semper
1644 473 1757 511 fixum
1791 475 1830 511 et

299 537 489 574 immotum
512 535 718 573 inhaereat.
770 534 889 573 Recte
918 535 1119 575 dictionem
1145 536 1404 590 porphyrione
1425 538 1577 579 auctore
1603 541 1828 592 interpreta-

298 609 359 642 tus
389 607 448 641 est
475 602 726 649 Lambinus,
755 603 850 641 male
877 603 1103 654 C'ruquius,
1141 606 1207 655 qui
1229 606 1297 644 tibi
1324 607 1516 658 proprium
1542 621 1628 647 esse
1657 608 1749 646 dicit
1776 621 1829 659 „a

299 676 337 710 te
364 673 580 722 inventum,
617 672 687 710 tibi
715 672 778 708 uni
816 671 1059 721 cognitum.“
1105 671 1211 711 Varr.
1254 673 1338 711 Sat.
1365 674 1533 728 Menipp.
1563 677 1639 726 12,
1676 678 1715 719 2.
1758 676 1826 726 (ib.

300 738 459 789 Oehler)
497 740 630 777 Unam
663 741 849 777 virtutem
875 741 1083 790 propriam
1123 739 1358 779 mortalibus
1381 742 1488 794 ficit
1497 770 1514 789 ,
1562 743 1698 781 Cetera
1729 757 1830 795 pro-

298 809 445 845 miscue
482 807 609 846 voluit
644 809 870 845 communia
908 807 1064 848 habere.
1129 807 1274 847 Dubito
1305 822 1456 860 quoque
1487 811 1537 849 de
1573 812 1831 862 similitudine,

297 889 408 926 quam
432 889 455 914 a
485 889 598 914 carne
632 888 782 914 comesa
809 879 848 913 et
872 876 910 913 in
936 889 1085 915 succum
1111 890 1156 915 ac
1184 877 1404 928 sanguinem
1437 889 1617 918 conversa
1644 884 1831 931 sumptam

298 946 474 996 opinatur
504 944 726 994 Dacerius,
756 956 872 994 quum
903 944 1010 982 dicit:
1041 943 1128 994 „Le
1156 946 1295 996 garder
1314 959 1410 996 pour
1435 959 1528 984 vous
1557 959 1604 986 en
1633 948 1765 997 servir,
1794 947 1832 986 le

298 1013 506 1062 convertit,
533 1025 676 1050 comme
701 1024 750 1049 on
782 1011 859 1061 dit,
891 1024 938 1050 en
965 1011 1071 1051 v6tre
1095 1026 1237 1065 propre
1257 1014 1475 1054 substance.
1533 1014 1640 1052 C'est
1661 1028 1732 1054 une
1750 1015 1830 1054 me-

296 1081 455 1132 taphore
488 1081 590 1132 prise
620 1080 688 1118 des
707 1080 860 1118 viandes
890 1080 985 1118 dont
1004 1094 1053 1118 on
1081 1094 1123 1118 se
1143 1082 1332 1120 nourrit.“
1378 1081 1439 1121 De
1464 1082 1700 1135 Infinitivo*)
1728 1082 1827 1122 Per-

297 1149 388 1187 fecti
414 1152 452 1188 et
479 1148 539 1187 hic
565 1151 604 1186 et
633 1161 667 1186 v.
695 1147 764 1188 35.
793 1150 894 1186 recte
923 1148 1091 1200 disputat
1124 1149 1366 1187 Schmidc'us.

409 1217 456 1255 V.
487 1219 512 1257 6
543 1239 598 1245 —
627 1218 666 1258 8.
734 1216 782 1254 δι’
815 1222 851 1253 te
875 1223 999 1268 grata
1027 1241 1081 1246 —
1110 1218 1166 1254 ire
1191 1217 1357 1266 jubebo.
1430 1218 1515 1256 Jam
1551 1217 1673 1257 Poeta
1711 1219 1830 1258 amico

298 1285 492 1323 consilium
521 1285 570 1336 de
599 1284 774 1334 eligenda
800 1284 899 1322 vitae
926 1285 1072 1323 ratione
1101 1286 1255 1324 daturus
1284 1289 1431 1335 monet,
1459 1289 1532 1335 „ut
1557 1298 1633 1336 quo
1660 1298 1743 1324 eum
1762 1297 1830 1323 na-

297 1358 384 1393 tura
412 1354 559 1404 trahat,
588 1353 626 1390 id
653 1353 891 1403 potissimum
921 1356 1101 1402 sequatur
1127 1356 1166 1390 et
1194 1353 1268 1404 ita,
1294 1357 1358 1403 ut,
1394 1353 1427 1390 si
1455 1354 1581 1404 quiete
1610 1356 1724 1403 atque
1751 1353 1830 1391 otio

298 1422 508 1460 delectetur
537 1422 737 1473 strepitum
761 1421 1037 1471 clamoremque
1066 1419 1224 1458 moleste
1243 1421 1393 1470 ferens,
1422 1420 1564 1460 Urbem
1581 1420 1833 1459 turbulentam

298 1490 452 1528 deserat
479 1493 518 1527 et
546 1490 585 1527 in
612 1490 735 1528 locum
755 1489 942 1539 quendam
970 1474 1265 1539 infrequentem,
1294 1489 1353 1530 uti,
1366 1488 1608 1527 Ferentinum
1633 1489 1831 1528 εει-,εὐαέι

296 1557 392 1596 Rem
420 1561 543 1596 autem
573 1558 682 1597 latius
717 1561 909 1608 patentem
946 1556 1083 1606 insigni
1118 1556 1281 1607 quodam
1309 1556 1630 1595 incommodorum
1663 1569 1832 1607 quorun-

298 1626 407 1675 dam,
446 1638 542 1676 quae
571 1627 661 1665 urbs
695 1627 825 1665 Roma·
848 1624 981 1674 habet,
1018 1624 1271 1675 descriptione
1310 1624 1420 1675 quasi
1461 1623 1510 1662 ob
1545 1623 1675 1662 oeulos
1709 1624 1831 1675 ponit.

297 1691 412 1731 Locis
441 1693 479 1731 in
509 1707 590 1732 eam
616 1708 695 1732 rem
722 1694 770 1731 ad
798 1695 838 1743 7,
866 1693 934 1733 45.
961 1692 1122 1730 laudatis
1155 1693 1254 1730 adde
1282 1691 1371 1735 Tib,
1403 1694 1443 1741 2,
1466 1692 1508 1742 3,
1530 1689 1587 1732 43
1616 1688 1685 1742 (ib.
1708 1689 1832 1742 Diss.)

297 1759 413 1798 Mart.
442 1758 484 1811 4,
511 1761 580 1811 64,
611 1762 664 1802 20
685 1775 769 1812 sqq.
796 1761 863 1813 (ib.
890 1760 1019 1798 Rader
1046 1774 1088 1811 p.
1107 1759 1208 1811 343)
1237 1760 1276 1809 5,
1303 1762 1354 1802 22
1386 1760 1494 1812 (23),
1523 1762 1564 1810 7,
1590 1761 1630 1801 8.
1654 1758 1768 1810 (Rad.
1791 1772 1830 1810 p.

297 1828 411 1879 382).
471 1829 706 1867 Sententiam
740 1833 818 1866 tam
854 1829 1003 1880 planam
1043 1829 1220 1867 obscurat
1247 1828 1418 1880 improba
1467 1827 1594 1865 Orelli
1631 1827 1832 1873 subtilitas,

299 1896 438 1947 quippe
464 1897 528 1946 qui
557 1896 617 1934 hic
642 1896 760 1934 multa
783 1900 821 1934 et
841 1897 999 1935 molesta
1016 1898 1172 1947 itinera,
1201 1909 1297 1947 quae
1323 1908 1398 1933 una
1423 1909 1508 1934 cum
1534 1899 1691 1947 potente
1710 1895 1832 1933 amico

299 1964 536 2014 suscipienda
564 1963 726 2013 fuerint,
755 1966 882 2002 nescio
902 1979 977 2015 quo
1006 1969 1119 2016 pacto
1143 1964 1279 2002 videat.
1338 1963 1504 2002 Praeivit
1525 1967 1651 2002 autem
1673 1963 1738 2004 R.
1759 1963 1832 2000 Ja-

301 2031 455 2069 coh-eius
482 2031 546 2082 (V.
576 2045 613 2083 p.
643 2031 716 2081 87)
745 2035 782 2069 et
807 2033 1084 2081 quodammodo
1120 2031 1350 2069 Sclzmidius
1386 2032 1602 2082 suspicione
1637 2042 1707 2068 sua
1735 2029 1830 2068 levi-

299 2106 382 2150 ter,
426 2104 467 2138 ut
500 2100 538 2137 in
575 2099 710 2136 talibus
739 2099 903 2149 assolet,
940 2102 1054 2152 jacta.
1121 2100 1230 2137 Viros
1265 2098 1350 2135 illos
1386 2099 1624 2137 doctissimos
1652 2098 1831 2147 hysteron

299 2172 480 2219 proteron
505 2167 552 2205 ab
582 2167 674 2218 ipsis
711 2167 915 2205 admissum
951 2168 1007 2218 (in
1037 2180 1144 2217 seqq.
1183 2167 1278 2204 enim
1307 2166 1378 2204 hac
1406 2167 1557 2216 quidem
1585 2179 1708 2205 rerum
1737 2177 1829 2202 con-

300 2237 441 2274 ditione
470 2236 528 2274 vel
557 2235 740 2274 existente
767 2235 827 2273 vel
849 2249 926 2274 non
960 2237 1147 2274 existente
1176 2233 1230 2285 (v,
1265 2234 1335 2285 11)
1370 2235 1418 2272 de
1454 2235 1709 2286 potentiorum
1735 2233 1831 2270 ami-

301 2305 387 2342 citia
406 2304 620 2356 appetenda
640 2303 782 2354 agitur)
802 2317 877 2342 non
905 2304 1068 2342 sensisse
1087 2303 1202 2341 miror
1221 2315 1444 2354 semperque
1469 2301 1645 2340 mirabor.
1700 2301 1830 2339 Grata

412 2463 450 2509 *)
472 2465 524 2499 Ut
545 2477 579 2499 v.
595 2464 654 2501 35.
677 2465 776 2500 notio
791 2465 951 2500 Perfecti
970 2476 1038 2499 non
1057 2464 1254 2509 exstincta,
1274 2465 1328 2499 ita
1347 2464 1404 2499 hic
1419 2463 1507 2499 illud
1529 2464 1686 2510 Tempus
1709 2474 1754 2497 ex
1767 2472 1833 2497 no-

302 2522 397 2556 tione
418 2522 522 2556 verbi
536 2535 653 2567 cures,
674 2523 728 2556 uti
746 2523 833 2558 alias
850 2535 895 2558 ex
918 2522 1040 2558 verbis
1061 2521 1216 2566 volendi,
1236 2522 1397 2566 nolendi,
1423 2521 1592 2556 similibus
1617 2524 1734 2566 aptum
1760 2523 1830 2554 est.

303 2579 408 2613 Conf.
431 2578 562 2613 Heind.
589 2579 633 2613 ad
663 2580 740 2613 Sat.
767 2581 799 2623 1,
822 2582 854 2625 2,
872 2581 928 2616 28.
959 2579 1132 2613 Wiistem.
1153 2578 1197 2612 ad
1218 2580 1251 2622 2,
1276 2578 1312 2624 3,
1330 2580 1409 2614 187.
1428 2579 1474 2613 Ο.
1494 2579 1598 2613 Jahn.
1619 2578 1665 2612 ad
1681 2577 1780 2611 Pers.
1796 2576 1830 2618 1,

301 2632 359 2668 41.
386 2635 540 2670 Schmid.
562 2636 605 2670 ad
627 2638 689 2679 18,
714 2635 772 2671 59.
792 2638 920 2682 secisse
934 2648 1059 2680 curas,
1079 2636 1189 2670 Fabr.
1211 2635 1254 2669 ad
1277 2635 1358 2669 Liv.
1382 2638 1443 2680 22,
1467 2634 1532 2680 59,
1554 2636 1610 2669 10.
1641 2633 1720 2668 Alia
1742 2633 1829 2666 alio-

303 2702 375 2724 rum
398 2692 553 2727 locorum
579 2697 634 2726 est
653 2694 745 2727 ratio
758 2720 767 2737 ,
796 2693 868 2728 vid.
890 2693 934 2727 ad
952 2696 968 2728 1
982 2719 991 2737 ,
1021 2689 1079 2728 42.
1096 2704 1130 2737 p.
1150 2694 1205 2728 62.
1227 2692 1307 2726 coll.
1328 2693 1446 2727 Liibk.
1466 2698 1502 2727 et
1521 2691 1675 2726 Dillenb.
1692 2689 1737 2724 ad
1757 2687 1827 2722 Od.

306 2748 336 2786 1,
360 2749 390 2790 1,
412 2745 447 2782 4.
483 2750 602 2783 Haase
624 2750 668 2784 ad
700 2750 835 2795 Reisig.
866 2750 1158 2794 ‚,Vorlesungg.“
1175 2749 1235 2783 ⁴N.
1259 2746 1340 2783 453.
1370 2749 1467 2784 Bach
1487 2749 1531 2783 ad
1557 2746 1664 2781 Ovid.
1685 2745 1774 2779 Met.
1793 2744 1830 2787 6,

303 2801 384 2835 370.
406 2805 565 2850 Madvig.
585 2806 719 2851 Opusc.
743 2807 790 2840 ΙΙ.
811 2819 849 2852 p.
872 2808 938 2841 119
954 2819 1033 2853 sqq.
1070 2805 1142 2847 Qui
1165 2817 1291 2841 curare
1309 2817 1385 2840 cum
1404 2804 1583 2840 Infinitivo
1603 2814 1624 2836 a
1645 2799 1829 2845 scriptori-

303 2857 368 2890 bus
393 2861 527 2895 solutae
555 2863 726 2896 orationis
740 2863 842 2908 jungi
862 2869 1013 2908 negant,
1037 2863 1222 2897 conferant
1246 2875 1372 2898 censeo
1392 2863 1468 2897 Cic.
1494 2858 1600 2895 Acad.
1622 2859 1654 2901 1,
1671 2858 1704 2900 2,
1725 2853 1761 2890 4.
1782 2856 1827 2890 ad

304 2913 414 2947 Attio.
438 2916 493 2959 15,
514 2916 548 2960 5,
565 2919 598 2952 2.
622 2919 732 2952 Tusc.
754 2919 787 2962 5,
804 2920 861 2963 31,
882 2921 937 2955 87.
958 2932 1013 2965 pr.
1031 2920 1149 2955 Flacc.
1174 2921 1230 2964 27,
1246 2916 1303 2954 64.
