1910 3138
103 218 131 260 5
529 217 670 256 Lfflm
700 215 728 256 Ι.
787 214 1045 255 ΕΡ18ΤΟΙ.Λ
1076 215 1192 254 xv11.

1539 212 1624 254 353

165 328 325 376 vitabit
357 329 650 390 chlamydem,
686 332 891 375 morietur
916 330 1104 391 frigore,
1138 331 1175 374 si
1204 342 1288 373 non

156 409 383 456 Betuleris
416 424 626 469 pannum:
662 408 776 453 refer
810 412 853 453 et
886 411 978 454 sine
1012 412 1129 454 vivat
1164 407 1354 468 ineptus!

163 488 258 534 Res
287 500 448 549 gerere
478 492 523 532 et
549 491 697 547 captos
728 481 956 533 ostendere
983 489 1141 533 civibus
1168 488 1322 547 hostis,

163 567 345 628 Attingit
378 569 532 612 solium
564 567 687 611 Jovis
723 570 766 610 et
803 568 1007 611 coelestia
1042 569 1203 624 tentat3

158 647 425 707 Principibus
461 648 676 706 placuisse
709 647 810 690 viris
845 659 931 690 non
965 649 1113 691 ultima
1149 649 1244 691 laus
1280 649 1363 690 est.

1563 646 1617 687 35

163 727 262 771 Nou
296 728 429 771 cuivis
465 727 622 771 homini
660 727 866 785 contingit
901 726 1021 770 adire
1057 724 1327 771 Corinthum.

160 804 290 851 Sedit
323 808 390 864 qni
422 807 580 863 timuit⁷
617 818 671 848 ne
707 818 791 848 non
824 804 1100 848 succederet:
1135 808 1253 862 θεῖος

165 885 303 944 Quid,
341 886 408 942 qui
447 885 641 944 pervenit
677 883 831 927 fecitne
865 881 1076 927 viriliter?
1131 884 1258 943 Atqui

95 1044 206 1079 Torr.
219 1042 327 1076 Talb.
345 1039 462 1076 Maitt.
478 1042 557 1076 Jon.
574 1042 684 1076 Gesn.
700 1041 833 1075 Sandb.

96 1100 202 1136 Bask.
249 1098 342 1133 Phil.
378 1097 524 1142 Dorigh.
568 1097 667 1131 Sivr.
711 1098 834 1131 Comb-

97 1155 222 1192 Oberi.
260 1155 347 1189 Bad.
394 1155 508 1190 Wetz.
549 1154 670 1190 Jaeck.
711 1155 832 1199 Camp.

95 1213 205 1246 Doer.
221 1211 355 1257 Chup.
373 1212 494 1253 Amar3
516 1211 580 1245 sed
594 1212 688 1245 conf.
706 1211 831 1248 Eckst.

94 1269 141 1303 ad
169 1269 275 1303 Voss.
310 1268 422 1302 Arist.
456 1268 503 1302 11.
546 1280 582 1313 p.
606 1269 687 1306 612.
721 1268 830 1303 Conr.

94 1324 261 1360 Schneid-
279 1325 455 1361 Fon-meni.
475 1337 512 1370 p.
536 1325 615 1359 227.

148 1383 195 1416 V.
209 1382 267 1417 31.
297 1381 442 1416 dabat.
459 1381 528 1419 Ms.
542 1381 596 1415 Ik‘.
611 1382 642 1414 1,
658 1380 778 1413 Berol.
796 1381 831 1414 1.

55 1439 60 1449 “
93 1439 173 1482 (sed
193 1449 370 1484 suprascr.
388 1435 417 1483 i)
436 1437 535 1483 Lips.
554 1439 585 1472 1.
605 1441 643 1470 et
656 1436 830 1470 Priscian.

95 1496 118 1528 1.
141 1495 166 1530 l.
185 1495 279 1530 Edd.
298 1495 462 1539 Gymnic.
478 1492 558 1529 541.
582 1494 664 1527 Bas.
684 1492 765 1527 580.
784 1493 833 1525 υί-

12 1580 28 1590 ..
95 1552 192 1587 aava.
210 1552 300 1586 Μεε.
319 1551 430 1584 Pulm-
450 1553 484 1587 2.
503 1547 539 1584 4.
554 1551 589 1585 7.
611 1551 666 1584 10.
695 1550 830 1583 Bersm.

95 1607 176 1644 duo.
204 1607 270 1643 Fe.
291 1609 322 1651 1,
347 1619 380 1641 e.
399 1608 424 1641 i.
445 1619 490 1641 m.
516 1617 549 1641 o.
576 1608 610 1649 2,
631 1617 662 1639 e.
683 1606 709 1639 f.
738 1607 778 1649 (a
799 1607 831 1639 1.

95 1665 157 1708 ιιι.)
177 1663 211 1706 9,
231 1677 262 1699 c.
298 1664 402 1697 Gott.
425 1666 457 1698 1.
482 1663 584 1697 Dess.
607 1663 639 1697 1.
664 1661 698 1696 3.
730 1662 831 1706 Lips.

96 1723 130 1756 2.
146 1721 243 1755 Mon.
258 1720 286 1754 f.
302 1719 394 1753 Edd.
411 1720 498 1753 Veu.
513 1716 595 1753 477.
613 1719 671 1753 79.
687 1722 725 1751 et
740 1723 833 1752 teste

95 1777 171 1812 Fea
187 1778 246 1812 78.
269 1795 318 1800 —
340 1776 533 1810 clamidem.
551 1775 640 1809 Mss.
660 1774 776 1809 Berol.
799 1776 831 1809 1.

97 1836 131 1869 2.
150 1834 254 1868 Dess.
268 1843 359 1867 omn.
373 1832 476 1877 Lips.
492 1834 523 1866 1.
543 1831 579 1866 3.
599 1831 739 1866 Moreu.
756 1832 832 1865 cla—

95 1891 238 1934 mydem.
257 1889 346 1924 Mss.
366 1889 412 1923 al.
431 1894 469 1922 et
493 1887 576 1933 aliq.
589 1888 671 1923 edd.
687 1894 727 1922 ut
740 1888 832 1921 Ven.

94 1943 177 1981 483.
197 1946 255 1982 86.
284 1946 490 1980 ananiam.
529 1945 592 1978 Sic
620 1945 692 1990 legi
713 1944 834 1978 maluit

96 2004 218 2048 Cruq„
238 2002 301 2037 sed
321 2002 404 2036 vide
423 2001 468 2036 ad
485 2003 520 2044 6,
538 1998 597 2036 40.
617 2007 654 2035 et
672 2001 834 2035 Schmidt

97 2060 142 2094 ad
158 2057 241 2094 ἕατ’.
264 2060 298 2101 8,
319 2059 398 2092 101.
430 2077 478 2083 -
506 2057 551 2092 V.
572 2058 630 2092 32.
648 2058 832 2092 Retuleris.

97 2115 159 2150 Sic
191 2115 331 2161 quidem
358 2127 402 2148 ex
434 2107 564 2148 nosiris
591 2114 709 2148 Berol.
740 2116 771 2148 1.
798 2116 831 2149 2.

95 2173 197 2207 Dess.
222 2175 255 2207 1.
276 2173 310 2207 2.
332 2171 442 2206 Goth.
463 2172 534 2204 Gu.
554 2171 590 2205 3.
610 2169 711 2216 Lips.
734 2173 767 2208 1.
797 2172 831 2205 2.

96 2229 130 2264 3.
151 2228 251 2263 Mon.
267 2239 358 2263 omn.
375 2232 525 2273 excepto
539 2238 604 2261 ms.
618 2227 653 2260 b.
669 2226 830 2261 Rudolst.

97 2284 193 2319 Edd.
219 2285 330 2319 Loch.
355 2281 436 2319 498.
466 2284 547 2317 Bas.
566 2283 647 2319 527.
669 2283 831 2328 Gymnic.

98 2340 179 2376 541.
198 2340 323 2375 Irenie.
345 2341 402 2383 aL,
423 2352 442 2373 e
460 2345 612 2374 recentt.
633 2340 722 2373 Cun.
745 2341 831 2374 San.

100 2397 211 2429 Gesn.
231 2396 295 2430 Fe.
315 2396 415 2430 Jahn.
435 2402 472 2430 et
486 2397 531 2430 al.
547 2397 717 2440 complut.
748 2397 834 2429 Ret-

99 2451 230 2486 tulen‘s.
261 2452 319 2485 Ex
337 2453 468 2486 nostris
489 2452 607 2486 Berol.
622 2454 655 2486 2.
678 2452 780 2486 Dess.
799 2452 835 2486 3.

101 2507 206 2540 Gott.
223 2508 256 2540 1.
270 2508 304 2541 2.
325 2508 395 2542 Gn.
413 2509 445 2542 1.
461 2507 496 2541 2.
510 2505 546 2544 4.
560 2509 670 2542 Dor-V.
684 2509 718 2542 1.
734 2508 832 2542 Mon.

101 2564 138 2600 b,
155 2562 367 2606 [reddu1.?!]
381 2562 533 2605 Μαι-611,
548 2564 593 2597 de
606 2564 754 2609 reliquis
765 2574 834 2596 non

100 2619 223 2663 liquet.
258 2618 351 2651 Edd.
374 2623 444 2651 vet.
459 2618 535 2652 fere
549 2630 654 2663 omn„
674 2632 693 2653 e
713 2630 836 2652 recen-

101 2675 182 2709 tior.
208 2673 315 2707 Talb.
339 2673 456 2706 Bentl.
480 2675 566 2708 Bad.
597 2676 694 2709 Pott.
715 2676 833 2711 Schm.

103 2729 256 2764 Meinek.
273 2728 385 2763 Orell.
398 2728 443 2762 al.
452 2729 549 2763 mult.
563 2729 749 2765 Detuleris.
763 2730 832 2763 Ms.

103 2787 170 2821 Fe.
191 2785 224 2826 5,
240 2787 266 2819 f.
285 2786 397 2820 Dorv.
415 2787 448 2819 2.
479 2785 533 2819 De
550 2785 727 2831 scriptura
744 2791 838 2819 retu-

880 1041 958 1075 191.
987 1040 1095 1074 Bach.
1117 1041 1163 1075 ad
1183 1040 1267 1074 Tib.
1296 1043 1336 1083 1,
1356 1040 1401 1083 3,
1427 1041 1482 1074 12.
1514 1043 1551 1072 et
1574 1038 1616 1071 nd

880 1097 988 1133 Ovid.
1004 1098 1089 1131 Met.
1106 1099 1140 1140 6,
1156 1099 1236 1133 212.
1254 1096 1442 1131 Foertsch.
1458 1096 1503 1129 ad
1517 1096 1619 1129 Voss.

878 1154 990 1188 Arist.
1008 1155 1037 1187 1.
1058 1166 1094 1199 p.
1110 1151 1190 1189 184.
1211 1154 1293 1188 Non
1308 1154 1378 1188 sibi
1391 1157 1531 1187 constat
1546 1151 1620 1185 Fea

877 1211 922 1244 ad
940 1211 1014 1244 θά-
1032 1212 1065 1254 2,
1082 1212 1112 1253 1,
1129 1211 1200 1254 28.,
1221 1212 1314 1246 conf.
1336 1212 1463 1254 Wagn-
1483 1210 1528 1243 ad
1545 1209 1616 1242 Or-

876 1269 994 1312 thogr.
1016 1267 1151 1312 Vergil.
1172 1279 1209 1312 p.
1229 1264 1311 1302 463.
1331 1287 1388 1292 —
1410 1267 1502 1301 etsie
1516 1266 1619 1299 vivut.

875 1325 938 1358 Sic
958 1325 1092 1358 Nestor
1110 1324 1301 1367 Dionysius
1321 1324 1357 1357 in
1378 1323 1500 1357 Lexic.
1523 1327 1619 1355 teste

876 1382 965 1415 Fea.

933 1438 976 1472 V.
1008 1436 1067 1469 33.
1098 1437 1185 1469 Rem
1208 1448 1333 1482 gerere
1356 1440 1426 1470 etc.
1456 1435 1519 1469 sic
1545 1435 1619 1468 lau-

877 1494 964 1528 dant
986 1493 1121 1526 Mutet.
1150 1492 1196 1526 V.
1219 1492 1263 1526 L.
1288 1493 1322 1535 9,
1348 1494 1382 1527 7.
1405 1498 1443 1526 et
1464 1491 1617 1525 Tennul.

877 1551 920 1585 ad
942 1550 1105 1584 Frontin.
1125 1550 1284 1593 Strateg.
1300 1551 1333 1592 2,
1350 1550 1407 1584 16.
1429 1567 1478 1573 -—
1500 1548 1617 1582 hos-tis.

878 1607 940 1641 Sic
955 1618 1036 1639 mss.
1052 1605 1166 1639 Orell.
1181 1605 1276 1639 SEc.
1293 1606 1393 1650 Lips.
1410 1607 1443 1640 2.
1457 1605 1495 1650 (a
1507 1607 1540 1639 1.
1554 1604 1618 1647 m.)

877 1664 912 1700 3,
955 1663 1121 1696 Ceterum
1145 1673 1181 1694 V.
1199 1661 1246 1696 33
1271 1667 1308 1695 et
1326 1659 1374 1696 34
1396 1662 1540 1695 inverso
1560 1672 1620 1695 or-

877 1720 959 1753 dine
980 1720 1017 1753 in
1039 1730 1101 1752 ms.
1118 1718 1183 1752 Fe.
1206 1720 1238 1759 2,
1258 1718 1284 1751 i.
1301 1737 1350 1744 —·
1367 1719 1411 1751 V.
1426 1715 1485 1753 34.
1505 1717 1618 1751 Affin-

876 1782 952 1822 get.
983 1775 1103 1809 Guelf.
1124 1776 1158 1809 1.
1186 1793 1234 1799 —-
1260 1780 1419 1820 temptat.
1452 1775 1515 1808 Sic
1533 1785 1617 1807 mss.

876 1833 931 1867 Ik.
950 1834 981 1867 1.
1000 1832 1104 1868 Dess.
1126 1842 1215 1866 omn.
1232 1831 1343 1866 Goth.
1363 1833 1435 1866 Gn.
1453 1835 1485 1866 1.
1513 1831 1616 1876 Lips.

875 1901 964 1924 omn.
979 1889 1077 1923 Mon.
1091 1889 1125 1922 b.
1138 1889 1177 1922 ἰιι
1189 1899 1299 1932 marg.
1317 1907 1367 1913 -—
1382 1888 1426 1921 V.
1439 1887 1498 1922 35.
1514 1888 1618 1921 Prin-

875 1947 942 1992 cip.
963 1964 1012 1970 —-
1029 1951 1091 1980 est.
1129 1945 1276 1978 Versum
1294 1943 1385 1978 hunc
1404 1949 1487 1978 ante
1507 1955 1541 1977 v.
1557 1943 1615 1978 33.

875 2003 913 2037 in
940 2014 1004 2036 ms.
1031 2003 1102 2035 Gn.
1131 1998 1168 2036 4.
1200 2002 1355 2046 positum
1381 2001 1503 2035 laudat
1529 2000 1616 2032 Vin-

877 2065 969 2094 cent.
991 2058 1130 2094 BelloV.
1159 2062 1267 2103 Spec.
1295 2058 1377 2091 hist.
1397 2059 1439 2100 7,
1459 2059 1535 2098 (38.,
1555 2068 1617 2089 ex-

876 2115 1011 2161 pressit,
1029 2114 1158 2149 Malch.
1184 2115 1317 2148 Ecbas.
1345 2114 1489 2158 Captiva
1512 2112 1616 2147 1131.

879 2173 997 2206 Verba
1015 2177 1130 2205 autem
1146 2170 1292 2205 Bothius
1314 2170 1359 2203 ad
1382 2171 1447 2203 Fe.
1471 2167 1521 2203 sic
1544 2167 1617 2201 dis-

876 2229 993 2274 tingui
1012 2229 1134 2271 jubet:
1164 2232 1300 2263 terunt,-
1321 2226 1436 2259 Ptine.
1462 2244 1510 2250 —
1540 2225 1618 2258 laus

877 2291 944 2319 est:
980 2284 1062 2318 Non
1081 2288 1150 2319 etc.
1174 2302 1222 2308 --
1259 2283 1302 2315 V.
1322 2281 1380 2315 36.
1408 2281 1481 2315 Nec
1502 2280 1617 2314 cuivis.

878 2341 948 2374 Ed.
967 2342 1132 2380 Ascens„
1159 2339 1220 2383 qui
1235 2337 1403 2382 explicat.
1425 2356 1482 2361 —
1508 2336 1617 2369 homi-

879 2409 975 2430 num.
991 2395 1078 2428 Mss.
1096 2394 1161 2427 Fe.
1173 2396 1206 2436 2,
1220 2393 1244 2427 i.
1260 2392 1294 2435 5,
1313 2394 1340 2426 f.
1353 2390 1393 2439 (a
1408 2394 1440 2425 2.
1453 2393 1517 2435 m.)
1532 2394 1565 2433 6,
1583 2393 1617 2426 b.

880 2464 912 2486 c.
933 2456 1089 2484 notatum
1109 2462 1153 2484 ex
1175 2461 1238 2484 ms.
1264 2449 1300 2482 in
1322 2460 1384 2482 ora
1403 2447 1457 2482 ed.
1485 2449 1565 2483 Ald.
1580 2449 1617 2482 iu

879 2507 971 2541 Bibl.
998 2506 1120 2550 Angel.
1144 2507 1214 2539 Gu.
1244 2506 1278 2540 2.
1314 2504 1411 2539 Mon.
1437 2517 1470 2539 e.
1498 2517 1534 2550 g.
1560 2525 1618 2531 --

880 2564 1072 2607 continget.
1092 2562 1144 2595 lk.
1163 2561 1197 2596 5.
1219 2579 1269 2586 ——
1287 2561 1394 2595 abire·
1411 2561 1482 2596 Gu.
1497 2558 1533 2596 4.
1552 2562 1614 2596 fre.

881 2618 1007 2655 Oberl.
1021 2617 1063 2651 C.
1086 2616 1172 2652 Bad.
1194 2618 1227 2650 1.
1245 2635 1294 2641 —-
1316 2617 1517 2652 Corinthon.
1547 2618 1616 2654 Ed.

880 2674 1032 2717 Cuning.
1049 2691 1104 2699 —-
1116 2673 1220 2706 Hunc
1234 2683 1269 2707 v.
1290 2673 1458 2708 Dacerius
1471 2685 1493 2708 a
1506 2674 1623 2719 sciolo>

880 2730 1028 2775 quodam
1046 2729 1181 2762 homine
1201 2729 1373 2773 adjectum
1390 2734 1511 2776 putat,
1528 2743 1616 2766 eon-

879 2791 938 2819 tra
956 2785 1115 2830 disputat
1131 2785 1307 2820 Sanadon.
1329 2804 1385 2812 —-
1403 2787 1447 2821 V.
1467 2787 1527 2823 37.
1548 2788 1617 2823 Se-

103 2842 269 2876 lericvid.
285 2853 371 2887 quos
388 2841 642 2876 iaudantCort.
659 2841 840 2875 etWeber
882 2843 950 2878 det.
997 2841 1067 2876 Ms.
1101 2842 1204 2876 Dess-
1235 2841 1270 2876 3.
1306 2861 1353 2868 -
1397 2843 1456 2887 qui
1483 2845 1614 2879 nauit-

105 2898 149 2931 ad
168 2898 297 2934 Lucan.
317 2898 350 2941 3,
370 2897 451 2932 552.
471 2897 572 2932 Jahn.
594 2897 637 2931 ad
658 2898 734 2931 Sat.
756 2899 788 2939 2,
803 2898 838 2940 3,

884 2897 1017 2931 Bersm.
1039 2898 1120 2932 duo.
1142 2917 1189 2923 —
1212 2898 1255 2931 V.
1270 2898 1328 2933 38.
1360 2899 1432 2935 Sed
1447 2900 1507 2944 qui
1514 2912 1612 2946 perv.
