1910 3138
73 202 156 246 123
193 198 470 241 comm.
491 197 549 239 m
566 197 685 238 HOR.
706 197 805 238 Lm.
826 197 857 238 1.
885 197 1050 238 EPIST.
1068 194 1471 238 nuonnvlcsssm.
1507 193 1591 238 471

74 314 189 352 Dum
212 314 349 351 νιόυηι
378 313 560 351 dominus
588 311 773 362 temporis
799 312 883 362 ipse
915 312 1007 349 mei.
1049 311 1186 351 Senec.
1223 311 1272 350 de
1300 311 1413 350 BreV.
1446 312 1514 352 vit.
1550 311 1591 353 5.

73 380 287 434 Augustus
320 379 397 417 hoe
433 377 543 432 [otio]
581 378 735 417 labores
757 392 848 416 suos
876 380 1032 417 etiamsi
1052 378 1187 431 fabo,
1223 379 1335 417 dulei
1360 386 1493 418 tamen
1518 377 1592 417 ob-

73 447 247 487 lambat
278 446 419 486 comio
431 473 444 497 ,
481 446 702 499 aliquando
729 460 771 484 se
793 448 990 485 vietumm
1017 446 1106 488 sibi.
1151 446 1318 487 Praeivit
1350 447 1481 500 ssurip.
1511 447 1590 487 lon.

75 517 170 559 658.
205 515 252 558 fu
272 511 464 571 δ’ἔμαυτῷ
485 516 578 571 ζῇν*
610 514 678 567 ἴση
696 512 771 569 γὰρ
790 514 820 568 ἦ
840 513 972 567 χάρις,
1001 513 1225 569 Μεγάλαισι
1246 515 1418 569 χαίρειν,
1447 511 1593 571 σμικρά

72 578 245 638 θ’ἥδὲως
266 582 380 636 ἔχειν.
422 583 627 634 Eleganter
650 583 786 624 Seuec.
810 583 970 634 Thyest.
988 585 1070 625 391
1089 597 1175 635 sqq.
1225 583 1331 631 Stet,
1359 586 1595 637 quicumque

72 652 202 699 volet,
235 658 375 704 potem
410 651 550 688 Aulae
586 650 760 688 eulmine
791 649 943 688 lubrico
957 666 968 684 .·
1007 651 1076 689 Me
1108 649 1240 689 dulcis
1275 659 1426 690 saturet
1457 654 1592 705 φάη,-

79 720 255 760 Obscum
275 721 432 771 positia
453 719 562 764 loco,
599 719 706 756 Leni
729 718 920 770 perfruar
945 720 1024 756 otio
1034 734 1052 767 ,·
1088 719 1214 757 nullis
1240 727 1334 757 nota
1373 720 1596 771 Quiritibus

71 788 202 827 Aetas
228 801 303 840 per
330 789 496 825 tacitum
512 788 640 838 fluat.
690 786 749 824 De
780 787 956 826 notione:
1001 786 1119 837 Quod
1142 794 1319 838 superest
1344 790 1459 835 aevi,
1496 790 1594 828 cons.

72 856 222 899 Mitsch.
252 857 301 894 ad
334 855 410 894 Od.
439 853 488 901 4,
517 856 564 904 7,
595 855 659 895 17.
689 858 728 893 et
755 853 890 895 Loers.
919 855 968 892 ad
997 854 1110 892 ovid.
1140 854 1258 894 Trist.
1286 857 1326 907 5,
1353 858 1392 906 1,
1423 857 1491 897 23.
1533 856 1594 896 De

72 923 259 963 sententia
293 922 530 975 Pflugradci
561 921 683 971 (Diss.
711 923 761 960 de
790 922 926 974 philos.
956 922 1091 960 Horat.
1121 923 1240 961 Stoic.
1266 937 1306 974 p.
1332 924 1596 975 XXXXVIII.)

72 991 194 1030 Poeta
223 990 281 1028 his
290 989 332 1042 ¹0¹)
360 991 531 1030 versibus
564 991 802 1043 αὕταρκείαν
837 991 1007 1028 Stoicam
1036 990 1196 1028 feliciter
1223 994 1264 1028 ut
1293 992 1360 1041 12,
1391 992 1416 1032 5
1441 1005 1527 1043 sqq.
1557 996 1595 1030 et

72 1058 164 1097 alias
193 1058 392 1110 expressit.
436 1059 496 1096 Sit
522 1058 630 1110 hujus
659 1059 844 1111 opinionis
873 1059 969 1097 fides
998 1071 1116 1110 penes
1144 1059 1225 1109 ejus
1255 1062 1467 1098 auctorem!

183 1127 230 1168 V.
260 1126 342 1168 109
368 1149 426 1156 -
452 1126 518 1168 10.
583 1126 648 1164 Sit
679 1140 775 1164 sane
803 1125 997 1164 libr-offam
1023 1147 1080 1155 —-
1117 1127 1253 1177 Copia.
1317 1126 1377 1165 De
1406 1127 1594 1165 desiderio

71 1195 251 1235 librorum
278 1195 355 1236 vid.
383 1195 464 1233 Sat.
483 1195 524 1245 2,
549 1195 591 1244 6,
615 1195 683 1236 61.
709 1194 793 1234 con.
818 1196 859 1244 2,
886 1195 928 1243 3,
956 1196 1021 1235 11.
1052 1195 1119 1235 12.
1152 1193 1288 1233 Catuu.
1311 1195 1382 1242 68.
1400 1194 1469 1235 33.
1512 1194 1595 1233 Ne-

72 1268 146 1314 que
171 1263 299 1316 inepte
330 1263 580 1314 Campenonlt
611 1262 751 1312 „Voila
778 1262 814 1301 le
839 1275 936 1301 voeu
955 1260 1046 1300 d'un
1073 1262 1206 1313 poete:
1235 1262 1261 1300 il
1287 1275 1498 1301 commence
1524 1274 1595 1313 par

71 1342 134 1369 ses
161 1330 318 1372 1ivres.“
336 1352 393 1359 —
410 1332 597 1382 provisae
615 1330 754 1382 frugis
778 1331 822 1367 in
839 1342 993 1367 annum
1016 1330 1151 1379 Copia.
1205 1329 1451 1380 Campenon:
1480 1331 1596 1381 „Ho-

71 1409 158 1436 race
191 1410 241 1436 ne
276 1398 476 1437 souhaitait
502 1399 540 1437 ni
575 1398 630 1437 les
659 1399 871 1447 honneurs,
901 1399 940 1436 ni
969 1398 1023 1436 les
1051 1398 1257 1444 richesses3
1296 1399 1389 1435 mais
1418 1398 1444 1436 il
1472 1399 1594 1448 craig—

1 1511 9 1515 ,
71 1466 150 1503 mit
174 1464 211 1503 le
241 1465 387 1504 besoin.
430 1467 648 1516 Pauperies
676 1465 885 1503 immunda
911 1467 970 1515 (2,
994 1467 1035 1515 2,
1063 1466 1162 1518 199)
1189 1465 1245 1503 dit
1275 1489 1328 1494 -
1355 1465 1425 1506 il.“
1474 1466 1595 1504 Recte

72 1533 192 1583 enim,
222 1533 330 1571 unius
358 1535 445 1571 anni
474 1539 694 1584 proventum
722 1534 794 1571 sibi
821 1546 1021 1586 superesse
1047 1533 1149 1584 vult,
1186 1537 1251 1582 ut,
1292 1534 1324 1571 si
1356 1547 1464 1584 spem
1490 1547 1596 1572 men·

71 1602 143 1638 tita
169 1602 219 1639 sit
245 1613 359 1651 seges
387 1602 544 1652 proximi
565 1602 676 1650 anni,
707 1600 861 1651 habeat,
899 1602 998 1640 unde
1028 1602 1142 1639 vitam
1171 1605 1368 1639 sustentet.
1421 1601 1482 1639 Ita
1511 1602 1596 1651 qui-

73 1669 161 1706 dem
187 1680 234 1706 ex
263 1670 531 1718 consuetudine
558 1669 740 1707 formulae
765 1670 808 1706 in
830 1683 1006 1718 annum,
1045 1669 1093 1707 de
1121 1681 1195 1720 qua
1224 1670 1310 1708 vide
1339 1669 1388 1706 ad
1419 1670 1494 1718 11,
1527 1670 1593 1710 23.

73 1736 146 1774 Alii
171 1736 280 1774 aliter
294 1733 382 1790 **),
411 1737 480 1774 sed
506 1742 609 1775 recte
628 1737 744 1775 sentit
767 1736 914 1774 Wber
930 1738 968 1774 in
994 1736 1112 1775 libro:
1149 1737 1222 1786 Qu.
1242 1738 1346 1778 Hor,
1367 1736 1502 1775 Flac-c.
1523 1740 1596 1778 etc.

73 1818 113 1855 p.
143 1804 237 1845 165.
280 1804 457 1842 Similiter
480 1805 662 1856 praecipit
682 1805 866 1860 Epicurus
890 1806 991 1857 apud
1017 1804 1132 1855 Diog.
1158 1804 1288 1843 Laert.
1316 1806 1382 1855 10,
1408 1806 1501 1849 120.
1526 1803 1596 1846 τὸν

76 1869 201 1922 σοφὰν
231 1868 405 1924 κτήσεως
428 1869 726 1924 προνοήσεσθαι
756 1872 825 1912 καὶ
852 1876 924 1914 τοῦ
949 1873 1167 1926 μέλλοντος.
1210 1871 1270 1910 De
1298 1874 1461 1911 dictione
1479 1887 1594 1924 prov.

62 1938 207 1991 frugis
238 1938 466 1977 Schmidius
491 1941 636 1978 confert
661 1939 758 1978 Plin.
782 1940 834 1978 H.
863 1941 915 1982 N.
945 1942 987 1991 8,
1011 1941 1080 1982 38.
1108 1942 1152 1978 in
1174 1941 1319 1979 hiemes
1346 1941 1439 1979 aliis
1459 1943 1595 1992 provi-

186 2091 227 2135 *J
246 2091 358 2125 Recte
380 2091 527 2125 Orelle’us
547 2091 753 2126 sententiam
774 2091 951 2137 scriptura
971 2097 1011 2126 ut
1030 2092 1114 2126 mihi
1134 2092 1316 2126 obscurari
1335 2090 1422 2125 dicit
1440 2090 1517 2125 sive
1537 2103 1595 2125 ex-

75 2147 186 2193 plices
203 2145 329 2190 ,,ΐνα,“
348 2146 425 2182 sive
439 2152 479 2181 ut
491 2148 712 2194 Porphyrio:
739 2149 945 2195 „dummodo
961 2148 1044 2182 mihi
1058 2149 1213 2191 vivam‚“
1232 2148 1308 2182 sive
1323 2159 1397 2181 cum
1414 2148 1595 2192 Stephano

76 2203 174 2247 (coll.
190 2204 303 2249 ejusd.
324 2203 539 2241 Schediasm.
558 2207 592 2248 1,
613 2207 668 2240 11.
688 2205 779 2250 apud
801 2209 947 2240 Gruter.
967 2205 1012 2239 V.
1041 2216 1078 2249 p.
1100 2205 1164 2248 23)
1191 2217 1260 2247 „ea
1279 2203 1497 2247 conditione,
1516 2205 1595 2248 ut,“

77 2266 201 2295 contra
219 2267 253 2296 et
273 2261 356 2295 milas·
371 2261 482 2294 vivam
503 2272 582 2295 esse
599 2261 688 2296 idem
710 2274 751 2295 ac
768 2263 799 2296 si
820 2262 987 2296 dixisset:
1018 2266 1090 2303 „et
1119 2262 1185 2294 hoc
1205 2263 1294 2294 bene
1323 2266 1423 2294 utens
1442 2260 1523 2294 mihi
1543 2260 1596 2294 vi-

74 2317 198 2353 vam.“
238 2317 446 2351 Rectissime
465 2316 555 2351 idem
570 2329 644 2352 cum
660 2318 738 2353 aliis
758 2330 792 2352 ν.
814 2320 923 2352 υἰυαπι
943 2328 1007 2361 pro
1025 2317 1214 2361 optativo,
1234 2328 1301 2350 non
1317 2317 1452 2350 Futuro
1473 2317 1593 2361 habet,

74 2371 179 2408 aliter
201 2372 434 2408 sentientibus
452 2373 593 2408 Handio
611 2375 657 2409 ad
673 2374 826 2409 Tursell.
840 2375 888 2408 II.
912 2385 948 2419 p.
965 2369 1045 2407 485.
1067 2378 1104 2406 et
1122 2372 1262 2407 Loersio
1287 2373 1330 2406 ad
1352 2371 1459 2408 Ovid.
1479 2373 1594 2413 Trist.

75 2426 111 2471 4,
127 2429 162 2471 3,
178 2428 236 2463 83.
270 2429 322 2463 De
342 2429 508 2464 Genitivo
530 2430 606 2464 aevi
621 2431 734 2466 rarius
750 2442 825 2464 cum
839 2427 1050 2464 Pronomiue
1066 2430 1158 2472 quod
1169 2429 1294 2473 Juncto
1309 2429 1398 2463 dixit
1412 2428 1594 2476 Zumptim

75 2485 122 2519 ad
142 2483 219 2517 Cic.
239 2485 282 2518 de
298 2485 406 2519 Offic.
424 2489 456 2529 1,
471 2488 504 2530 6,
520 2485 554 2520 5.

171 2539 231 2584 **)
250 2539 429 2575 Βὶἱπῑεσνο
443 2544 495 2586 (p.
512 2539 612 2586 514.)
639 2542 743 2576 facile
764 2540 987 2583 assentirem,
1008 2540 1074 2574 nisi
1094 2539 1323 2586 disjungenda
1345 2541 1593 2587 conjungeret:

77 2596 274 2641 „Desshaib
289 2596 447 2631 wiinscht
466 2608 505 2630 er
523 2598 595 2632 also
610 2599 763 2632 Vorrath
783 2597 837 2630 ἧι·
857 2597 912 2631 eiu
930 2597 1034 2639 Jahr,
1056 2607 1108 2630 um
1128 2596 1223 2631 nicht
1241 2609 1362 2643 wegen
1377 2598 1492 2633 seines
1506 2600 1593 2634 Aus-

77 2653 254 2688 kommens
273 2653 419 2696 besorgt
438 2652 512 2686 sein
527 2663 571 2686 zu
583 2654 740 2694 miissen3
761 2654 860 2697 (aab.
879 2654 975 2697 hor.)
995 2663 1034 2686 er
1054 2652 1125 2687 will
1141 2664 1206 2687 nur
1224 2653 1282 2688 fur
1296 2655 1351 2688 ein
1365 2655 1452 2689 Jahr
1466 2655 1591 2701 haben,

0 2710 5 2719 ⁸
79 2711 125 2743 da
139 2709 202 2743 das
215 2707 379 2752 folgende
393 2708 460 2742 ihm
475 2708 610 2743 wieder
620 2720 708 2744 uene
723 2709 858 2743 Frueht
871 2708 1019 2754 bringen
1035 2709 1112 2744 soll.
1139 2710 1218 2744 Sat.
1236 2711 1267 2754 1,
1289 2712 1320 2756 1,
1334 2708 1381 2745 45
1392 2723 1470 2758 sqq.
1487 2713 1589 2748 Pers.

79 2767 114 2809 6,
135 2766 219 2801 26.“
257 2765 377 2811 Negat
396 2764 486 2798 idem
506 2765 634 2799 Orellio
662 2766 853 2800 adversans
875 2769 1024 2811 quatuor
1052 2765 1112 2799 ina
1132 2771 1274 2812 optata,
1295 2778 1395 2814 quum
1417 2769 1504 2803 haec
1521 2781 1592 2805 om-

81 2821 138 2855 nia
162 2832 230 2856 uno
258 2827 340 2857 voto
362 2822 619 2857 contineantur.
661 2822 719 2856 Sit
735 2832 840 2863 sane3
868 2826 906 2856 at
928 2821 1041 2856 Poeta
1059 2821 1147 2874 ipsis
1165 2824 1286 2859 verbis
1305 2829 1453 2871 quatuor
1470 2832 1590 2872 partes

80 2877 273 2923 distinguit.
