1910 3138
282 204 366 248 236

857 206 1247 249 HORATII

1754 212 1808 253 76

350 335 529 384 Scilicet
563 338 610 379 ut
642 336 817 378 ventres
850 333 997 378 lamna
1031 335 1239 381 candente
1273 340 1476 397 nepotum

346 415 522 460 Diceret
560 412 748 458 urendos
783 415 1002 458 correctus
1040 413 1229 460 Bestius.

279 609 337 643 ap.
366 596 432 631 Fe.
464 596 629 631 Britann.
659 594 740 632 520.
773 596 898 630 Lamb.
933 594 1021 641 X’yl.

279 654 389 699 Cruq.
410 652 500 687 Min.
521 653 631 688 Talb.
650 652 758 700 Baxt.
779 652 896 687 Bentl.
911 658 950 687 et
963 665 1023 687 re—

277 710 441 752 centior„
449 710 604 755 probant
614 714 758 755 praeter
766 709 813 744 H.
826 710 952 756 Steph.
963 710 987 744 Ι.
999 710 1023 744 1.

277 767 466 802 Turnebus
488 772 526 801 et
545 767 740 803 Marcilius.
764 766 903 813 agnini.
932 767 1021 802 Mss.

275 824 381 870 reliq.
402 827 440 858 et
460 824 542 859 edd.
560 829 643 859 ante
657 824 765 859 Talb.
779 823 917 869 plurim.
941 825 1022 858 Am-

275 881 404 926 bigunt
430 886 547 916 autem
574 882 619 916 de
649 880 899 923 distinctione3
933 882 1021 924 Fea,

275 938 420 973 Botlu‘us
433 949 566 973 comma
579 944 663 984 post
677 938 788 973 omasi
800 937 921 972 delent
930 964 940 981 ‚
958 938 1022 972 sed

274 995 419 1030 diversa
437 996 632 1039 sententia,
656 995 804 1029 Orellius
821 1006 898 1030 cum
913 996 1023 1030 Bent-

273 1052 345 1097 lejo
365 1057 450 1097 post
470 1053 581 1086 omasi
606 1052 796 1096 distinguit
815 1057 853 1086 et
877 1052 953 1086 vilis
974 1052 1020 1086 ad

275 1108 402 1156 agnin.
419 1109 528 1143 solum
543 1110 677 1152 refert,
699 1114 825 1142 contra
839 1110 916 1143 Fea
932 1107 1020 1154 Epi-

272 1166 401 1200 theton
429 1177 507 1200 cum
533 1166 644 1200 omasi
671 1165 875 1210 conjungit,
909 1166 1020 1199 Italo-

273 1234 348 1258 rum
371 1223 561 1268 „trippa“
581 1222 806 1267 intelligens3
826 1222 960 1256 rectius
979 1221 1018 1265 ii,

273 1279 335 1326 qui
353 1283 393 1313 ut
411 1279 582 1323 Bothius,
602 1279 705 1314 Jahn.
718 1306 728 1323 ‚
749 1279 884 1313 Zellius
896 1305 906 1322 ‚
927 1279 1018 1313 Mei-

272 1336 418 1380 nekius‚
441 1328 718 1382 Dillenbuiger‚
746 1336 791 1371 al.
811 1348 945 1377 omnem
965 1336 1019 1370 di-

270 1393 499 1428 stinctionem
513 1393 655 1428 tollunt.
676 1393 837 1434 Quicum
848 1394 926 1427 Fea
936 1398 1019 1439 post

271 1456 384 1485 essent
402 1455 569 1496 punctum
588 1455 744 1497 ponunt,
765 1461 827 1485 eos
842 1451 925 1495 jure
942 1449 1020 1484 vel-

271 1506 358 1541 licat
376 1507 525 1542 Bothius
543 1508 579 1542 in
597 1511 717 1542 annot.
739 1506 783 1542 ad
802 1508 868 1542 Fe.

326 1564 372 1598 V.
400 1564 459 1600 36.
491 1570 527 1600 et
544 1570 694 1600 ventres.
724 1565 795 1600 Ms-
822 1565 890 1599 Fe.
909 1565 953 1608 7,
981 1564 1017 1598 b.

270 1621 370 1655 Mon.
396 1621 420 1655 l.
439 1641 504 1648 ·—
539 1622 675 1656 lamna.
720 1622 777 1656 Ita
804 1625 904 1656 certe
932 1632 1015 1656 mss.

269 1677 383 1712 Pulm.
407 1679 440 1712 1.
463 1680 495 1713 2.
525 1680 582 1713 10.
617 1678 720 1713 Dess.
742 1681 774 1713 1.
795 1678 830 1713 3.
864 1683 902 1712 et
930 1678 1016 1724 aliq.

269 1733 369 1768 Mon.
391 1734 537 1770 lamina.
557 1735 661 1772 Dess.
685 1737 718 1770 1.
740 1736 838 1770 Mon.
857 1747 889 1769 c.
912 1737 1015 1770 Gott.

270 1791 303 1826 2.
331 1791 464 1824 lamma
482 1791 595 1825 Pulm.
615 1792 651 1827 3.
670 1788 706 1825 4.
727 1793 761 1827 7.
789 1793 903 1826 Dorv.
925 1794 958 1828 2.
979 1795 1017 1826 et

270 1846 352 1880 edd.
369 1847 481 1880 Pulm.
501 1847 591 1881 Min.
609 1849 706 1881 lama
721 1850 823 1882 Gott.
840 1850 873 1883 1.
895 1849 1017 1883 Guelf.

270 1904 304 1939 2.
324 1902 446 1937 Berol.
468 1904 502 1938 2.
523 1903 622 1937 Mon.
643 1904 669 1937 f.
690 1904 712 1936 l.
732 1916 778 1939 m.
799 1905 909 1939 Torr.
929 1906 1015 1951 aliq.

269 1965 309 1994 et
337 1959 420 1994 edd.
451 1964 541 1993 vett.
569 1971 627 2004 ap.
657 1960 780 1995 Maitt.
812 1961 905 1996 Ven.
933 1960 1014 1997 477.

269 2017 329 2052 79.
351 2017 410 2052 81.
430 2016 488 2051 83.
509 2017 566 2051 86.
587 2017 645 2051 92.
676 2016 775 2051 Flor.
796 2013 879 2052 482.
914 2018 1015 2063 Lips.

269 2070 354 2110 492.
366 2073 476 2108 Loch.
485 2071 568 2108 498.
580 2072 722 2107 Thann.
733 2072 895 2108 Britann.
907 2074 1015 2119 Cruq.

271 2130 319 2165 al.
340 2130 475 2164 Contra
493 2131 616 2164 lamna
634 2133 719 2174 post
733 2130 814 2164 Ald.
831 2129 912 2165 501.
932 2131 1014 2165 edd.

269 2187 434 2234 plurim.;
477 2186 522 2220 de
557 2187 671 2221 forma
707 2187 824 2230 lama,
870 2187 1014 2230 lamma,

269 2245 392 2278 lamna
411 2243 458 2278 cf.
476 2245 597 2278 Bnrm.
617 2243 663 2277 ad
681 2243 760 2277 Val.
791 2243 848 2277 Fl.
869 2245 887 2278 1
901 2269 910 2286 ‚
934 2243 1013 2279 123.

269 2301 378 2335 Drak.
398 2301 444 2335 ad
462 2301 544 2335 Liv.
561 2300 618 2344 23,
639 2301 696 2344 19,
717 2301 775 2335 18.
798 2300 1015 2335 Chamillard

270 2357 315 2392 ad
346 2358 521 2392 Prudent.
550 2361 663 2392 contr.
698 2357 828 2402 Symm.
860 2359 877 2392 1
890 2383 900 2401 ‚
930 2354 1012 2393 438.

270 2415 377 2449 Voss.
393 2414 506 2450 Arist.
523 2415 552 2448 Ι.
567 2426 604 2460 p.
618 2415 698 2450 116.
711 2415 791 2449 Jan.
809 2419 845 2449 et
859 2414 1012 2449 Dillenb.

270 2471 316 2505 ad
336 2470 406 2505 Od.
427 2473 460 2514 2,
482 2473 515 2515 2,
537 2473 571 2507 2.

325 2527 370 2562 V.
386 2528 444 2563 37.
461 2527 626 2563 Duceret.
648 2528 718 2562 Ed.
735 2527 850 2562 Chab.
867 2526 1016 2570 (indicta

270 2588 389 2627 causa)
400 2604 442 2610 —
455 2590 628 2619 correctus
637 2585 783 2620 Bestius.
793 2585 883 2619 Mss.
892 2584 1014 2618 Lamb.

270 2640 354 2684 aliq.
367 2641 478 2686 Cruq.
499 2653 591 2675 omn.
611 2648 763 2687 excepto
773 2653 831 2675 un.
849 2640 961 2675 Pulm.
976 2637 1013 2675 4.

272 2697 306 2729 7.
328 2698 384 2730 10.
406 2699 462 2733 11.
495 2699 604 2732 Torr.
625 2698 710 2744 aliq.
730 2698 865 2732 Bersm.
892 2697 1012 2743 quinq.

273 2751 379 2786 Talb.
399 2754 566 2799 complut.
583 2755 700 2790 Bentl.
720 2755 813 2799 plur.
828 2759 865 2788 et
879 2754 1012 2788 melior.

271 2806 393 2840 Barth.
413 2821 471 2848 un.
493 2811 599 2853 (Adv.
615 2811 679 2855 37,
700 2812 773 2855 22.)
794 2822 869 2846 cum
888 2812 936 2856 gl.
958 2813 1014 2846 be-

272 2862 397 2905 stialis,
425 2866 563 2900 Valarti
583 2879 675 2901 omn.
695 2873 844 2912 praeter
863 2873 1011 2914 septem.

271 2918 395 2953 Comb.
415 2920 459 2957 D.
482 2922 525 2955 F.
546 2923 594 2957 G.
618 2923 708 2958 Bad.
729 2926 762 2959 1.
791 2925 858 2960 Fe.
881 2930 920 2959 ut
938 2924 1012 2960 vid.

1293 416 1413 461 Idem

1067 597 1159 642 plur.
1198 598 1253 633 Ik.
1291 600 1324 633 1.
1339 596 1374 633 5.
1417 599 1518 632 Pott.
1552 596 1712 642 exceptis
1732 607 1807 631 sex.

1069 653 1184 688 Orell.
1203 654 1327 689 bSEd.
1347 654 1464 690 Berol.
1487 655 1522 689 1.
1554 654 1700 688 Corbei.
1733 654 1810 698 (Ιιο-
1834 653 1837 657 ’

1066 708 1164 755 sties)
1183 711 1287 746 Dese.
1304 713 1339 745 1.
1358 713 1392 746 2.
1410 712 1447 746 3.
1468 710 1582 749 Dorv.
1599 709 1632 746 1.
1655 711 1759 744 Gott.
1777 711 1808 744 1.

1069 768 1190 804 Guelf.
1205 769 1240 804 2.
1259 765 1295 802 4.
1314 767 1416 813 Lips.
1433 770 1465 803 1.
1486 769 1521 803 2.
1540 767 1576 802 3.
1595 767 1696 801 Μοιι.
1716 779 1749 802 a.
1771 766 1810 800 d.

1066 825 1092 860 f.
1113 836 1147 869 g.
1178 824 1273 860 Edd.
1291 825 1404 871 Cruq.
1435 823 1542 860 Tan».
1572 823 1706 858 Sundb.
1733 834 1810 857 eor·

1065 887 1192 917 rectus.
1211 882 1347 916 Bestius
1357 882 1406 916 id.
1427 881 1525 931 md.
1537 879 1696 916 Britann.
1710 878 1810 926 (520)

1066 938 1180 973 chub.
1195 938 1357 974 Hoched.
1370 943 1551 984 correptus
1561 937 1706 973 Bestiam.
1719 936 1808 972 Mes.

1065 996 1190 1031 Lamb.
1211 996 1258 1030 al.
1279 995 1391 1041 Cruq.
1407 997 1440 1040 1,
1459 1006 1521 1030 un.
1539 993 1651 1029 Palm.
1667 995 1700 1029 1.
1719 994 1754 1030 2.
1772 992 1807 1028 3.

1065 1058 1142 1087 tres
1157 1065 1216 1099 ap.
1232 1053 1315 1087 Gul.
1330 1053 1436 1087 Cant.
1453 1052 1551 1087 Nov.
1567 1050 1685 1085 Lectt.
1699 1046 1736 1095 4,
1751 1051 1807 1084 12.

1065 1110 1177 1144 Fabr.
1207 1120 1266 1145 un.
1298 1110 1431 1144 Bel-sm.
1457 1119 1517 1143 un.
1545 1107 1630 1154 aliq.
1649 1119 1707 1153 ap.
1730 1105 1811 1141 Bri-

1063 1171 1160 1200 tann.
1179 1172 1218 1200 et
1237 1167 1347 1201 Talb.
1368 1171 1405 1200 et
1422 1165 1539 1200 Bentl.
1558 1165 1639 1200 val.
1661 1167 1810 1211 septem.

1064 1224 1130 1258 Fe.
1154 1224 1195 1266 1,
1215 1234 1246 1257 e.
1265 1224 1301 1257 k.
1323 1235 1358 1257 n.
1378 1235 1414 1268 q.
1438 1224 1529 1266 2,,ο.
1550 1233 1587 1266 g.
1605 1222 1641 1265 3,
1661 1222 1699 1258 d.
1719 1219 1755 1264 5,
1774 1232 1808 1255 e.

1063 1281 1097 1322 6,
1116 1281 1153 1314 b.
1163 1280 1262 1314 Pott.
1274 1282 1308 1315 2.
1321 1279 1354 1314 3.
1367 1281 1422 1315 12.
1436 1277 1492 1315 15.
1503 1279 1560 1314 16.
1581 1280 1640 1314 21.
1659 1278 1714 1312 Ik.
1725 1277 1809 1311 duo.

1063 1337 1184 1371 Berol.
1217 1338 1250 1372 2.
1282 1337 1395 1371 Dorv.
1426 1337 1460 1370 2.
1496 1335 1659 1370 Rudolst.
1694 1334 1807 1368 Goth.

1064 1394 1280 1438 (correptor)
1297 1394 1402 1427 Gott.
1418 1394 1452 1428 2.
1469 1392 1587 1427 Guelf.
1604 1394 1638 1427 1.
1654 1389 1689 1427 3.
1708 1390 1809 1425 Mon.

1063 1450 1102 1486 b.
1121 1462 1153 1484 c.
1174 1462 1207 1485 e.
1230 1450 1256 1485 l.
1276 1460 1321 1484 m.
1345 1451 1407 1494 (ex
1425 1454 1632 1484 correctura
1643 1448 1681 1482 iu
1695 1457 1806 1492 unarg-

1064 1506 1182 1541 deleto
1194 1506 1369 1541 vocabulo
1379 1505 1417 1540 in
1431 1506 1627 1550 contextu).
1642 1504 1715 1540 Ed.
1724 1504 1809 1539 Aee.

1062 1562 1144 1599 519.
1181 1569 1373 1610 correptus.
1402 1563 1539 1598 Bestius
1562 1563 1612 1599 id.
1645 1561 1717 1604 Ed.
1751 1572 1807 1606 pr.

1062 1632 1122 1666 ap.
1147 1620 1212 1656 Fe.
1234 1626 1272 1655 et
1293 1621 1383 1655 ven.
1401 1616 1486 1655 477.
1504 1620 1551 1655 78
1573 1620 1684 1664 (teste
1710 1617 1807 1662 Fe).

1062 1678 1118 1713 79.
1140 1678 1199 1713 81.
1219 1677 1278 1713 83.
1299 1678 1357 1713 86.
1377 1678 1436 1712 92.
1465 1676 1565 1711 Flor.
1585 1673 1669 1712 482.
1694 1674 1808 1710 Loch-

1062 1733 1144 1769 498.
1178 1733 1277 1780 Lips.
1297 1730 1380 1770 492.
1398 1734 1457 1768 98.
1476 1732 1558 1770 502.
1586 1733 1728 1767 Thann.
1750 1731 1808 1766 ed.

1061 1787 1146 1826 474.
1164 1803 1221 1837 ap.
1238 1791 1355 1825 Μαῖα.
1375 1786 1473 1834 (476.
1489 1790 1602 1836 igitur
1621 1794 1808 1832 cerream,

1064 1848 1159 1894 quod
1191 1840 1271 1894 ibse
1299 1847 1336 1882 in
1355 1851 1460 1881 textu
1482 1847 1613 1891 habet,
1646 1845 1709 1880 sed
1736 1855 1807 1891 quo

1063 1905 1188 1939 ordine
1207 1916 1262 1939 me
1279 1904 1406 1950 fugit).
1430 1905 1498 1939 Fe.
1518 1903 1599 1950 (qui
1617 1901 1723 1947 det).
1743 1901 1806 1946 ⁸1.,

1063 1973 1123 2007 qu.
1158 1962 1252 1996 idem
1283 1961 1415 1995 laudat.
1444 1962 1611 1998 urendos.
1647 1960 1806 2004 (Σαπφί-

1060 2018 1155 2052 Best.
1180 2019 1229 2052 id.
1254 2018 1394 2052 Marcil.
1418 2018 1454 2052 in
1476 2016 1686 2059 Quotidinn.
1700 2024 1807 2050 uren-

1062 2075 1123 2107 dos
1144 2080 1331 2119 correptos.
1361 2075 1496 2109 Bestius
1511 2074 1562 2108 id.
1596 2073 1668 2108 Ed.
1695 2071 1806 2106 Prae-

1061 2129 1130 2164 dic.
1160 2135 1335 2164 corrector
1353 2131 1499 2165 Bestius.
1529 2130 1582 2164 ld.
1608 2130 1678 2164 Ms.
1701 2128 1805 2163 Lam-

1059 2184 1135 2220 bini
1165 2186 1398 2230 antiquissim.
1427 2184 1538 2234 (quod
1566 2185 1598 2220 is
1621 2187 1694 2230 jam
1719 2189 1803 2218 ante

1060 2243 1204 2277 secund.
1219 2243 1411 2277 editionem
1430 2241 1680 2277 emendandum
1698 2244 1804 2287 puta-

1059 2300 1177 2342 verat)
1196 2300 1307 2333 Gesn.
1324 2299 1358 2334 3.
1379 2303 1434 2343 et,
1456 2298 1487 2333 si
1501 2310 1545 2332 ex
1559 2298 1703 2333 silentio
1719 2309 1804 2332 con-

1055 2356 1120 2401 jici
1132 2355 1226 2399 licet,
1244 2356 1369 2390 Oberl.
1380 2356 1423 2390 C.
1433 2356 1478 2390 D.
1489 2356 1611 2391 Comb.
1620 2355 1664 2390 Β.
1674 2355 1732 2399 C.‚
1743 2366 1808 2402 re-

1059 2412 1179 2447 stituit
1196 2418 1234 2446 et
1261 2412 1440 2458 sagaciter
1470 2406 1639 2448 defendit
1658 2412 1804 2447 Bentle-

1055 2471 1126 2516 jus,
1141 2480 1242 2514 quem
1255 2475 1449 2516 sequuntur
1460 2469 1538 2504 fere
1552 2481 1684 2514 omnes,
1695 2469 1803 2504 etiam

1058 2531 1204 2573 praeter
1225 2538 1306 2572 eos,
1336 2538 1424 2572 quos
1452 2526 1574 2562 laudat
1601 2528 1690 2570 Fen,
1718 2526 1800 2561 Jon.

1058 2585 1157 2618 Batt.
1178 2584 1308 2618 Franc.
1334 2585 1443 2618 Bask.
1465 2584 1589 2629 Sivry.
1614 2583 1706 2618 Bad.
1725 2582 1801 2618 Hu-

1058 2641 1150 2676 berf.
1163 2641 1273 2675 Daru.
1286 2641 1399 2676 Hunt.
1415 2642 1523 2676 Both.
1539 2642 1663 2686 Camp.
1674 2638 1798 2674 Jaeck.

1057 2699 1158 2732 Pott.
1178 2698 1290 2732 Doer.
1310 2698 1415 2733 Jahn.
1439 2698 1531 2732 zell.
1550 2697 1668 2732 Schm.
1687 2695 1796 2729 Web.

1057 2756 1160 2790 Pass.
1175 2754 1332 2789 Meinek.
1350 2756 1505 2789 Braunh.
1526 2753 1657 2798 Charp.
1677 2751 1795 2786 Amat.

1059 2811 1173 2847 Orell.
1204 2811 1362 2847 Dillenb.
1396 2816 1580 2846 correcwe.
1631 2807 1797 2846 Μασπίψ

1058 2866 1195 2912 (Men.)
1224 2868 1273 2903 id.
1302 2869 1390 2903 Mss.
1408 2867 1494 2913 aliq.
1516 2869 1557 2899 ut
1573 2864 1647 2898 vid.
1671 2863 1792 2898 Lamb.

1057 2925 1151 2960 Edd.
1183 2925 1263 2960 Ald.
1290 2924 1371 2961 501.
1403 2923 1460 2959 19.
1492 2922 1590 2957 Junt.
1618 2916 1699 2955 514.
1735 2920 1792 2955 19.
