1910 3138
80 186 163 229 1⁷9
209 184 482 228 comm.
502 185 559 226 lN
578 185 699 225 HOR.
718 184 818 224 Llss.
841 184 873 226 1.
901 183 1066 224 EPIST.
1091 182 1457 223 UNDEVICESIM.
1505 181 1588 224 527

78 299 246 338 tenthm.
264 298 298 339 i,
318 311 354 338 c.
387 299 602 351 praesentia
637 297 808 350 publicae
841 309 979 336 arenae
1012 298 1202 336 intellecta
1235 298 1472 349 interpretati
1499 303 1589 336 sunt

78 366 302 412 Damas,
331 366 600 412 Sanadonuc,
644 366 894 416 campenart,
933 379 1088 416 quornm
1117 365 1193 404 hic:
1231 366 1310 415 „Je
1337 363 1488 404 m'ecrie
1514 377 1588 416 que

78 448 124 475 ce
150 435 281 486 &unp
309 435 358 474 de
383 433 534 472 bataille
560 445 610 471 ne
635 444 695 470 me
723 433 897 470 convient
923 446 991 483 pas
1005 432 1087 479 *).“
1121 454 1179 464 —
1208 439 1247 470 et
1278 431 1435 470 diludia
1452 445 1587 482 posco.

78 503 287 555 „Geram
312 502 383 540 mir
408 501 507 539 doch
534 500 631 539 noch
657 501 741 538 eine
768 499 923 538 Frist!“
967 501 1031 539 Sic
1056 505 1158 540 recte
1185 500 1392 548 Dis'ntser3
1419 500 1590 540 similiter

85 570 317 610 Gutmann:
355 570 460 620 „und
487 569 562 607 fleh
587 567 815 618 demiitliigst
838 580 897 605 um
916 567 1019 606 Frist
1037 568 1151 610 nur.“
1195 569 1239 607 Ο.
1266 569 1455 607 Panno„-
1483 568 1590 618 „und

79 637 231 676 sordere
268 637 487 688 Rusttag;“
533 635 689 674 Merkel
720 640 759 673 et
799 635 923 673 Voss:
970 636 1252 685 ,‚Aufschub.“
1314 636 1441 674 Schol.
1478 636 1589 686 Crnq.

81 706 272 757 „spufinm
299 705 520 744 emendandi
557 705 717 742 carmina
749 707 789 741 et
821 703 1131 742 intermissionem*
1164 717 1208 742 ac
1236 705 1453 743 dilationem
1478 703 1590 741 ludo-

78 787 159 812 rum
187 786 364 824 exposco.
419 771 572 810 Diludia
598 776 724 809 autem
757 771 931 809 dicuntur
961 777 1151 822 tempora,
1187 785 1284 824 quae
1319 770 1588 822 gladiatoribus

79 842 335 880 conceduntur
357 841 455 878 inter
482 840 564 878 dies
590 850 783 878 munerum
795 837 877 887 **),
906 839 1040 889 quibus
1066 841 1296 891 pugnatmf‘
1342 840 1408 877 Sic
1430 842 1469 876 et
1493 837 1588 877 Por-

79 909 235 961 phyrion
262 908 398 959 aliique
423 906 611 956 (Turneb.
637 906 734 948 Adv.
755 907 823 954 22,
849 906 907 957 5.)
935 908 1274 955 „intermissionem
1291 908 1351 946 vel
1370 907 1590 944 dilationem

79 976 279 1015 ludomm“
307 975 531 1026 intelligunt.
586 975 708 1020 Quum
738 975 871 1025 jocose
904 975 1024 1013 Poeta
1058 975 1217 1014 molesto
1246 976 1427 1014 recitandi
1462 974 1588 1012 officio

81 1057 126 1083 se
162 1044 381 1083 subtrahere
415 1044 555 1093 fingat,
595 1055 670 1080 non
699 1042 880 1094 probatur
910 1055 1033 1094 neque
1065 1042 1219 1081 Bondii
1253 1043 1472 1095 explicatio,
1514 1053 1589 1092 qua

78 1116 283 1162 praeeimte
303 1110 512 1150 Scholiasta
537 1109 653 1160 Cruq.
679 1110 869 1162 „spatium
894 1112 1115 1149 emendandi
1143 1113 1306 1150 carmina
1331 1109 1588 1162 exposcitur,“

78 1191 201 1230 neque
233 1179 368 1230 Lipsii
389 1179 558 1229 (Satura.
589 1179 627 1226 1,
657 1176 741 1228 19.)
778 1179 986 1228 sententia,
1006 1190 1095 1230 ·qua
1121 1178 1279 1216 diludia
1307 1191 1392 1217 esse
1419 1178 1587 1228 suspica-

78 1249 161 1296 tur,
190 1259 304 1297 quum
330 1247 441 1284 medii
463 1245 540 1284 ludi
567 1245 613 1294 (i.
642 1257 674 1284 e.
704 1246 856 1296 scenici)
894 1245 968 1284 alio
997 1259 1134 1297 genere
1162 1247 1363 1299 spectaculi
1389 1246 1587 1284 interrum-

78 1317 216 1364 pannu-
250 1317 291 1353 et
321 1313 428 1365 quasi
462 1308 725 1363 diffindantur,
764 1315 869 1364 cujus
904 1315 959 1352 rei
996 1319 1112 1353 testes
1150 1320 1301 1367 praeter
1335 1314 1429 1353 alios
1469 1315 1509 1362 2,
1546 1315 1585 1360 1,

83 1380 162 1422 185
188 1403 245 1411 -—
270 1383 338 1422 86.
373 1382 474 1419 citat.
533 1380 759 1418 Torrentius
792 1381 944 1420 verbum
981 1382 1069 1420 illud
1102 1384 1149 1421 ad
1191 1397 1318 1422 omnes
1353 1383 1462 1420 ludos
1496 1393 1586 1432 spe-

78 1450 202 1486 ctasse
229 1447 447 1497 arbitratur,
475 1448 629 1486 maxime
653 1452 777 1486 tamen
803 1449 1017 1500 gymnicos,
1048 1455 1090 1488 ut
1126 1455 1311 1490 certantes
1345 1450 1584 1501 respirarent.

76 1514 156 1552 Sed
184 1518 224 1553 et
250 1515 288 1552 in
314 1515 472 1553 scenicis
502 1515 689 1553 vitandam
714 1515 833 1554 fuisse
863 1516 1071 1556 satietatem
1104 1524 1375 1570 spectatorum,
1415 1517 1515 1554 unde
1543 1519 1582 1553 et

78 1581 218 1620 mdia
244 1586 329 1620 orta
353 1586 480 1622 essetit
505 1583 737 1635 interpositis
761 1583 966 1636 Atellanis,
1009 1591 1050 1625 ut
1072 1586 1172 1638 apud
1202 1586 1370 1624 Graecos
1400 1585 1485 1623 olim
1511 1584 1582 1621 Sa-

77 1650 182 1700 tyris,
225 1641 301 1695 Qui
333 1663 416 1688 cum
449 1649 646 1688 Sulmo-rio
675 1650 838 1689 deludia
865 1651 1052 1703 scribunt,
1086 1659 1128 1692 ut
1165 1655 1327 1693 cessatio
1355 1666 1379 1691 a
1403 1653 1492 1691 ludo
1525 1652 1584 1690 vel

78 1716 157 1755 ludi
188 1713 400 1765 κατάλυσις
433 1718 683 1768 significetur,
718 1732 796 1758 non
822 1719 1011 1759 debebant
1041 1721 1190 1772 linguae
1225 1723 1308 1773 lege
1334 1721 1463 1759 moniti
1500 1731 1581 1758 cum

83 1784 298 1822 Sanadono
323 1790 363 1824 et
389 1785 672 1838 Dontgloellone
695 1791 841 1839 tempus
869 1789 1004 1838 quietis
1029 1789 1257 1840 intelligere,
1293 1789 1396 1839 quod
1427 1800 1581 1826 conces·

80 1864 160 1890 sum
187 1853 304 1890 fuisse
327 1853 386 1892 hic
412 1854 504 1892 dicit
521 1854 808 1904 gladiatoribus,
835 1860 1033 1906 antequam
1052 1858 1089 1895 in
1116 1870 1304 1908 eampum,
1333 1869 1485 1895 arenam
1514 1856 1582 1894 de-

80 1920 315 1958 scendissent
339 1921 476 1971 lusuri,
504 1922 556 1960 ita
583 1927 623 1960 ut
644 1922 705 1961 ille
732 1927 912 1962 verteret:
945 1924 1020 1973 „Je
1046 1938 1106 1963 me
1130 1928 1304 1963 contente
1331 1925 1378 1962 de
1401 1924 1479 1962 leur
1504 1923 1583 1960 dire

78 2000 152 2037 que
174 1988 214 2038 je
234 1988 390 2027 &emble
410 1989 431 2028 ὲ
455 1989 491 2027 la
518 2002 587 2029 vue
614 1991 665 2028 du
691 1989 824 2043 cbamp
860 1992 909 2030 de
944 1991 1113 2040 bataille,
1153 1997 1193 2030 et
1228 2005 1302 2043 que
1325 1993 1365 2042 je
1397 1990 1580 2029 demande

78 2054 129 2093 du
156 2059 252 2093 tems
281 2059 392 2094 avant
418 2069 491 2107 que
518 2058 567 2095 de
593 2056 669 2108 m’y
697 2060 901 2111 exposer.“

188 2123 234 2164 V.
253 2122 318 2165 48.
340 2122 407 2164 49.
435 2123 579 2162 Ludus
596 2126 700 2163 enim
717 2126 951 2178 —funebre
975 2124 1134 2163 bellum.
1169 2125 1445 2163 Sententiarum
1464 2125 1574 2162 ordo:

79 2189 151 2238 „si
177 2204 260 2228 cum
285 2190 419 2229 talibus
446 2191 652 2231 hominibus
671 2195 928 2232 commercium
957 2192 1092 2231 habere
1119 2206 1178 2230 me
1198 2192 1297 2230 nolle
1324 2192 1420 2241 dixi,
1452 2196 1575 2230 metuo

79 2258 268 2308 equidem,
301 2272 349 2297 ne
375 2272 434 2297 me
461 2272 542 2296 cum
569 2260 612 2298 iis
639 2262 941 2312 congredientem
967 2260 1063 2297 risus
1092 2263 1130 2297 et
1153 2260 1262 2309 jocus
1292 2258 1330 2295 in
1356 2258 1452 2296 mala
1478 2259 1577 2297 seria

186 2401 226 2452 *)
245 2408 326 2442 Νοιι
345 2408 624 2454 improbabiliter
640 2410 837 2444 Hocheder:
863 2408 925 2450 „in
948 2406 1237 2452 gladiatorischer
1255 2406 1431 2452 Sprache,
1457 2419 1499 2442 an
1520 2408 1577 2443 die

78 2475 153 2498 man
172 2463 279 2498 durch
307 2464 368 2499 das
389 2467 550 2501 luctantis
568 2466 638 2500 und
660 2466 790 2500 diludia
808 2464 964 2497 erinnert
990 2462 1097 2504 wird,
1130 2463 1260 2497 konnte
1285 2474 1361 2497 man
1390 2475 1428 2497 es
1447 2464 1498 2498 als
1518 2466 1575 2500 ein

76 2520 151 2554 1000
169 2521 288 2555 cedere
303 2521 433 2557 sussen.
454 2541 501 2547 —
523 2523 633 2556 clamo
652 2522 779 2556 driickt
800 2519 932 2553 sowobl
951 2519 1008 2553 die
1036 2518 1169 2553 Grosse
1188 2520 1251 2553 der
1268 2519 1467 2555 Sebnsuclit
1487 2521 1574 2556 nach

77 2574 248 2620 Frieden,
267 2576 317 2611 als
332 2577 395 2612 der
407 2577 657 2623 Verlegeubeit
676 2577 777 2611 nus.“

166 2640 227 2686 **)
247 2643 435 2690 Discrepat
449 2645 623 2691 paululum
640 2648 752 2679 Acro:
780 2640 939 2684 „diludia
959 2639 1120 2675 dicuntur
1138 2646 1312 2686 tempora,
1337 2653 1424 2688 quae
1442 2645 1574 2689 gladia-

78 2697 213 2733 toribus
232 2701 484 2745 conceduntur,
505 2707 544 2735 ut
558 2701 651 2734 intra
666 2694 739 2734 ‘dies
756 2697 903 2740 quinque
920 2698 1115 2741 pugnent.“
1148 2697 1222 2732 sed
1240 2708 1340 2743 quum
1361 2700 1430 2735 θη.
1447 2702 1572 2737 Caute.

76 2766 138 2789 rus
156 2752 267 2802 (NoV.
285 2756 383 2791 lectt.
401 2758 435 2800 6,
453 2754 495 2791 4.'
508 2768 565 2801 ap.
585 2756 688 2789 Grut.
712 2753 775 2788 ΠΙ.
797 2764 833 2797 p.
853 2748 939 2795 644)
957 2752 992 2786 in
1012 2753 1152 2799 antiquo
1177 2754 1331 2800 exemplo
1350 2756 1495 2792 Acronis
1519 2757 1572 2793 in-

78 2809 251 2846 venisset:
272 2831 351 2856 „—
370 2811 465 2847 intra
483 2811 558 2846 dies
577 2819 770 2851 munerum,
798 2808 923 2852 quibus
941 2811 1135 2855 pugnant,“
1164 2811 1208 2844 ab
1229 2811 1399 2857 imperiti,
1418 2826 1438 2848 e
1455 2815 1573 2859 quibus

78 2865 205 2902 factum
223 2868 368 2913 quinque
386 2879 464 2903 esse
483 2879 551 2902 nou
569 2866 656 2900 male
672 2863 833 2910 opinatus
853 2869 919 2898 est.

1133 2925 1216 2968 34*
1242 2929 1313 2981 (12
1323 2931 1363 2982 *)
