1910 3138
54 161 119 204 ⁴83

496 156 636 197 LIBRI
663 155 695 195 1.
752 154 1010 194 EHsToLA
1035 155 1134 195 xlv,

1495 151 1576 194 193

130 285 270 343 Quen
301 283 486 330 bibulum
514 283 658 342 liquidi
692 281 834 328 media
869 281 923 326 de
954 283 1054 326 luce
1084 281 1276 341 Falerni,
1325 279 1330 282 ⁴
1358 342 1366 347 .

128 361 283 411 Coena
313 363 456 408 brevis
477 365 604 421 juvat
630 364 675 406 et
703 374 838 422 prope
867 363 1005 405 rivum
1031 373 1205 405 somnus
1225 361 1269 406 in
1289 360 1449 419 herba3
1518 362 1574 404 35

126 442 225 488 Nee
257 443 414 487 lusisse
449 441 605 502 pudet,
641 431 719 485 sed
756 454 840 484 non
875 439 1062 484 incidere
1095 438 1260 483 ludum.

126 522 228 567 Non
258 522 352 566 istie
385 521 551 579 obliquo
586 521 710 565 oculo
746 533 844 564 mea
880 518 1104 564 commoda
1133 519 1360 577 quisquam

127 582 297 660 Limat,
330 613 416 644 non
451 599 547 644 odio
586 599 766 643 obscuro
802 610 1029 656 morsuque
1063 599 1277 655 venenat3

109 679 292 726 'Rident
326 678 452 722 vicini
490 677 644 736 glebas
679 681 723 722 et
761 690 870 722 saxa
904 679 1163 722 moventem.

131 757 245 804 Cum
277 758 413 802 servis
447 756 611 800 urbana
646 755 781 800 diaria
815 755 972 801 rodere
1005 756 1166 812 mavis3

129 837 297 883 Horum
332 839 380 880 tu
413 836 456 879 in
490 846 712 878 numerum
745 837 848 879 voto
883 837 990 880 ruis.

1054 833 1223 878 Invidet
1256 846 1382 878 usum

129 917 370 976 Lignorum
405 917 448 958 et
483 914 650 974 peeoris
686 913 762 958 tibi
791 914 888 970 calo
924 917 1109 975 argutus
1144 915 1188 958 et
1224 913 1355 958 horti.

64 1051 198 1088 nostris
207 1054 308 1084 certe
314 1049 434 1084 Berol.
447 1051 480 1085 2.
492 1050 595 1084 Gott.
609 1050 642 1083 1.
656 1050 687 1084 2.
704 1048 802 1093 Lips.

64 1109 102 1144 3.
125 1106 288 1143 Rudolst.
317 1105 409 1140 Edd.
433 1110 524 1140 vett.
548 1105 653 1140 etiam
677 1105 800 1140 Lamb.

64 1165 199 1201 Mutet.
229 1163 340 1208 Cruq.
369 1162 480 1197 Pnlm.
516 1162 627 1196 Torr.
663 1162 800 1196 Bersm.

65 1221 135 1266 aL,
159 1232 181 1255 e
199 1223 351 1254 reoeutt·
374 1219 466 1254 Cun.
492 1219 578 1252 San.
602 1219 682 1254 Jon.
707 1218 800 1252 Phil.

63 1277 171 1314 Bask.
191 1275 270 1311 an.
290 1274 439 1319 Dorlgh.
462 1275 551 1311 Bad.
569 1276 680 1310 Deru.
700 1275 803 1309 Hane

65 1334 276 1380 scripturam
289 1343 354 1378 pro
369 1342 456 1366 vera
473 1332 582 1366 habet
596 1332 732 1365 Weber
746 1332 804 1375 (et

62 1392 104 1427 in
122 1389 279 1436 „Archiv
292 1389 318 1423 f.
333 1387 426 1422 Phil.
439 1399 476 1423 u.
492 1388 675 1434 Paedag.“
695 1385 803 1422 1843.

64 1447 131 1484 IX.
147 1449 181 1483 2.
196 1458 234 1491 p.
249 1444 330 1481 258.
344 1444 432 1478 etin
446 1445 558 1480 libro:
587 1445 735 1489 „Horaz
751 1444 803 1478 als

63 1502 238 1540 Mensoffl
253 1506 342 1545 ete„
364 1513 402 1546 p.
418 1502 476 1536 88.
490 1502 538 1536 N.
552 1498 631 1545 74.)
654 1504 804 1546 propter

66 1560 237 1605 originem
245 1569 284 1592 v.
296 1570 318 1592 a
329 1568 458 1602 graeco
468 1554 576 1599 κυῶν,
586 1554 728 1599 κυνάρα
738 1557 806 1602 igi-

66 1621 128 1650 tur
151 1613 468 1659 ‚,Artischocke“‚
492 1614 556 1648 sed
575 1610 706 1656 κινάρα
727 1613 753 1647 i.
770 1625 803 1648 e.

67 1673 219 1707 carduus
242 1670 335 1716 apud
355 1670 529 1704 Romanos
551 1681 620 1704 non
640 1669 751 1704 minus
768 1670 806 1704 in

67 1739 135 1762 usu
149 1730 229 1761 erat
241 1730 336 1761 teste
350 1726 533 1761 Athenaeo
549 1728 583 1769 2,
598 1727 656 1762 28.
675 1738 712 1771 p.
726 1727 805 1767 71.;

69 1784 190 1818 eadem
201 1794 271 1818 scr.
283 1782 440 1817 varietas
453 1795 511 1828 ap.
524 1783 636 1828 Prop.
647 1779 684 1826 4,
701 1785 734 1827 1,
748 1781 806 1818 95.

67 1841 121 1875 ib.
139 1840 259 1874 Burm.
280 1843 319 1873 et
336 1839 402 1873 Fe.
422 1840 468 1874 ad
487 1839 558 1874 Od.
572 1836 614 1883 4,
636 1840 678 1883 1,
692 1835 729 1874 4.
752 1858 801 1864 -

68 1896 202 1942 capaci.
226 1895 298 1934 Ms.
319 1895 384 1929 Fe.
408 1897 449 1940 2,
469 1897 483 1930 i
503 1897 543 1940 (a
562 1897 596 1930 1.
611 1896 677 1939 m.)
699 1896 753 1930 1k.
769 1892 805 1930 4.

71 1953 223 1988 Cinarae
234 1953 328 1997 plac.
343 1953 470 1986 tenaci.
488 1952 558 1987 Ed.
572 1951 735 1987 Praedic.

124 2009 171 2043 v.
185 2005 243 2046 34.
258 2009 348 2042 mea.
363 2007 422 2051 nq.
436 2008 506 2046 Μ..
522 2008 642 2043 Guelf.
659 1999 807 2052 ιιι-φη·-

71 2066 164 2100 dum.
179 2064 277 2098 Mon.
292 2076 338 2098 m.
351 2083 408 2089 —
422 2066 465 2099 de
474 2070 586 2099 nocte.
606 2065 691 2100 Mss.
707 2068 804 2110 quat.

71 2132 129 2167 ap.
144 2120 251 2155 Talb.
273 2125 311 2155 et
329 2121 410 2154 val.
432 2121 554 2156 Comb.
570 2122 619 2158 G.
638 2122 704 2156 Fe.
722 2124 754 2165 1,
772 2121 806 2156 9.

72 2181 111 2211 et
122 2188 187 2210 ms.
201 2177 240 2211 in
253 2188 316 2211 ora
329 2177 410 2212 Ald.
426 2176 507 2212 519.
522 2178 559 2212 in
572 2178 666 2212 Bibl.
679 2177 807 2222 Angel.

73 2233 186 2267 Orell.
204 2234 244 2267 S.
266 2234 482 2279 (superscr.)
505 2234 623 2268 Guelf.
647 2235 680 2269 2.
706 2234 810 2280 (pha-

76 2288 178 2331 lerm')
195 2288 293 2323 Mon.
308 2290 343 2324 d.
359 2301 391 2323 e.
415 2290 515 2324 Haec
529 2291 687 2325 varietas
704 2289 810 2325 Orel-

75 2342 123 2376 lio
147 2343 330 2390 desumpta
350 2346 492 2380 videtur
511 2358 557 2381 ex
574 2346 683 2380 dubio
703 2357 811 2381 versu

78 2398 141 2441 18,
158 2399 233 2442 19„
255 2400 316 2434 ubi
330 2401 424 2435 vide.
451 2403 555 2437 Hunc
567 2413 708 2437 versum
729 2405 811 2447 post

77 2464 113 2487 v.
129 2453 187 2489 32.
204 2454 440 2491 inculcandum
462 2462 584 2493 censet
603 2458 754 2493 Bothius
775 2462 813 2492 et

76 2509 135 2543 hic
150 2514 187 2543 et
204 2509 248 2543 A.
270 2510 311 2544 P.
326 2508 385 2546 46.
408 2513 463 2556 (ἰιι
478 2515 535 2548 ed.
550 2515 664 2558 Fene)
674 2541 683 2558 ‚
706 2526 814 2559 prop-

77 2570 180 2600 terea
196 2565 288 2610 qnod
303 2567 446 2602 decuere
458 2570 503 2603 ad
518 2570 627 2604 verba
644 2572 751 2614 Quem
765 2570 814 2603 bi-

76 2622 196 2657 bulum
213 2626 283 2655 etc.
305 2622 507 2667 pertineat,
543 2626 606 2660 sed
629 2637 672 2659 ex
694 2637 729 2661 v,
753 2625 812 2659 33.

845 1050 915 1085 Ms-
941 1049 1055 1084 Orell.
1078 1048 1125 1083 E.
1147 1047 1246 1082 Mon.
1268 1059 1300 1082 c.
1327 1066 1375 1075 ε·-
1400 1048 1438 1082 in
1450 1049 1587 1086 herbas.

845 1107 916 1142 Ms.
932 1107 957 1142 1.
972 1107 1069 1140 vict.
1082 1105 1193 1138 ——V.
1204 1104 1262 1140 36.
1279 1103 1361 1139 Non
1369 1105 1499 1140 lusisse.
1515 1106 1586 1143 M..

847 1165 947 1198 Sunt.
966 1168 1007 1197 et.
1019 1163 1119 1198 Mon.
1131 1162 1157 1196 i.
1171 1180 1228 1187 —·
1240 1160 1451 1206 praecidere.
1466 1163 1587 1199 Guelf.

847 1223 882 1258 2,
895 1220 1045 1255 Versum
1055 1218 1114 1254 36.
1132 1223 1170 1252 et
1188 1222 1265 1252 tres
1278 1228 1379 1263 seqq.
1401 1219 1446 1252 ab
1468 1219 1587 1256 Hora-

845 1278 897 1312 tio
907 1289 976 1311 non
985 1276 1167 1322 profectas
1177 1275 1342 1320 Guyetus
1349 1274 1525 1319 opinatur.
1533 1297 1590 1306 --
1622 1295 1629 1299 κ

846 1334 892 1368 V.
902 1334 961 1368 37.
976 1333 1051 1368 Nee
1062 1333 1148 1367 istic.
1168 1331 1239 1366 Ms.
1252 1330 1352 1366 Mon.
1368 1341 1404 1375 g.
1416 1334 1476 1357 '—
1490 1336 1590 1369 oculo

846 1391 994 1434 obliquo.
1016 1389 1087 1427 Ms,
1103 1388 1224 1423 Guelf.
1242 1389 1276 1422 1.
1293 1392 1330 1421 et
1343 1387 1442 1422 Mon.
1458 1401 1490 1423 c.
1516 1391 1591 1436 [ob-

846 1447 911 1481 lico
925 1445 1046 1481 Berol.
1062 1446 1095 1480 1.
1122 1444 1241 1479 Guelf.
1263 1444 1299 1478 3.
1320 1440 1372 1488 4.]
1393 1462 1449 1471 —-
1470 1447 1515 1481 V.
1530 1447 1590 1487 39,

854 1502 964 1538 Vicini
987 1502 1112 1538 videret.
1142 1500 1263 1536 Guelf.
1291 1502 1325 1535 1.
1353 1517 1410 1527 ·--
1436 1503 1592 1548 glebam.

848 1560 960 1595 DorV.
975 1561 1009 1595 2.
1029 1577 1079 1583 --
1094 1564 1217 1592 memet
1230 1557 1284 1603 gl.
1293 1557 1502 1601 fodientem,
1520 1560 1591 1596 ΜΒ.

851 1615 975 1651 Oberl.
999 1616 1045 1649 D.
1071 1627 1113 1648 ac
1131 1626 1234 1648 saza.
1261 1613 1356 1652 Edd.
1388 1614 1479 1651 eun.
1506 1617 1591 1656 San.

848 1673 966 1708 Merv,
988 1671 1118 1705 Franc.
1139 1669 1287 1715 Dorigh.
1308 1690 1365 1697 —
1385 1678 1590 1708 vomentem.

849 1729 920 1767 Ms.
937 1728 1036 1763 Mon.
1053 1739 1086 1762 a.
1114 1728 1169 1761 Ab
1194 1726 1262 1762 hoc
1284 1737 1391 1761 versu
1409 1738 1521 1774 usque
1547 1731 1592 1765 ad

851 1785 907 1830 15,
922 1782 982 1819 41.
997 1784 1121 1819 deficit
1133 1795 1195 1818 ms·
1213 1783 1327 1818 Orell.
1345 1795 1379 1818 c.

905 1842 951 1876 V.
979 1839 1040 1876 40.
1083 1841 1276 1876 Gommn's.
1308 1840 1379 1874 ΜΒ.
1409 1841 1530 1878 Berol.
1556 1845 1591 1878 1.

850 1917 908 1924 —
922 1904 963 1933 tu
982 1898 1134 1933 urbana.
1172 1899 1229 1931 lta
1246 1897 1292 1930 de
1313 1898 1515 1942 conjectura
1535 1900 1593 1934 ed.

850 1954 971 1989 Bentl.
986 1954 1063 2000 (qui
1074 1954 1160 1997 def.)
1174 1955 1284 1989 Bask.
1297 1954 1461 1989 Praedic.
1477 1955 1592 1990 Auda-

851 2012 928 2046 cior
941 2011 1012 2045 fuit
1036 2014 1073 2044 et
1093 2011 1155 2045 ille
1177 2010 1255 2044 Sat.
1271 2011 1312 2053 2,
1332 2010 1376 2055 3,
1394 2013 1474 2046 212.
1491 2009 1592 2052 234.;

851 2072 889 2103 at
900 2068 985 2102 vide
999 2067 1130 2101 Heind.
1146 2067 1192 2100 ad
1207 2067 1285 2101 Sat.
1300 2069 1334 2109 1,
1350 2068 1383 2109 2,
1398 2068 1456 2102 90.
1482 2067 1592 2102 Orell.

852 2130 890 2158 et
903 2125 1059 2158 Dillenb.
1074 2124 1120 2157 ad
1135 2124 1214 2157 Sat.
1231 2124 1252 2158 2
1264 2148 1272 2165 ,
1295 2124 1318 2157 7
1329 2147 1340 2165 ‚
1365 2124 1421 2157 66.
1441 2141 1498 2148 --
1513 2124 1591 2156 urb.

852 2181 995 2215 cibor-ia.
1014 2179 1085 2214 Ms-
1100 2180 1167 2214 Fe.
1183 2181 1205 2214 6
1216 2204 1227 2221 ‚
1243 2190 1275 2213 a.
1298 2179 1338 2221 (a
1353 2180 1386 2212 1.
1398 2179 1463 2220 m.)
1482 2179 1592 2213 Goth.

853 2237 952 2271 Mon.
966 2237 1002 2275 b.
1017 2235 1234 2281 (superscr.)
1252 2246 1287 2278 g.
1311 2234 1394 2276 (sed
1411 2245 1502 2270 corr.
1520 2235 1594 2269 dia-

854 2293 940 2336 ria).
951 2312 1002 2318 —
1011 2292 1168 2326 reddere.
1179 2290 1250 2324 Ms.
1260 2289 1348 2323 Bad.
1360 2291 1392 2324 1.
1403 2290 1486 2334 (sed
1498 2302 1590 2326 corr.

853 2348 994 2391 rodere)
1004 2347 1102 2381 Mon.
1112 2347 1136 2380 l.
1147 2345 1265 2380 Berol.
1276 2347 1309 2379 2.
1322 2345 1484 2380 Rudolst.
1496 2347 1592 2382 Edd.

846 2400 945 2438 Ven.
960 2403 1043 2440 483.
1059 2403 1116 2437 86.
1133 2402 1191 2437 92.
1211 2401 1310 2434 Flor.
1326 2397 1394 2436 482
1413 2402 1492 2446 (ubi
1510 2403 1594 2438 vide

854 2460 1039 2503 Landin.).
1065 2458 1164 2502 Lips.
1189 2454 1270 2491 492.
1294 2457 1352 2491 98.
1373 2456 1453 2494 502.
1479 2459 1591 2494 Loeh.

855 2513 937 2550 498.
966 2515 1048 2548 Asc.
1066 2512 1132 2548 511
1160 2513 1246 2556 (non
1266 2511 1353 2556 519)
1380 2514 1518 2552 Thana,
1537 2535 1594 2543 -..

856 2570 987 2606 mavis?
1023 2569 1117 2603 Edd.
1138 2568 1251 2604 Pulm.
1274 2567 1445 2616 Doering.
1468 2573 1592 2608 maan,

856 2626 926 2660 Ms.
937 2626 1035 2660 Mon.
1047 2637 1083 2670 g.
1099 2624 1166 2660 Ed.
1178 2624 1312 2659 Biedm.
1324 2624 1405 2661 599.
1416 2647 1471 2654 —
1481 2630 1525 2663 V.
1533 2626 1592 2665 41.

77 2678 224 2712 verbm
251 2679 316 2712 scis
343 2679 570 2723 repetendum
596 2685 695 2716 recte
716 2681 817 2715 vide-
859 2682 896 2716 ἰπ
910 2692 1067 2716 numero.
1087 2680 1157 2714 Ms.
1171 2680 1269 2715 Mon.
1286 2693 1318 2715 e.
1337 2701 1386 2708 -
1402 2684 1500 2720 ruis?
1521 2685 1591 2720 Ed.

78 2737 164 2768 runt
187 2733 254 2767 Vir
277 2732 414 2778 quidam
439 2734 533 2769 doct.
558 2735 595 2769 in
620 2737 818 2781 ‚‚Paedag.-

79 2789 208 2824 Philol.
225 2789 299 2823 Lit.
311 2789 369 2823 Bl.
381 2791 484 2828 1827.
498 2791 544 2826 11.
558 2790 607 2824 N.
620 2793 677 2827 21.
691 2804 728 2838 p.
740 2788 819 2827 184.

82 2848 121 2879 et
133 2845 330 2880 Schmidius
346 2846 392 2882 ad
405 2846 440 2881 h.
454 2846 477 2882 l.
498 2866 555 2874 —
575 2846 621 2900 V.
635 2846 693 2882 35.
716 2848 820 2882 ηὐοε.

145 2899 289 2936 Hom-r.
316 2900 366 2936 Π.

861 2737 1033 2781 Doering.
1044 2755 1099 2762 -—
1107 2748 1201 2772 usus.
1215 2736 1285 2772 Ms-
1298 2738 1354 2775 Ik.
1365 2735 1404 2777 4.
1413 2759 1469 2767 —-
1478 2741 1523 2777 V.
1533 2739 1592 2779 42.

864 2793 940 2827 calo
955 2798 1135 2838 arquatum
1150 2793 1220 2830 Ed.
1232 2794 1396 2832 praedic.
1406 2815 1455 2824 —
1470 2803 1504 2834 et
1514 2799 1593 2834 orti.

865 2850 920 2883 Ita
940 2859 1004 2885 ms.
1027 2849 1128 2897 Lips.
1151 2851 1185 2885 1.
1207 2850 1245 2896 (a
1258 2852 1293 2887 2.
1308 2852 1373 2898 m.)
1393 2852 1495 2890 Dess.
1511 2857 1545 2890 1.
1559 2857 1593 2891 2.

1157 2900 1210 2942 13
1265 2902 1328 2957 (3)
