1910 3138
22 196 196 266 1346ss
243 194 532 249 m'l'.
549 195 607 236 IN
625 196 751 236 HOR.
778 196 931 235 L1B.1.
961 194 1484 236 EmsT.SEXT.nBcffl.
1542 193 1626 236 323

108 320 454 362 nilmhamum.
480 320 538 360 Ex
557 322 909 360 commemoratione
925 320 1040 358 hami
1064 322 1121 370 (7,
1138 318 1206 362 74.
1230 320 1343 360 Ovid.
1356 321 1455 363 net.
1470 321 1513 370 8,
1527 321 1624 362 858-

113 387 297 443 265476.
316 399 363 430 ex
381 389 494 430 Pom.
509 390 551 439 2,
572 390 615 438 7,
638 390 679 430 9.
698 388 789 430 Tib.
811 391 852 438 2,
873 390 911 437 6,
929 388 1014 440 24.)
1042 388 1185 439 piscem
1212 387 1344 438 (Ovid.
1370 387 1535 428 Halieut.
1557 387 1624 429 95.

109 455 281 510 ffi'vss.
298 458 352 498 N.
371 459 415 508 9,
432 456 535 507 27.),
560 469 637 494 non
660 469 781 506 avem,
809 469 921 507 quam
949 457 1103 506 quidem
1126 455 1339 506 intelligunt
1358 455 1624 504 Haberfeldus,

104 523 287 579 Vm
308 524 491 574 Scheller,
516 524 608 564 Dae.
632 525 788 573 Sanad.,
813 524 877 574 al.,
895 524 1096 575 significari
1115 529 1283 575 apparet.
1300 523 1412 562 Cous.
1428 524 1621 573 Doering.

221 593 268 631 V.
300 593 369 635 52.
422 592 601 631 Oderunt
627 615 683 622 —-
715 606 860 634 amore,
903 592 1119 631 Sententia:
1158 592 1257 640 „Vir
1293 591 1416 630 bonus
1451 598 1512 630 est
1545 606 1625 630 non

106 663 172 714 qui
189 661 392 700 fonnidine
418 674 566 713 poenae
594 660 741 712 legibus
770 661 1010 713 obtemperat
1035 659 1086 698 ad
1114 660 1235 697 instar
1262 660 1361 698 muti
1385 658 1484 698 illius
1510 661 1623 708 servi,

106 729 179 769 ned
205 729 264 767 eni
291 741 338 767 ex
369 728 457 780 ipso
489 729 633 767 vixtutis
671 742 798 767 amore
835 729 948 766 officii
982 730 1124 766 fructus
1159 727 1284 778 ipsum
1320 727 1485 766 officium
1521 729 1623 767 est.“

106 793 167 836 Ex
191 796 264 835 hoc
292 796 562 834 sententiarum
591 796 723 834 ordine
751 796 844 834 satis
872 801 1053 847 apparet,
1089 807 1239 833 versum
1265 794 1332 836 52.
1362 807 1446 833 cum
1472 799 1624 834 antece-

105 864 282 904 dentibus
309 865 428 902 artius
453 864 756 914 conjungendum
785 877 884 902 esse.
941 863 1027 901 Hoc
1055 862 1307 900 Diintzerum
1334 875 1486 913 quoque
1519 867 1623 901 reete

106 932 276 971 sensisse
314 931 507 970 laetamur.
562 931 742 969 Ceterum
776 932 816 971 in
844 931 915 969 hac
949 932 1141 969 verissima
1177 930 1364 969 sententia
1393 929 1499 967 multi
1536 934 1623 968 sunt

106 1005 255 1039 veteres
285 993 518 1051 nc'riptores‚
555 1004 597 1037 ut
631 1003 790 1050 propter
826 999 1010 1048 quosdam
1044 999 1235 1037 literarum
1265 998 1498 1047 antiquarum
1531 1010 1621 1035 con.-

106 1072 318 1119 temptores
343 1066 487 1117 aliquot
522 1066 627 1105 locos
661 1067 851 1118 principes
885 1066 1053 1104 indicare
1085 1079 1225 1118 operae
1257 1066 1422 1117 pretium
1449 1078 1536 1103 esse
1563 1066 1623 1102 vi-

107 1136 255 1175 deatur.
279 1135 340 1174 Ita
367 1135 448 1172 Cic.
476 1135 525 1172 de
551 1134 634 1176 an.
660 1136 701 1183 2,
732 1135 801 1182 22,
830 1135 900 1174 72.
956 1133 1012 1171 Id
1037 1135 1141 1171 enim
1169 1133 1371 1178 mlumm,
1397 1133 1444 1170 id
1466 1140 1621 1171 conten-

106 1203 265 1250 dimus,
298 1210 343 1241 ut
369 1202 490 1254 officii
501 1202 670 1254 fructus
696 1203 749 1239 sit
773 1202 907 1251 ipsum
927 1202 1114 1252 officiunt.
1152 1202 1247 1240 lbid.
1278 1204 1327 1250 2,
1353 1199 1428 1252 14,
1455 1201 1523 1242 45.
1553 1201 1621 1250 15,

104 1270 175 1313 48.
203 1269 272 1312 49.
313 1271 382 1316 31,
410 1271 478 1311 99.
515 1270 557 1319 3,
587 1272 625 1318 9,
650 1270 719 1312 32.
762 1270 830 1318 11,
859 1269 928 1309 36.
972 1269 1027 1308 Id.
1053 1270 1102 1308 de
1129 1268 1254 1320 Legg.
1288 1271 1327 1318 1,
1361 1270 1426 1313 18,
1457 1270 1525 1311 48.
1553 1268 1622 1310 49.

107 1340 174 1388 19,
206 1337 272 1381 50.
317 1337 479 1375 Etenim
505 1350 638 1392 omnes
665 1338 743 1374 viri
779 1337 871 1375 bom'
898 1339 1029 1388 ipsam
1055 1338 1294 1388 aequitatem
1327 1344 1364 1374 et
1382 1339 1459 1385 jus
1486 1338 1621 1387 ipsum

103 1413 270 1452 mne,
301 1419 373 1444 nec
399 1413 458 1443 est
483 1407 562 1443 viri
588 1405 707 1452 honi,
738 1419 868 1442 errare
894 1412 932 1442 et
959 1404 1141 1457 diligere,
1169 1405 1279 1456 quod
1292 1418 1369 1455 per
1392 1418 1432 1442 se
1460 1417 1541 1441 non
1567 1405 1620 1442 sit

103 1472 354 1525 diligendum
381 1478 454 1511 etc.
495 1473 590 1514 lbid.
621 1476 668 1522 1,
699 1472 775 1523 14,
803 1475 872 1514 41,
908 1474 1009 1510 Tum
1035 1481 1194 1519 autem,
1230 1474 1303 1525 qui
1330 1486 1410 1509 non
1437 1473 1523 1522 ι’ρεο
1549 1471 1619 1509 Ιιο-

10 1578 23 1582 ..
103 1547 210 1579 nesto
246 1554 472 1586 movemur,
514 1547 560 1577 ut
592 1539 685 1577 boni
719 1541 797 1577 viri
829 1542 978 1590 simus,
1015 1541 1086 1578 sed
1119 1540 1291 1578 utilitate
1327 1541 1470 1592 aliqua
1500 1549 1619 1592 atque

90 1607 262 1659 fructu,
299 1607 440 1645 callidi
466 1621 630 1653 mamus,
657 1621 736 1645 non
764 1607 869 1646 boni.
907 1607 962 1649 Id.
991 1623 1050 1660 pr.
1077 1608 1159 1647 Mil.
1187 1609 1268 1656 35,
1296 1610 1364 1650 96.
1412 1607 1549 1646 Fortu
1581 1617 1619 1646 et

102 1677 296 1727 sapientes
322 1677 403 1713 viri
427 1689 507 1713 non
530 1682 615 1712 tam
636 1677 821 1727 praemia
842 1678 956 1728 sequi.
975 1676 1101 1714 solent
1127 1683 1228 1714 recte
1237 1677 1466 1728 sactorum,
1495 1690 1617 1728 quam

103 1745 194 1794 ipsa
220 1752 322 1780 recte
339 1743 475 1794 sacta.
515 1744 570 1785 ld.
597 1745 645 1782 ad
670 1745 785 1783 Attio.
814 1746 863 1793 7,
895 1746 943 1794 2,
975 1744 1016 1785 4.
1062 1743 1181 1782 Tusc.
1216 1748 1250 1790 1,
1278 1744 1349 1793 38,
1374 1746 1443 1786 91.
1476 1746 1518 1794 2,
1547 1746 1616 1795 20,

103 1813 173 1852 46.
200 1811 244 1860 3,
271 1812 340 1861 17,
363 1811 431 1852 37.
460 1810 502 1861 4,
526 1813 594 1862 15,
623 1810 693 1853 34.
721 1813 770 1851 de
798 1811 878 1850 Off.
908 1815 946 1863 1,
971 1810 1011 1862 4,
1042 1810 1095 1852 14
1117 1811 1185 1862 (ib.
1213 1811 1372 1864 Graev.)
1395 1813 1437 1861 9,
1466 1813 1521 1854 28
1546 1812 1615 1863 (ib.

99 1879 242 1931 Beier).
281 1880 323 1928 3,
352 1877 393 1927 4,
425 1881 490 1920 17.
530 1881 595 1922 18.
626 1882 667 1929 8,
694 1879 762 1920 35.
800 1880 841 1929 9,
869 1880 938 1920 38.
970 1880 1039 1921 39.
1073 1878 1211 1920 Pau-ad.
1242 1879 1284 1930 5,
1313 1882 1352 1931 1,
1381 1879 1448 1921 34.
1484 1881 1614 1919 Somn.

99 1947 205 2000 Βοὴ).
237 1948 276 1994 7.
302 1946 419 1985 Acad-
448 1949 488 1996 2,
518 1949 588 1998 46,
616 1947 709 1989 140.
735 1948 871 1987 Senec.
893 1947 1016 1998 Epist.
1042 1946 1112 1989 41.
1142 1949 1208 1988 76.
1239 1948 1332 1989 113.
1358 1950 1406 1987 de
1429 1949 1614 1988 Clement.

100 2016 143 2066 1,
170 2016 208 2055 1.
242 2016 292 2053 de
317 2015 481 2053 Benefic.
507 2013 563 2066 4,
589 2017 627 2057 1.
666 2017 715 2054 de
743 2015 816 2054 Vit.
844 2014 948 2063 beat-t
969 2017 1010 2056 9.
1061 2016 1310 2068 Intmogas,
1345 2017 1446 2068 quid
1479 2023 1614 2066 petam

100 2095 146 2125 ox
172 2081 344 2119 virtute?
377 2068 518 2132 ipbam.
572 2083 695 2120 Nihil
719 2085 825 2121 enim
853 2090 909 2121 est
934 2083 1097 2121 melius.-
1133 2085 1223 2134 ipsa
1246 2086 1420 2134 pretium
1448 2086 1514 2121 sui
1540 2090 1608 2120 est.

96 2148 154 2191 ld.
179 2150 300 2201 Epist.
328 2151 396 2191 81.
441 2150 644 2188 Virtutum
666 2153 844 2189 omnium
865 2153 1040 2202 pretium
1066 2153 1111 2188 in
1138 2152 1235 2201 ipsis*
1263 2158 1333 2189 est.
1378 2151 1476 2187 Non
1504 2152 1611 2187 enim

98 2224 323 2255 exet-centur
357 2218 415 2255 ad
442 2220 687 2269 praemium:
723 2226 830 2257 recte
852 2220 968 2270 sacti
999 2225 1056 2255 est
1072 2217 1234 2268 fecisse.
1285 2218 1427 2255 Similia
1460 2217 1612 2267 collegit

95 2281 227 2325 Barth.
254 2286 304 2322 ad
332 2284 462 2326 Claud.
486 2286 629 2336 Paneg.
657 2288 695 2324 in
731 2287 851 2325 Cons.
884 2286 1001 2327 Manl.
1031 2288 1069 2326 1.
1104 2300 1144 2337 p.
1177 2286 1232 2325 66
1266 2298 1348 2334 sq.,
1388 2284 1486 2321 adde
1515 2284 1610 2325 Tac.

96 2349 193 2388 Anu.
219 2352 262 2399 3,
291 2353 361 2401 26,
391 2354 428 2393 1.
457 2352 649 2405 (Rupert.)
687 2355 801 2395 Ovid.
833 2367 878 2392 ex
908 2354 1020 2392 Pont.
1050 2354 1091 2401 2,
1119 2352 1162 2400 3,
1189 2352 1258 2392 35.
1292 2350 1388 2387 Plin-
1417 2350 1539 2400 Epist·
1571 2354 1608 2395 1,

96 2416 166 2464 22,
191 2416 231 2456 5.
254 2418 300 2457 A.
326 2418 425 2457 Gell.
448 2421 516 2470 12,
542 2423 607 2461 11.
628 2421 736 2459 Publ.
756 2422 841 2470 Syr.
866 2420 950 2460 994
970 2419 1118 2469 (Both.)
1150 2418 1250 2455 Odio
1272 2424 1419 2468 oportet
1448 2425 1493 2454 ut
1513 2432 1610 2468 pee-

96 2482 233 2527 candi,
257 2496 336 2520 non
356 2493 481 2532 metu,
493 2487 638 2537 facias
661 2487 814 2527 bonum.
844 2487 939 2526 lbid.
956 2487 1051 2528 452.
1069 2486 1165 2527 647.
1194 2486 1246 2523 At
1263 2485 1379 2535 ipsius
1399 2487 1610 2525 sententiae

94 2611 177 2656 Ipsa
199 2609 367 2644 tarditate
392 2611 508 2656 mag-1⁰2
526 2613 707 2658 magisque
734 2619 911 2658 suspectus
938 2613 1017 2646 dira
1038 2610 1269 2644 comminatur
1290 2608 1458 2653 Myrmeci
1479 2613 1608 2657 suppli-

94 2667 160 2700 cia.
181 2664 349 2700 Ammian·
364 2666 417 2707 16,
430 2668 486 2701 12.
505 2670 692 2712 napa-tior
706 2671 749 2703 de
769 2669 919 2702 obscuris
932 2679 996 2701 nec
1011 2670 1142 2710 referre
1155 2666 1323 2710 gradum,
1339 2677 1451 2710 neque
1463 2668 1608 2703 ulter-fias

92 2720 145 2756 {re
157 2722 316 2756 tentavit.
326 2719 451 2754 Claud.
463 2721 559 2764 vm,
575 2724 655 2758 278.
674 2725 752 2759 Neu
768 2725 868 2758 dubie
882 2727 1059 2766 suspectus
1075 2733 1178 2766 agas.
1194 2721 1322 2756 Metuit
1341 2727 1457 2757 autem
1475 2730 1517 2757 ut
1536 2735 1606 2767 φυ-

94 2777 273 2819 λάττεται,
298 2776 322 2810 i.
345 2788 376 2810 e.
398 2771 570 2820 ἀπέχεται
588 2778 753 2824 Xenoph.
774 2779 877 2813 Mem.
894 2780 929 2819 2,
950 2779 982 2819 2,
1003 2775 1060 2812 14.
1079 2784 1118 2810 et.
1133 2777 1204 2812 od.
1222 2780 1256 2819 2,
1271 2775 1327 2822 14,
1346 2780 1403 2817 16.
1424 2779 1472 2815 of.
1484 2780 1602 2816 Lfibk.

29 2856 31 2858 ·
96 2833 141 2867 ad
160 2834 232 2868 Od.
250 2833 286 2877 3,
307 2829 365 2875 14,
386 2832 442 2867 15.
463 2838 501 2866 et
519 2831 611 2867 infra
632 2845 668 2871 v,
689 2837 744 2870 60.
778 2836 833 2868 De
856 2833 1014 2868 ternario
1032 2844 1176 2868 numero
1193 2834 1381 2879 (36-38)
1399 2836 1447 2870 cf.
1467 2836 1525 2881 13,
1545 2838 1603 2873 13.

93 2893 132 2922 et
148 2889 300 2927 Dillenb.
323 2889 366 2922 ad
390 2890 459 2923 Od.
480 2886 515 2931 4,
535 2885 571 2933 4,
591 2890 649 2924 30.
668 2891 748 2924 coll.
769 2891 915 2935 Herzog
933 2890 978 2924 ad
994 2890 1086 2926 Sall.
1104 2890 1185 2935 Jug.
1206 2889 1266 2937 48,
1283 2893 1316 2925 1.

1078 2940 1131 2981 2²1
1143 2944 1165 2969 *
1209 2946 1248 2992 (1
1259 2948 1277 2985 1
1294 2945 1330 2989 ²⁸)
