1910 3138
295 210 380 252 324
432 210 709 251 COMMENT.
730 210 787 249 IN
806 210 931 252 HoR.
953 210 1054 251 LIB.
1073 213 1103 252 1.
1139 213 1306 253 EPIST.
1325 212 1476 256 SEXT.
1495 213 1676 255 DEcm.
1730 214 1815 260 164

291 343 462 377 auctores
491 337 660 374 Graecos
690 335 816 374 habes.
851 335 1030 376 Democr.
1058 338 1138 391 (ap.
1170 338 1289 382 Orell.
1317 340 1350 378 1.
1378 354 1417 393 p.
1447 339 1520 391 80)
1549 341 1590 381 7.
1628 336 1712 393 Μὴ
1741 337 1810 393 out*

1841 0 1910 215 ’ἲ

1884 210 1910 251 ‘²1

292 402 441 459 φόβον,
461 398 562 445 ciazo?
595 400 663 442 6ιᾶ
687 400 733 444 τᾶ
759 402 851 444 δέον
881 400 1098 458 ἀπέχεσθαι
1124 404 1428 460 ἁμαρτημάτων.
1457 406 1514 446 ld.
1543 409 1612 450 27.
1635 404 1839 461 'Ayaffliu‘
1899 414 1906 421 “

289 469 340 514 ου’
369 470 412 514 τὰ
435 468 491 524 μή
517 467 703 520 ἀδικέειν,
735 467 835 512 ἅλλοὶ
854 470 900 515 vd
918 472 1019 526 μηδὲ
1037 473 1204 517 ἐθέλειν.
1233 476 1438 516 Cleanthes
1460 489 1523 527 ap.
1547 475 1662 527 Diog.
1680 475 1812 515 Laert.

288 544 329 590 7,
358 542 425 581 89.
473 536 548 592 τήν
586 554 626 579 τε
660 535 808 592 ἆρετήν
845 537 1031 583 διάθεσιν
1067 539 1172 584 εἶναι
1200 542 1543 598 ὁμολογουμένην·
1580 543 1648 585 καὶ
1681 539 1809 596 αὐτὴν

288 603 338 647 δι’
367 603 496 660 αὑτὴν
526 604 630 648 εἶναι
658 605 849 661 αἴρετήν,.
864 610 918 651 οι]
948 607 1016 651 διά
1045 626 1135 652 τινα
1162 608 1320 663 φόβον,
1352 607 1382 664 ἢ
1412 610 1573 660 ἐλπίδα,
1611 608 1641 664 ἤ
1663 626 1702 652 τι
1727 613 1810 652 τῶν

287 674 451 724 ἔξωθεν.
483 675 642 714 Philem.
671 677 719 714 fr.
747 678 794 718 X.
823 678 887 729 (p.
920 679 1003 721 120
1029 677 1177 729 Diibn.)
1203 675 1334 734 .Ἀνήρ
1369 676 1520 727 δίκαιός
1547 678 1653 720 ἔστιν
1682 674 1756 731 ⁰²32
1783 676 1810 720 ὅ

287 741 342 795 μή
369 739 543 794 ἀδικῶν,
584 739 668 785 ἀλλ’
694 741 803 793 ὅστις
831 741 988 787 ἀδικεῖν
1025 742 1250 798 δυνάμενος
1285 744 1340 799 μή
1376 743 1572 800 βούλεται.
1612 747 1711 785 Plat.
1746 759 1809 799 ap.

284 812 393 854 Stob.
425 812 472 851 ΙΙ.
502 815 541 853 7.
578 826 617 864 p.
650 814 717 854 88-
747 814 906 853 Aristot.
934 814 1059 856 Ethic.
1089 814 1240 853 Nicom.
1271 816 1308 860 1,
1337 815 1376 856 9.
1406 816 1448 866 2,
1473 815 1515 856 3.
1547 813 1588 857 4.
1622 815 1733 855 Rhet.
1767 817 1807 865 1,

285 882 327 930 6,
355 882 394 922 7.
423 894 484 933 ap.
514 880 630 932 Diog.
658 880 788 921 Laert.
817 883 864 933 5,
896 883 963 925 20.
991 882 1181 922 Plutarch.
1212 882 1261 920 de
1286 883 1382 922 virt.
1409 895 1503 921 mor.
1529 882 1612 924 vn.
1641 897 1681 935 Ρ.
1709 882 1808 924 755.

284 948 331 989 R.
361 948 446 990 coll.
477 949 697 992 Stallbaum,
728 952 777 988 ad
806 950 903 992 Plat.
934 951 1056 1002 Gorg.
1084 965 1124 1003 p.
1158 950 1210 991 15
1244 963 1303 1001 sq.
1330 951 1507 990 Ackerm.
1529 951 1634 1001 „das
1659 951 1807 1001 Christ-

283 1016 381 1055 liche
410 1018 460 1055 im
487 1017 630 1055 ΡΙειῐοιζ
658 1031 697 1069 p.
723 1018 807 1059 333
836 1032 922 1069 sqq.
961 1020 1129 1071 Epictet.
1161 1018 1266 1060 Diss.
1293 1018 1340 1068 3,
1371 1016 1450 1068 24,
1479 1015 1550 1060 50.
1582 1016 1728 1060 ‘Gatak
1756 1018 1807 1056 ad

284 1085 338 1126 M.
368 1084 548 1124 Antonin.
580 1088 629 1135 1,
660 1088 728 1127 16.
763 1100 801 1137 p.
830 1088 968 1134 28..9,
997 1086 1065 1129 42.
1100 1100 1139 1137 p.
1167 1087 1249 1128 286
1278 1100 1336 1137 sq.
1364 1085 1476 1124 Misc.
1506 1086 1609 1125 obss.
1636 1087 1669 1127 I.
1700 1088 1739 1129 1.
1764 1101 1806 1140 Ρ.

283 1152 338 1194 45
359 1167 445 1205 sqq.
479 1154 576 1193 Rem
602 1155 729 1204 tetigit
747 1154 1024 1205 Friedemann„
1048 1154 1095 1195 V.
1123 1153 1197 1205 CL,
1221 1154 1260 1192 in
1283 1155 1562 1204 „Paranfiseffl
1588 1155 1619 1198 Ι.
1645 1169 1686 1207 Ρ.
1711 1155 1806 1199 268.

284 1220 364 1272 (ed.
396 1221 453 1274 2.)
483 1227 523 1261 et
549 1224 588 1261 in
612 1222 837 1272 „Deutsche
863 1222 1127 1261 Schulreden“
1154 1236 1194 1273 p.
1225 1220 1307 1263 246
1339 1236 1449 1273 sqq.-

394 1289 443 1328 V.
471 1291 671 1334 53—54.
721 1295 781 1331 Tu
806 1292 915 1331 nihil
938 1314 994 1320 —
1009 1291 1210 1342 profanis.
1246 1290 1340 1328 Illud
1364 1289 1578 1329 Pronomen
1604 1303 1728 1341 neque
1756 1291 1806 1328 ad

283 1370 446 1408 servum,
471 1372 595 1411 neque
623 1362 673 1399 ad
702 1361 894 1406 Quintium
907 1361 959 1411 *),
983 1361 1053 1398 sed
1073 1360 1123 1397 ad
1141 1357 1349 1410 quemlibet
1365 1359 1432 1397 tali
1453 1358 1616 1410 alloquio
1637 1359 1805 1409 dignum,

282 1426 465 1476 imprimis
489 1429 538 1466 ad
563 1442 670 1479 eum,
699 1431 763 1480 qui
791 1442 833 1468 se
862 1428 940 1467 vult
966 1442 1037 1480 pro
1062 1428 1144 1465 viro
1174 1426 1274 1470 bono
1300 1425 1454 1476 haberi,
1482 1427 1722 1466 referendum
1744 1430 1806 1465 est

282 1493 398 1531 hacce
427 1498 630 1535 sententia:
667 1497 786 1548 „Tu‚
815 1498 902 1548 quia
932 1509 1008 1535 non
1034 1501 1100 1535 tua
1128 1495 1246 1547 ipsius
1269 1494 1485 1543 voluntate,
1512 1495 1582 1533 sed
1607 1494 1805 1533 formidine

281 1574 428 1611 poenae
461 1564 509 1601 ad
538 1564 660 1617 legem
695 1565 818 1603 bonus
853 1565 952 1615 eris,
992 1563 1147 1603 simulac
1173 1563 1242 1602 tibi
1269 1563 1411 1602 latendi
1437 1563 1589 1602 occasio
1622 1564 1804 1614 arriserit,

282 1630 387 1680 leges
425 1636 464 1670 et
502 1633 647 1671 divinas
685 1637 724 1672 et
763 1632 944 1682 humanas
985 1631 1310 1672 circumscribes.“
1365 1631 1424 1669 lta
1461 1631 1544 1670 Sat.
1580 1633 1630 1682 2,
1656 1633 1706 1682 7,
1733 1630 1802 1673 73.

291 1699 399 1736 Tolle
424 1702 675 1751 periculum.-
713 1701 809 1739 Jam
839 1715 948 1753 vaga
969 1699 1154 1752 prosiliet
1169 1699 1304 1752 frenis
1337 1707 1486 1737 natura
1512 1700 1680 1738 remotis.
1722 1699 1805 1738 Cic.

281 1768 329 1805 de
357 1768 480 1819 Legg.
515 1772 553 1819 1,
586 1768 652 1815 14,
679 1769 747 1810 40.
792 1769 944 1820 Quodsi
965 1782 1120 1820 poena,
1148 1770 1186 1806 εἰ
1217 1776 1342 1805 metus
1368 1767 1579 1819 supplicii,
1612 1780 1692 1806 non
1714 1767 1805 1818 ipsa

281 1836 484 1885 turpitudo
519 1837 682 1874 deterret
716 1835 768 1873 ab
804 1838 999 1884 injuriosa
1025 1837 1337 1888 facinorosaque
1370 1837 1477 1874 vita:
1515 1849 1627 1875 nemo
1655 1842 1713 1875 est
1737 1837 1805 1873 in—

268 1906 411 1952 justus
440 1911 513 1941 aut
542 1905 698 1942 incauti
728 1904 885 1956 [potius]
923 1904 1100 1942 habendi
1133 1912 1227 1942 sunt
1254 1904 1437 1956 improbi.
1487 1905 1544 1947 Id.
1572 1905 1622 1943 de
1649 1904 1730 1947 Off.
1758 1905 1803 1954 3,

282 1973 349 2022 17,
378 1972 447 2012 72.
493 1972 643 2021 Quotus
673 1973 775 2009 enim
805 1974 972 2024 quisque
999 1973 1237 2023 reperietur,
1267 1975 1338 2025 qui
1361 1974 1598 2024 impunitate
1616 1979 1661 2014 et
1685 1973 1803 2024 igno-

279 2040 430 2077 ratione
467 2041 642 2077 omnium
667 2041 872 2091 proposita
900 2039 1094 2077 abstinere
1112 2042 1240 2090 possit
1266 2041 1318 2079 ab
1349 2040 1530 2090 injuria?
1561 2040 1619 2082 ld.
1642 2041 1692 2079 de
1717 2040 1802 2079 Fin.

280 2108 330 2157 2,
361 2109 436 2155 22,
467 2110 535 2149 71.
577 2108 691 2146 Nam
717 2122 788 2146 nec
817 2109 879 2145 vir
913 2107 1038 2145 bonus
1072 2121 1122 2145 ac
1136 2111 1278 2156 justas
1301 2108 1441 2147 lutheri
1466 2107 1594 2158 debet,
1623 2108 1723 2160 qui,
1752 2120 1803 2145 ne

280 2175 436 2213 malum
463 2175 632 2228 habeat,
672 2176 842 2214 abstinet
873 2189 914 2213 se
950 2175 1003 2213 ab
1042 2177 1207 2223 injuria.
1244 2199 1300 2205 —-
1333 2199 1390 2205 —
1421 2177 1510 2214 Nec
1537 2176 1642 2213 enim
1655 2203 1673 2222 ,
1704 2174 1802 2212 dum

280 2245 444 2290 metuit,
470 2247 611 2292 justas
640 2251 719 2282 est:
762 2252 800 2282 et
826 2251 926 2282 certe
953 2246 990 2281 εί
1017 2251 1184 2281 metuere
1212 2243 1424 2291 destiterit,
1456 2258 1538 2282 non
1563 2245 1646 2282 erit.
1702 2242 1801 2281 Non

280 2319 423 2349 metuet
448 2320 582 2351 autem
590 2342 607 2360 ,
638 2315 720 2351 sive
741 2312 868 2351 celare
891 2314 1089 2364 potuerit,
1117 2313 1199 2350 sive
1227 2311 1367 2363 opibus
1393 2312 1552 2364 magnis
1560 2339 1577 2358 ,
1609 2311 1805 2364 quicquid

267 2380 419 2430 fuerit,
447 2379 631 2419 obtinere.
663 2382 796 2422 Senec.
822 2381 947 2433 Epist.
977 2379 1046 2422 42.
1078 2379 1327 2430 Multorum,
1354 2381 1451 2432 quia
1475 2379 1666 2418 imbecilli
1687 2388 1800 2427 sunt,

278 2448 404 2486 latent
431 2450 530 2487 vitia
548 2465 556 2472 ·
586 2463 666 2487 non
694 2451 827 2488 minus
854 2462 1020 2499 ausura,
1049 2461 1173 2500 quum
1201 2447 1284 2485 illis
1307 2448 1408 2485 vires
1436 2462 1533 2486 suae
1551 2436 1801 2500 placucrintv,

277 2531 399 2567 quam
433 2518 534 2565 illa,
571 2532 673 2570 quae
695 2521 792 2567 jam
807 2519 992 2570 filicitas
1021 2517 1191 2568 aperuit.
1249 2517 1519 2554 Instrumenta
1553 2517 1639 2555 illis
1673 2516 1802 2568 expli-

278 2585 431 2623 candae
470 2588 669 2638 nequitiae
702 2587 853 2629 desunt,
906 2586 1082 2625 Lactant.
1116 2584 1212 2625 Inst.
1250 2585 1277 2625 6
1290 2612 1303 2635 ‚
1334 2586 1385 2636 9,
1415 2585 1454 2626 5.
1512 2587 1662 2625 Verum
1686 2585 1733 2623 lu·
1757 2597 1799 2622 se

386 2762 422 2803 *)
454 2761 539 2794 Inde
555 2760 732 2804 judicabis
750 2761 795 2794 de
814 2761 870 2795 Jo.
894 2761 1017 2795 Clerici
1034 2759 1211 2806 scriptura
1231 2758 1400 2802 admittis,
1418 2767 1526 2804 'quam
1547 2757 1798 2802 sic-interpre-

275 2816 387 2848 tatur:
420 2816 530 2859 „boni
551 2817 691 2862 quidem
711 2817 864 2852 oderunt
882 2817 1021 2863 flagitia
1040 2817 1115 2852 solo
1134 2827 1252 2851 amore
1272 2816 1429 2859 virtutis,
1453 2820 1492 2850 tu
1510 2825 1596 2848 veno
1614 2811 1700 2847 nihil
1714 2812 1796 2847 mali

274 2869 432 2905 admittis
453 2874 528 2907 sola
547 2886 684 2918 poenae
703 2874 933 2909 formidine-‘⁶
990 2875 1161 2909 Futurum
1192 2873 1415 2918 conjicientis
1438 2871 1495 2906 vel
1517 2869 1713 2904 humaniter
1730 2881 1796 2915 po-

275 2927 390 2959 nentis
413 2935 478 2966 est.
524 2931 575 2963 De
600 2931 811 2975 Pronomine
831 2937 870 2967 tu
889 2935 1060 2977 peccatur
1079 2929 1241 2966 similiter
1260 2930 1340 2964 Sat.
1360 2931 1393 2972 2,
1414 2929 1450 2970 7,
1468 2926 1526 2961 53.
