1910 3138
145 185 200 228 59

569 183 708 226 LIBRI
736 185 766 227 1.
820 183 1075 225 EplsToLA
1105 184 1243 224 XVIII.

1577 180 1659 225 407

210 299 419 345 Fallimur
440 302 486 345 et
511 301 720 360 quondam
744 314 829 346 non
852 301 1029 362 dignum
1056 299 1286 345 tradimus:
1319 313 1428 361 ergo

212 377 352 436 Quem
373 394 453 425 sua
477 379 604 439 culpa
628 383 818 440 premet,
844 381 1046 440 deeeptus
1070 381 1216 424 omitte
1239 379 1375 438 tueri3

210 457 271 503 Ut
303 454 473 518 penitus
507 461 678 518 notum,
713 461 750 503 si
782 462 947 505 tentent
981 461 1173 519 crimina,
1214 471 1363 503 serves

208 537 466 596 'I'uterisque
497 540 571 583 tuo
604 538 801 584 fidentem
835 540 1075 599 praesidio:
1110 540 1178 597 qui

208 615 351 661 Dente
387 617 613 662 Theonino
648 632 773 676 quum
805 618 1151 677 circumroditur‚
1186 617 1335 676 ecquid

207 694 279 740 Ad
306 698 351 740 te
373 699 469 755 post
492 698 620 756 paulo
645 701 826 742 ventura
849 698 1040 757 pericula
1068 695 1231 742 sentis?

208 775 324 821 Nam
349 778 425 820 tua
449 789 520 820 res
550 778 719 836 agitur,
754 778 897 836 paries
933 791 1060 835 quum
1092 779 1307 837 proximus
1344 775 1484 835 ardet,

208 853 270 898 Et
299 857 502 916 neglecta
535 857 675 901 solent
707 855 902 900 incendia
935 870 1106 901 sumere
1140 859 1267 902 vires

1608 855 1663 898 85

207 932 359 977 Dulcis
391 935 623 995 inexpertis
658 937 824 980 cultura
858 937 1042 994 potentis
1074 938 1221 994 amici3

207 1011 427 1072 Expertus
460 1017 626 1059 metult.
684 1016 782 1075 Tu,
815 1014 914 1059 dum
936 1017 1012 1058 tua
1037 1016 1158 1059 navis
1182 1016 1225 1059 in
1247 1015 1336 1059 alto
1365 1017 1446 1072 est,

139 1180 210 1216 Ms.
226 1181 339 1216 Gesn-
347 1182 382 1217 3.
394 1202 441 1208 —
456 1184 618 1217 ruborem
631 1183 701 1217 Ms.
715 1184 826 1216 Gesn.
841 1183 876 1218 3.

140 1241 178 1271 et
195 1238 342 1273 Santen.
368 1239 438 1274 Ed.
460 1239 610 1284 Cuning.
630 1259 680 1265 —-
702 1239 747 1274 V.
766 1241 824 1275 78.
845 1245 878 1274 et

139 1295 325 1338 quendam.
336 1295 406 1329 Ms.
418 1296 535 1330 Berol.
546 1293 578 1332 2.
590 1297 679 1330 Edd.
692 1296 787 1330 Flor.
796 1294 878 1331 482.

138 1350 229 1384 Ven.
247 1347 330 1387 483.
350 1353 409 1387 86.
438 1354 524 1396 (non
545 1354 603 1388 77.
628 1354 686 1388 79.
706 1354 783 1396 81).
818 1354 876 1388 92.

137 1407 192 1451 (et
205 1408 264 1442 90.
279 1406 360 1443 509.
377 1421 435 1454 ap.
451 1410 538 1452 Fe.)
557 1410 666 1444 Loch.
681 1407 760 1444 498.
779 1409 877 1454 Lips.

136 1460 221 1500 492.
234 1463 280 1499 98
295 1464 351 1508 (2)
366 1466 447 1500 502.
462 1485 511 1492 -
530 1477 598 1500 non
611 1467 749 1513 dignos.
764 1466 876 1500 DorV.

138 1521 173 1555 1.
193 1538 250 1546 -—-
267 1520 311 1556 V.
334 1522 394 1556 79.
413 1522 549 1567 premit.
577 1523 665 1557 Mss.
695 1522 760 1556 Fe.
786 1523 818 1566 1,
839 1523 877 1557 k.

138 1587 170 1611 r.
189 1587 220 1610 s.
241 1588 275 1610 z.
297 1579 339 1620 2,
360 1590 393 1612 a.
414 1578 449 1612 d.
470 1577 509 1621 5,
534 1590 567 1612 e.
596 1580 638 1621 6,
657 1580 693 1613 b.
718 1578 797 1614 Val.
819 1590 877 1613 un.

139 1633 243 1667 Gott.
262 1634 294 1666 1.
314 1633 413 1668 Mon.
433 1636 471 1672 b.
491 1635 526 1669 h.
547 1641 695 1680 premat.
714 1636 780 1669 Fe.
798 1637 830 1677 1,
846 1647 879 1670 a.

138 1699 159 1722 a
179 1689 211 1723 1.
235 1700 282 1722 m.

192 1745 239 1779 V.
255 1746 314 1780 80.
329 1745 431 1781 tum-i.
451 1748 499 1781 At
508 1747 658 1792 penitus.
674 1748 744 1782 Ed.
760 1748 877 1783 Bentl.

138 1812 183 1835 ex
215 1803 438 1846 conjectura,
472 1814 574 1849 quem
607 1816 681 1850 seq.
715 1816 876 1850 anonym.

139 1858 241 1903 Traj.
262 1859 308 1892 ad
322 1858 436 1894 Rhen.
451 1860 532 1894 713.
552 1861 637 1895 San.
655 1861 768 1896 MerV.
784 1861 877 1896 Phil.

138 1913 267 1949 Franc.
288 1915 395 1950 Bask.
414 1916 561 1962 Dorigh.
583 1917 691 1961 [Bod.
714 1930 771 1964 ap.
793 1919 875 1963 Fe.]

138 1970 236 2006 Sivr.
262 1973 403 2007 Wakef.
433 1973 538 2009 Duru.
568 1974 729 2012 Praedic.
752 1975 874 2020 Camp-

94 2031 96 2033 '
137 2026 243 2063 Doer.
264 2028 339 2073 (ed.
358 2029 475 2074 mim).
501 2030 719 2076 Comprobat
740 2031 821 2066 Jani
840 2043 875 2077 p.

137 2084 231 2128 228„
251 2085 453 2131 improbant
472 2087 602 2130 Gesn.‚
629 2089 766 2132 Wetz„
787 2090 874 2131 Fea,

138 2139 357 2187 Schmidius‚
390 2142 545 2178 Orellius
574 2150 612 2177 et
640 2144 703 2179 Fr.
729 2145 874 2180 Jacobs.

137 2196 182 2230 V.
202 2209 238 2242 p.
258 2198 317 2233 93.
338 2200 439 2234 tueri.
471 2202 521 2234 Ac
546 2201 683 2246 penitus
709 2202 780 2236 Ed.
804 2203 876 2235 Cu-

137 2250 232 2298 ning.
254 2255 347 2289 tueri
368 2256 414 2290 Ut
430 2256 538 2301 penit.
559 2263 701 2291 notum:
731 2249 771 2292 si.
803 2258 872 2291 Ed.

138 2308 248 2354 Cruq.
270 2330 327 2337 —
349 2312 572 2358 sitemptent.
593 2314 653 2347 sic
675 2314 745 2348 Ms.
770 2314 821 2349 lk.
842 2317 874 2348 1.

138 2365 209 2398 Gn.
237 2367 271 2404 1,
299 2367 403 2402 Dess.
436 2373 486 2402 et.
515 2369 614 2414 Lips.
644 2382 733 2405 omn.
764 2371 875 2404 Goth.

138 2420 279 2455 Morell.
292 2428 458 2458 temnent.
477 2424 573 2458 Mon.
588 2426 614 2458 f.
634 2431 787 2470 temptet.
807 2427 875 2460 Be—

138 2475 206 2508 rol.
231 2478 264 2512 1.
290 2495 347 2503 ——
370 2479 414 2512 V.
434 2481 491 2514 81.
514 2483 631 2524 fidens
651 2487 700 2515 est
722 2482 875 2526 praesid-

138 2531 209 2565 Ms.
228 2532 362 2566 Bersm.
388 2544 446 2568 un.
476 2536 600 2569 Oberl.
631 2538 672 2572 C.
693 2537 759 2570 Fe.
781 2539 822 2579 2,
843 2549 875 2571 c.

139 2591 296 2622 notatum
314 2600 357 2622 ex
371 2601 436 2623 ms.
452 2589 488 2624 in
503 2602 565 2625 ora
579 2591 614 2624 in
631 2593 685 2626 ed.
702 2593 781 2629 Ald.
798 2591 876 2626 501.

139 2642 232 2678 Bibl.
253 2644 370 2678 Vatic.
390 2645 442 2678 lk.
458 2643 493 2680 4.
513 2646 608 2681 Mon.
624 2660 658 2692 g.
678 2649 758 2682 cod.
778 2648 878 2681 Men-

138 2700 203 2734 tel.
215 2702 381 2746 fidenter.
406 2700 475 2735 Ms.
493 2702 616 2736 Barth.
633 2702 724 2738 Adv.
739 2703 798 2746 37,
819 2705 876 2739 22.

141 2755 210 2790 Ed.
229 2756 348 2792 Bentl.
372 2758 449 2802 (qui
469 2757 658 2803 explicat),
680 2770 779 2803 quem
799 2770 875 2804 seq.

142 2823 298 2858 anonym.
329 2814 431 2858 Traj.
460 2814 504 2848 ad
530 2815 645 2849 Rhen.
672 2815 755 2849 713.
787 2815 877 2849 Cun.

143 2867 226 2902 San.
255 2870 332 2916 (qni
359 2870 446 2914 def.)
478 2870 593 2905 Merv.
618 2871 746 2905 Franc.
770 2870 876 2906 Bask.

922 1182 1072 1228 Dorigh.
1107 1183 1202 1217 Sivr.
1233 1183 1375 1221 Wakef.
1402 1183 1552 1218 Haberf.
1590 1183 1664 1228 (qui

923 1239 1011 1283 def.)
1031 1245 1069 1274 et
1087 1240 1223 1275 Bodon.
1250 1252 1308 1286 ap.
1336 1240 1422 1282 Fe.;
1444 1246 1566 1274 eontra
1592 1241 1666 1274 dis-

923 1302 1050 1342 putant
1080 1298 1137 1332 Jo.
1162 1297 1343 1341 Clericus,
1365 1297 1498 1339 Gesn.,
1533 1298 1664 1340 Wetz.‚

923 1354 1018 1397 Fen,
1042 1354 1220 1398 Schmffi„
1242 1353 1417 1398 Orellius,
1446 1354 1505 1399 qui
1529 1353 1665 1387 Barthii

923 1409 1079 1444 codicem
1094 1437 1103 1454 ‚
1138 1411 1190 1444 uti
1223 1410 1483 1445 Sorbonensem
1516 1410 1664 1453 valan-ti,

923 1478 988 1512 pro
1012 1467 1146 1501 ficticia
1166 1472 1265 1502 recte
1291 1468 1412 1502 habet.
1434 1487 1483 1493 —
1505 1467 1560 1501 De
1578 1467 1666 1501 inci-

923 1523 1022 1557 sione
1044 1524 1236 1569 praesidio,
1270 1524 1330 1568 qui
1353 1525 1399 1558 cf.
1429 1535 1507 1558 ann.
1533 1524 1577 1558 ad
1609 1525 1663 1565 16,

921 1579 980 1614 75.
999 1599 1047 1605 -
1066 1580 1109 1613 V.
1126 1581 1184 1616 82.
1206 1581 1399 1615 Tchom'no.
1423 1580 1543 1615 Berol.
1561 1582 1594 1615 1.
1609 1599 1666 1607 —-

923 1642 957 1670 et
971 1636 1063 1680 quid.
1082 1637 1172 1672 Mss.
1188 1638 1323 1671 Bersm.
1339 1637 1421 1671 duo.
1438 1637 1492 1672 Ik.
1508 1636 1543 1672 5.
1559 1638 1663 1672 Gott.

925 1694 959 1726 2.
983 1693 1104 1727 Guelf.
1123 1695 1156 1729 2.
1174 1690 1210 1728 4.
1229 1694 1333 1728 Dess.
1348 1696 1382 1729 2.
1402 1693 1439 1729 3.
1458 1693 1554 1728 Mon.
1574 1693 1611 1728 b.
1631 1699 1666 1728 et

924 1749 983 1793 qm·
1000 1749 1053 1783 ιιι.
1068 1747 1104 1785 4.
1126 1751 1203 1784 cod.
1223 1743 1372 1786 Mentd.
1392 1762 1434 1785 en
1446 1750 1539 1795 qma.
1558 1750 1612 1784 ιιι.
1628 1752 1663 1785 6.

923 1805 1022 1839 Mon.
1056 1819 1089 1840 e.
1122 1806 1145 1841 Ι.
1174 1807 1310 1842 Victor.
1337 1806 1430 1845 Edd.
1454 1807 1554 1842 Flor.
1582 1804 1664 1842 482.

923 1862 1012 1897 Ven.
1020 1859 1103 1898 483.
1117 1865 1175 1900 86.
1191 1865 1250 1899 92.
1266 1864 1364 1910 Lips.
1376 1861 1458 1900 492.
1472 1865 1557 1898 haec
1571 1864 1663 1908 quid.

922 1918 1041 1953 Berol.
1060 1922 1093 1954 1.
1109 1919 1201 1954 Edd.
1218 1921 1309 1955 Ven.
1323 1918 1404 1956 479.
1419 1922 1477 1956 81.
1508 1933 1546 1955 ec
1560 1920 1665 1963 quid?

922 1975 984 2009 Sic
994 1976 1079 2011 dist.
1093 1976 1173 2010 edd.
1186 1978 1207 2011 J
1212 1983 1285 2011 unt.
1299 1975 1381 2012 514.
1397 1978 1452 2011 19.
1469 1975 1662 2011 Britannic.

921 2031 1003 2067 520.
1023 2034 1152 2067 Irenic.
1173 2034 1253 2069 567.
1274 2053 1322 2059 -—
1340 2035 1384 2067 V.
1401 2035 1442 2068 81
1462 2052 1510 2058 —-
1528 2031 1586 2066 85.
1602 2029 1664 2064 de-

922 2089 972 2122 let
988 2090 1152 2135 Guyetus
1166 2116 1176 2133 ‚
1197 2102 1232 2124 v·
1257 2087 1313 2125 84.
1337 2089 1513 2134 expressit
1531 2087 1662 2122 Malch.

921 2145 1051 2179 Ecbas.
1067 2147 1212 2192 Captiv.
1226 2147 1339 2189 1088„
1355 2157 1391 2178 v.
1402 2145 1459 2180 85.
1471 2144 1561 2177 idem
1573 2143 1661 2178 ibid·

922 2203 1023 2237 1086.
1058 2202 1151 2237 Nam
1170 2204 1335 2248 neglecta
1355 2206 1426 2235 etc.
1453 2200 1662 2233 Observan-

920 2258 1000 2291 dum
1014 2269 1154 2303 quoqne
1170 2263 1236 2300 est,
1252 2258 1511 2291 Berolinensem
1528 2258 1561 2291 2.
1578 2255 1663 2290 inde

921 2326 941 2347 a
961 2325 996 2347 v.
1018 2315 1074 2348 86.
1097 2315 1249 2348 deficere
1269 2320 1307 2347 et
1330 2313 1501 2358 reliquam
1524 2316 1662 2357 partem

920 2369 1160 2414 Epistularum
1183 2370 1322 2403 deesse.

978 2425 1020 2459 V.
1045 2427 1102 2460 86.
1138 2425 1239 2458 amici
1263 2430 1323 2458 est.
1351 2424 1420 2458 Ms.
1450 2423 1573 2462 Comb.
1601 2423 1659 2467 D„

921 2486 1044 2514 contra
1065 2481 1222 2525 disputat
1243 2479 1400 2514 Schmid.
1418 2499 1466 2504 —
1481 2479 1585 2514 Dulc-
1603 2480 1661 2515 in-

919 2549 998 2581 exp.
1022 2538 1170 2580 fultura
1199 2541 1270 2581 pot.
1304 2536 1414 2570 amici.
1456 2536 1526 2570 Ed.
1554 2537 1661 2572 Prae-

921 2591 990 2625 dic.
1008 2611 1057 2617 —
1085 2593 1128 2624 V.
1144 2593 1202 2626 87.
1224 2597 1369 2626 metuat.
1395 2591 1465 2627 Ms.
1484 2592 1549 2627 Fe.
1572 2595 1604 2636 1,
1625 2606 1658 2629 a.

921 2659 942 2682 a
962 2650 996 2681 1.
1016 2659 1058 2682 m.
1083 2653 1221 2681 metuet.
1242 2648 1332 2682 Mss.
1348 2647 1459 2682 Pulm.
1475 2650 1510 2684 7.
1527 2651 1584 2685 10.
1601 2651 1657 2688 11.

921 2704 1031 2740 Torr.
1048 2703 1130 2737 duo.
1146 2703 1281 2738 Ber-.
1301 2704 1381 2739 duo.
1398 2705 1477 2739 Val.
1493 2705 1658 2753 quinque.

922 2759 1047 2793 Oberl.
1066 2760 1108 2795 C.
1127 2759 1170 2798 D.
1192 2760 1257 2796 Fe.
1278 2762 1311 2803 1,
1331 2773 1364 2799 z.
1386 2763 1418 2805 2,
1437 2762 1470 2798 d.
1492 2763 1528 2807 (a
1547 2765 1580 2799 2.
1595 2764 1657 2807 m.)

922 2815 956 2858 5,
973 2827 1006 2850 a.
1028 2816 1068 2858 (a
1083 2817 1115 2851 1.
1133 2817 1195 2862 m.)
1215 2817 1242 2854 f.
1263 2818 1313 2851 lk.
1340 2819 1370 2852 1.
1396 2820 1430 2854 6.
1449 2819 1547 2853 Pott.
1567 2821 1602 2856 2.
1620 2821 1655 2855 3.

921 2873 954 2907 6.
975 2871 1029 2907 13.
1053 2874 1108 2912 16.
1128 2874 1184 2910 18.
1204 2875 1260 2912 21.
1292 2873 1405 2909 Orell.
1423 2875 1468 2910 E.
1486 2875 1605 2913 Berol.
1623 2878 1655 2912 1.
