1910 3138
287 146 375 193 186
425 147 704 189 ΟΟΜΜΕΝΤ.
724 148 783 188 lN
800 148 924 188 HOR.
947 146 1048 188 Lm.
1067 148 1101 189 Ι.
1148 147 1316 189 Ems'r.
1335 148 1494 191 TERT.
1514 148 1689 192 Dsscm.
1745 154 1800 196 26

285 276 335 317 ad
357 274 472 315 Attic.
501 273 543 324 9,
573 274 639 314 11.
670 275 708 311 et
737 272 850 312 Caes.
874 273 920 312 B.
951 273 1001 312 G.
1034 275 1076 325 7,
1104 275 1171 317 26.
1205 275 1256 313 ad
1283 287 1395 328 quem
1423 274 1547 315 locum
1571 275 1622 315 cf.
1647 274 1803 328 Herzog

285 348 325 384 et
352 344 510 395 Rupert.
540 341 588 379 ad
616 338 701 380 Liv.
730 339 780 393 9,
810 342 885 391 16,
915 342 955 384 3.

394 411 441 449 V.
475 410 540 450 19.
594 407 706 446 Vade
714 436 731 455 ,
769 408 858 447 vale
886 423 932 451 ex
960 409 1119 448 formula
1145 409 1355 461 discedenti
1389 408 1548 452 salutem
1575 411 1803 465 apprecandi

285 483 325 518 ut
353 478 455 530 apud
485 477 678 526 Graecos,
706 476 839 529 Eurip.
872 476 980 519 Med.
1006 476 1105 523 754.
1132 477 1284 532 χαίρων
1309 475 1498 532 πορεύου.
1535 478 1680 525 Phoen.
1706 479 1802 528 935.

284 545 448 598 Χαίρων
487 539 559 584 ἴθ’.
597 539 647 585 οὐ
687 542 764 598 γάρ
806 547 887 586 σῶν
925 560 972 598 με
1011 547 1076 587 δεῖ
1109 541 1414 599 μαντευμάτων,
1452 560 1548 598 quos
1576 548 1681 591 locos
1717 548 1803 589 coll.

280 613 413 652 Monk.
442 612 492 651 ad
521 613 650 664 Eurip.
679 612 833 665 Hippol.
867 611 976 656 1438
1006 613 1060 667 (p.
1090 615 1171 658 166
1199 616 1261 655 ed.
1284 614 1412 669 Lips.)
1445 615 1674 655 Schmidiuae
1699 630 1803 661 com-

279 681 438 733 paravit.
469 680 581 718 Conf.
606 678 777 719 Brisson.
801 681 849 719 de
875 681 1044 723 Formul.
1067 684 1119 732 8,
1147 682 1214 725 67.
1235 703 1283 711 -—
1307 696 1420 736 cave,
1451 697 1502 727 ne
1522 684 1663 726 titubes
1683 699 1803 727 man«.-

277 748 452 802 dataque
469 747 681 800 frangas,
709 749 733 786 i.
763 761 797 787 e.
827 753 929 790 tecta
955 750 1144 792 sententia
1170 762 1302 801 „cave
1325 764 1397 803 ne,
1425 753 1526 804 quod
1548 753 1674 795 asellis
1710 767 1804 796 onu-

276 818 346 856 stis
368 817 540 858 accidere
560 817 680 866 solet,
710 815 860 856 vacilles
871 814 910 871 *)
935 823 973 858 et
997 818 1175 858 librorum
1193 818 1331 862 thecas·
1341 818 1402 864 vel
1419 819 1610 865 involucra
1628 821 1802 865 laedas.“

274 886 339 926 Ne
368 886 459 936 quid
489 887 606 925 dicam
633 887 681 924 de
707 872 981 926 consuetudine
1013 887 1221 927 Horatiana
1257 888 1294 925 in
1330 887 1584 938 Epistularum
1612 890 1801 943 clausulis,

276 967 351 1007 qua
375 955 459 996 fieri
486 955 631 1005 potuit,
657 955 767 1005 nugis
797 956 873 994 suis
901 957 1074 996 festivum
1098 955 1263 995 addendi
1286 957 1459 1007 pondus,
1485 969 1584 999 neve
1607 958 1656 1002 de
1684 962 1801 1004 metu,

273 1036 322 1062 ne
350 1022 512 1062 nominis
543 1023 750 1074 δυσφημίαι
777 1027 914 1063 eventu
939 1023 1225 1076 comprobetur,
1254 1013 1298 1062 id
1324 1023 1428 1075 quod
1453 1022 1648 1075 Augusto,
1673 1024 1803 1069 talium

273 1104 400 1131 rerum
436 1091 584 1129 curioso
623 1088 800 1140 (Sueton.
829 1091 928 1143 Aug.
960 1091 1047 1144 92.)
1083 1092 1200 1132 risum
1234 1103 1387 1132 movere
1419 1091 1575 1142 debuit,
1607 1092 1710 1131 illam
1736 1104 1803 1133 ex-

272 1160 514 1214 plicationem
540 1158 711 1213 postulat
738 1160 860 1198 omnis
884 1159 1154 1199 sententiarum
1172 1158 1418 1214 ambiguitas,
1447 1160 1594 1213 flagitat
1614 1160 1802 1203 luculenta

269 1228 431 1267 nominis
471 1227 626 1264 Asinae
694 1228 956 1280 interpretatio
999 1241 1068 1279 per
1104 1231 1223 1267 totam
1258 1227 1339 1267 sere
1371 1227 1582 1281 Epistulam
1616 1227 1801 1280 aequabili

271 1296 434 1347 quadam
469 1295 703 1334 cavillatione
739 1296 878 1335 diffusa
914 1300 953 1334 et
984 1296 1074 1347 joco
1111 1295 1216 1335 hilari
1253 1297 1419 1335 condita.
1483 1295 1582 1334 Hinc
1615 1296 1797 1344 sarcinae,

271 1362 453 1414 clitellae,
481 1364 608 1413 ferus,
643 1365 702 1403 via
730 1378 799 1418 per
827 1365 967 1415 clivos,
996 1364 1168 1413 fiumina,
1198 1363 1339 1414 lamas,
1377 1377 1472 1407 onus
1496 1363 1655 1406 ferendo
1684 1365 1798 1407 sudor

270 1428 493 1483 expressus,
534 1431 723 1471 vacillatio
753 1436 792 1470 et
820 1445 947 1471 rerum
982 1435 1218 1482 portatarum
1254 1432 1385 1473 laesio.
1448 1431 1576 1470 Sensit
1602 1430 1675 1473 hoc
1701 1430 1799 1470 Por-

267 1495 450 1550 phyrion,
495 1511 610 1548 quum
637 1500 860 1552 explicaret:
898 1488 1111 1552 „mandata
1138 1512 1236 1540 nunc
1263 1500 1499 1554 participium
1527 1503 1587 1541 est
1600 1495 1684 1548 **),
1720 1511 1798 1539 non

267 1579 420 1606 nomen.
484 1567 673 1620 Frangas
710 1573 835 1608 autem
869 1568 987 1618 bene,
1024 1567 1133 1619 quasi
1169 1568 1290 1608 asina.
1351 1566 1406 1606 Ut
1438 1580 1575 1620 supra:
1616 1566 1797 1607 Clitellas

260 1632 378 1683 ferus
406 1636 661 1687 impingasf‘
725 1619 935 1682 Senserunt
959 1640 1111 1688 praeter
1137 1634 1288 1675 Rodell.
1319 1638 1358 1674 et
1386 1635 1422 1674 J.
1451 1635 1675 1677 Merkelinm
1700 1633 1797 1675 Bri-

239 1749 245 1756 ·
269 1704 482 1749 tannia-us,
523 1704 696 1742 Bothias
733 1707 783 1743 ad
812 1706 930 1744 Gesn.
945 1732 957 1755 ,
995 1705 1241 1755 Deeringius
1272 1704 1503 1755 (quanquam
1539 1703 1637 1743 male
1670 1702 1796 1741 addit:

264 1771 383 1821 „quia
410 1785 487 1809 non
516 1784 625 1820 rare,
664 1772 727 1822 qui
756 1773 940 1823 titubant,
968 1773 1087 1823 pedes
1115 1772 1290 1822 frangere
1322 1770 1516 1825 solent“),
1553 1770 1619 1809 Er.
1647 1768 1796 1808 Jacob-

267 1839 351 1876 Sius
380 1842 433 1890 (p.
469 1840 549 1880 173
566 1861 619 1867 —
637 1839 719 1889 74).
768 1840 888 1878 Miror
917 1842 1031 1893 igitur
1060 1839 1259 1879 Diintzeri
1290 1843 1330 1878 et
1357 1836 1659 1890 Dillenburgeri
1684 1838 1795 1890 (quos

273 1905 470 1944 Orellium
500 1907 539 1944 in
575 1906 674 1943 curis
710 1908 883 1945 secundis
915 1915 1085 1948 secutum
1113 1922 1199 1948 esse
1229 1921 1459 1962 magnopere
1487 1905 1617 1959 doleo)
1644 1905 1795 1944 nimiam

265 1974 327 2013 vel
362 1975 624 2014 morositatem
663 1974 721 2011 vel
759 1974 1004 2027 elegantiam,
1041 1991 1114 2029 qua
1151 1977 1346 2017 mandata
1367 1977 1561 2030 frangere
1586 1977 1629 2013 ut
1643 1973 1793 2024 fidem,

264 2040 396 2094 leges,
426 2042 573 2093 foedus
604 2042 780 2091 frangere
813 2042 886 2081 dici
923 2045 1136 2095 opinantur.
1198 2044 1259 2084 De
1299 2054 1428 2085 eorum
1456 2045 1570 2097 igitur
1606 2040 1793 2085 sententia

262 2109 335 2148 hoc
363 2109 481 2149 voluit
509 2110 652 2150 Poeta:
687 2123 817 2159 „ncaxe
854 2124 903 2150 ne
939 2112 977 2150 in
1006 2113 1204 2150 commissa
1237 2126 1279 2150 re
1311 2097 1507 2162 delinquas
1541 2113 1579 2152 et
1615 2109 1791 2148 mandata

261 2177 358 2216 male
387 2177 602 2228 exsequaris
615 2177 642 2200 ‘⁶
673 2177 758 2216 coll.
788 2178 910 2218 Plaut.
938 2179 1021 2218 Mil.
1049 2179 1099 2230 gl.
1129 2180 1170 2228 3,
1202 2181 1243 2229 3,
1272 2181 1343 2221 70.
1377 2180 1458 2218 Cic.
1486 2190 1543 2230 pr.
1568 2176 1696 2217 Flacc.
1722 2176 1789 2217 10.

263 2246 332 2284 Or.
362 2246 411 2296 3,
441 2245 508 2287 50.
550 2246 645 2295 Alii,
675 2250 715 2285 ut
749 2245 949 2298 Cruquizw
978 2250 1017 2284 et
1046 2246 1292 2285 Schmidius:
1323 2260 1452 2297 „cave
1477 2258 1526 2285 ne
1555 2257 1682 2284 coram
1710 2243 1791 2283 Διι-

373 2407 413 2453 *)
433 2407 630 2443 Βοάεῖλὰιεε
645 2433 668 2451 ,,
690 2418 777 2442 cave
796 2418 839 2441 ne
858 2406 950 2452 pede
970 2407 1090 2453 lapsus
1110 2408 1217 2443 cadas
1235 2411 1273 2442 et
1292 2419 1336 2442 ne
1358 2406 1502 2442 chartae
1520 2406 1587 2441 tibi
1607 2404 1788 2454 concredi-

261 2473 321 2500 tae
343 2465 461 2512 aliqua
482 2469 587 2511 parte
606 2463 806 2501 lacerentur
818 2465 840 2484 “
870 2466 909 2498 et
935 2462 970 2498 J.
999 2464 1154 2500 Merkel.-
1181 2491 1204 2508 ,‚
1217 2465 1297 2498 Geli
1317 2476 1405 2509 nun,
1438 2465 1509 2501 und
1527 2463 1704 2505 strauolzle
1721 2462 1789 2502 mit

261 2522 380 2568 nicht,
401 2522 473 2558 und
493 2520 655 2557 zerbrich
678 2522 795 2566 nicht,
815 2532 890 2556 was
909 2520 968 2556 ich
987 2521 1044 2557 dir
1062 2522 1237 2563 auflud;“
1269 2526 1376 2567 atque
1395 2522 1488 2556 haud
1507 2521 1580 2556 scio
1601 2532 1645 2555 an
1665 2519 1788 2555 eadem

263 2581 442 2614 sententia
462 2580 631 2615 Scheller:
661 2579 794 2624 ‚,Geh‚
818 2579 876 2615 leb
897 2578 1010 2623 wohl,
1038 2578 1109 2613 und
1128 2579 1306 2613 strauchle
1325 2579 1393 2614 mir
1413 2579 1513 2614 nicht
1533 2578 1606 2614 und
1623 2575 1787 2613 zerbrich

263 2636 326 2670 <las
345 2637 552 2670 Vertraute.
565 2636 589 2655 “

343 2687 406 2737 **)
426 2693 514 2727 Cum
531 2691 727 2738 Doert'ngt'o
745 2691 925 2737 intelligas
944 2691 1154 2737 „car-mina,
1166 2691 1189 2711 “
1209 2704 1278 2726 non
1299 2703 1387 2738 opus
1407 2694 1482 2733 est3
1502 2689 1676 2724 mandata
1693 2687 1786 2725 enim

264 2758 382 2792 „quae
401 2750 470 2783 tibi
494 2748 710 2785 mandavi.“
750 2750 855 2784 Conf.
886 2749 999 2785 Orell.
1027 2749 1073 2783 ad
1093 2748 1134 2785 A.
1155 2750 1197 2783 Ρ.
1220 2746 1299 2785 104.
1327 2749 1496 2783 Ceterum
1521 2746 1585 2787 Γν.
1607 2744 1786 2779 Ιασοόεἰω
1853 2752 1862 2762 ·
1902 2751 1906 2762 “

263 2804 319 2849 (p.
338 2802 437 2852 174.)
459 2805 670 2852 interpretis
691 2807 848 2845 Gothani
867 2806 1217 2853 interpretationem:
1237 2805 1608 2851 „carminnsrangao‚
1628 2811 1785 2839 corrum-

263 2871 348 2906 pas,
375 2860 580 2907 disperdas,
609 2863 867 2901 accommodate
895 2864 942 2901 ad
969 2863 1123 2904 titube⁸“
1143 2868 1212 2903 etc,
1240 2863 1319 2910 plus
1343 2871 1455 2907 aequo
1481 2858 1604 2895 limare
1626 2858 1782 2899 videtur»
