<?xml version="1.0" encoding="UTF-8"?>
<!DOCTYPE html PUBLIC "-//W3C//DTD XHTML 1.0 Transitional//EN"
    "http://www.w3.org/TR/xhtml1/DTD/xhtml1-transitional.dtd">
<html xmlns="http://www.w3.org/1999/xhtml" xml:lang="en" lang="en">
 <head>
  <title>
</title>
<meta http-equiv="Content-Type" content="text/html;charset=utf-8" />
  <meta name='ocr-system' content='tesseract 3.04.00' />
  <meta name='ocr-capabilities' content='ocr_page ocr_carea ocr_par ocr_line ocrx_word'/>
</head>
<body>
  <div class='ocr_page' id='page_1' title='image "./epistolascomment02horauoft_0247.png"; bbox 0 0 1910 3138; ppageno 0'>
   <div class='ocr_carea' id='block_1_1' title="bbox 427 907 1265 987">
    <p class='ocr_par' dir='ltr' id='par_1_1' title="bbox 427 907 1265 987">
     <span class='ocr_line' id='line_1_1' title="bbox 427 907 1265 987; baseline -0.007 0"><span class='ocrx_word' id='word_1_1' title='bbox 427 907 1265 987; x_wconf 76' lang='lat' dir='ltr'><strong>COMMENTARII</strong></span> 
     </span>
    </p>
   </div>
   <div class='ocr_carea' id='block_1_2' title="bbox 811 1083 877 1119">
    <p class='ocr_par' dir='ltr' id='par_1_2' title="bbox 811 1083 877 1119">
     <span class='ocr_line' id='line_1_2' title="bbox 811 1083 877 1119; baseline 0.015 -1"><span class='ocrx_word' id='word_1_2' title='bbox 811 1083 877 1119; x_wconf 86' lang='lat' dir='ltr'>IN</span> 
     </span>
    </p>
   </div>
   <div class='ocr_carea' id='block_1_3' title="bbox 85 1210 1611 1277">
    <p class='ocr_par' dir='ltr' id='par_1_3' title="bbox 85 1210 1611 1277">
     <span class='ocr_line' id='line_1_3' title="bbox 85 1210 1611 1277; baseline -0.005 -11"><span class='ocrx_word' id='word_1_3' title='bbox 85 1218 340 1268; x_wconf 77' lang='lat' dir='ltr'>11on</span> <span class='ocrx_word' id='word_1_4' title='bbox 361 1219 480 1268; x_wconf 73' lang='lat' dir='ltr'>Lm.</span> <span class='ocrx_word' id='word_1_5' title='bbox 502 1218 542 1265; x_wconf 88' lang='lat'>1.</span> <span class='ocrx_word' id='word_1_6' title='bbox 599 1215 956 1266; x_wconf 70' lang='lat' dir='ltr'>Ems&#39;ronffl</span> <span class='ocrx_word' id='word_1_7' title='bbox 982 1214 1267 1277; x_wconf 65' lang='lat' dir='ltr'>nummu</span> <span class='ocrx_word' id='word_1_8' title='bbox 1297 1210 1611 1263; x_wconf 70' lang='lat' dir='ltr'>onom.</span> 
     </span>
    </p>
   </div>
   <div class='ocr_carea' id='block_1_4' title="bbox 91 1531 1613 2953">
    <p class='ocr_par' dir='ltr' id='par_1_4' title="bbox 91 1531 1613 2953">
     <span class='ocr_line' id='line_1_4' title="bbox 91 1531 1609 1606; baseline -0.002 -14"><span class='ocrx_word' id='word_1_9' title='bbox 91 1531 223 1593; x_wconf 78' lang='lat' dir='ltr'>Haec</span> <span class='ocrx_word' id='word_1_10' title='bbox 251 1554 426 1606; x_wconf 83' lang='lat' dir='ltr'>Epistola</span> <span class='ocrx_word' id='word_1_11' title='bbox 451 1555 491 1592; x_wconf 90' lang='lat' dir='ltr'>in</span> <span class='ocrx_word' id='word_1_12' title='bbox 518 1568 674 1594; x_wconf 78' lang='lat' dir='ltr'>numero</span> <span class='ocrx_word' id='word_1_13' title='bbox 704 1556 935 1594; x_wconf 72' lang='lat' dir='ltr'>familiarium</span> <span class='ocrx_word' id='word_1_14' title='bbox 963 1556 1073 1606; x_wconf 79' lang='lat' dir='ltr'>quasi</span> <span class='ocrx_word' id='word_1_15' title='bbox 1100 1555 1228 1606; x_wconf 80' lang='lat' dir='ltr'>posita</span> <span class='ocrx_word' id='word_1_16' title='bbox 1255 1558 1295 1592; x_wconf 86' lang='lat' dir='ltr'>et</span> <span class='ocrx_word' id='word_1_17' title='bbox 1319 1551 1499 1604; x_wconf 71' lang='lat' dir='ltr'>ponenda</span> <span class='ocrx_word' id='word_1_18' title='bbox 1524 1554 1609 1589; x_wconf 71' lang='lat' dir='ltr'>tota</span> 
     </span>
     <span class='ocr_line' id='line_1_5' title="bbox 94 1620 1610 1674; baseline -0.003 -14"><span class='ocrx_word' id='word_1_19' title='bbox 94 1623 284 1661; x_wconf 81' lang='lat' dir='ltr'><strong>redundat</strong></span> <span class='ocrx_word' id='word_1_20' title='bbox 310 1622 496 1661; x_wconf 84' lang='lat' dir='ltr'>hilaritate</span> <span class='ocrx_word' id='word_1_21' title='bbox 526 1627 567 1661; x_wconf 82' lang='lat' dir='ltr'>et</span> <span class='ocrx_word' id='word_1_22' title='bbox 589 1624 691 1674; x_wconf 86' lang='lat' dir='ltr'>joco.</span> <span class='ocrx_word' id='word_1_23' title='bbox 747 1624 932 1662; x_wconf 85' lang='lat' dir='ltr'><strong>Horatius</strong></span> <span class='ocrx_word' id='word_1_24' title='bbox 970 1624 1070 1661; x_wconf 87' lang='lat' dir='ltr'>enim</span> <span class='ocrx_word' id='word_1_25' title='bbox 1105 1636 1219 1673; x_wconf 84' lang='lat' dir='ltr'>quum</span> <span class='ocrx_word' id='word_1_26' title='bbox 1254 1622 1369 1659; x_wconf 86' lang='lat' dir='ltr'>Baias</span> <span class='ocrx_word' id='word_1_27' title='bbox 1402 1620 1479 1669; x_wconf 83' lang='lat' dir='ltr'>ire,</span> <span class='ocrx_word' id='word_1_28' title='bbox 1515 1630 1610 1669; x_wconf 83' lang='lat' dir='ltr'>qua·</span> 
     </span>
     <span class='ocr_line' id='line_1_6' title="bbox 92 1689 1609 1742; baseline -0.002 -14"><span class='ocrx_word' id='word_1_29' title='bbox 92 1704 177 1728; x_wconf 85' lang='lat' dir='ltr'>rum</span> <span class='ocrx_word' id='word_1_30' title='bbox 203 1690 348 1728; x_wconf 79' lang='lat' dir='ltr'>balneis</span> <span class='ocrx_word' id='word_1_31' title='bbox 375 1690 429 1728; x_wconf 84' lang='lat' dir='ltr'>uti</span> <span class='ocrx_word' id='word_1_32' title='bbox 455 1691 589 1728; x_wconf 81' lang='lat' dir='ltr'>solitus</span> <span class='ocrx_word' id='word_1_33' title='bbox 615 1693 720 1741; x_wconf 76' lang='lat' dir='ltr'>erat,</span> <span class='ocrx_word' id='word_1_34' title='bbox 747 1705 818 1742; x_wconf 88' lang='lat' dir='ltr'>per</span> <span class='ocrx_word' id='word_1_35' title='bbox 844 1691 1067 1730; x_wconf 78' lang='lat' dir='ltr'>Antonium</span> <span class='ocrx_word' id='word_1_36' title='bbox 1095 1691 1289 1734; x_wconf 75' lang='lat' dir='ltr'>Musam,</span> <span class='ocrx_word' id='word_1_37' title='bbox 1315 1689 1501 1727; x_wconf 83' lang='lat' dir='ltr'>medicmn</span> <span class='ocrx_word' id='word_1_38' title='bbox 1527 1689 1609 1725; x_wconf 76' lang='lat' dir='ltr'>tun</span> 
     </span>
     <span class='ocr_line' id='line_1_7' title="bbox 94 1757 1611 1808; baseline -0.001 -13"><span class='ocrx_word' id='word_1_39' title='bbox 94 1757 405 1808; x_wconf 71' lang='lat' dir='ltr'>gratiosissimum</span> <span class='ocrx_word' id='word_1_40' title='bbox 432 1760 471 1794; x_wconf 85' lang='lat' dir='ltr'>et</span> <span class='ocrx_word' id='word_1_41' title='bbox 497 1758 717 1796; x_wconf 81' lang='lat' dir='ltr'>acerrimum</span> <span class='ocrx_word' id='word_1_42' title='bbox 743 1770 924 1808; x_wconf 75' lang='lat' dir='ltr'>aquarum</span> <span class='ocrx_word' id='word_1_43' title='bbox 943 1758 1163 1808; x_wconf 80' lang='lat' dir='ltr'>frigidarum</span> <span class='ocrx_word' id='word_1_44' title='bbox 1186 1770 1402 1806; x_wconf 75' lang='lat' dir='ltr'>suasorem,</span> <span class='ocrx_word' id='word_1_45' title='bbox 1426 1758 1505 1808; x_wconf 85' lang='lat' dir='ltr'>jam</span> <span class='ocrx_word' id='word_1_46' title='bbox 1532 1767 1611 1794; x_wconf 88' lang='lat' dir='ltr'>non</span> 
     </span>
     <span class='ocr_line' id='line_1_8' title="bbox 95 1823 1611 1874; baseline -0.001 -11"><span class='ocrx_word' id='word_1_47' title='bbox 95 1825 249 1874; x_wconf 80' lang='lat' dir='ltr'>liceret,</span> <span class='ocrx_word' id='word_1_48' title='bbox 286 1837 357 1874; x_wconf 77' lang='lat' dir='ltr'>per</span> <span class='ocrx_word' id='word_1_49' title='bbox 382 1823 541 1863; x_wconf 80' lang='lat' dir='ltr'>hiemem</span> <span class='ocrx_word' id='word_1_50' title='bbox 567 1824 654 1863; x_wconf 87' lang='lat' dir='ltr'>loca</span> <span class='ocrx_word' id='word_1_51' title='bbox 684 1826 867 1864; x_wconf 67' lang='lat' dir='ltr'>marium</span> <span class='ocrx_word' id='word_1_52' title='bbox 891 1825 1038 1864; x_wconf 80' lang='lat' dir='ltr'>Veliam</span> <span class='ocrx_word' id='word_1_53' title='bbox 1070 1825 1131 1865; x_wconf 85' lang='lat' dir='ltr'>vel</span> <span class='ocrx_word' id='word_1_54' title='bbox 1158 1824 1358 1864; x_wconf 80' lang='lat' dir='ltr'>Salernum</span> <span class='ocrx_word' id='word_1_55' title='bbox 1383 1826 1440 1863; x_wconf 87' lang='lat' dir='ltr'>ire</span> <span class='ocrx_word' id='word_1_56' title='bbox 1466 1823 1611 1862; x_wconf 79' lang='lat' dir='ltr'>consfi-</span> 
     </span>
     <span class='ocr_line' id='line_1_9' title="bbox 95 1891 1612 1943; baseline 0 -12"><span class='ocrx_word' id='word_1_57' title='bbox 95 1892 191 1942; x_wconf 81' lang='lat' dir='ltr'>tuit,</span> <span class='ocrx_word' id='word_1_58' title='bbox 228 1891 277 1929; x_wconf 89' lang='lat' dir='ltr'>ob</span> <span class='ocrx_word' id='word_1_59' title='bbox 303 1904 462 1943; x_wconf 84' lang='lat' dir='ltr'>eamque</span> <span class='ocrx_word' id='word_1_60' title='bbox 490 1905 641 1931; x_wconf 83' lang='lat' dir='ltr'>causam</span> <span class='ocrx_word' id='word_1_61' title='bbox 667 1894 898 1932; x_wconf 80' lang='lat' dir='ltr'>Numenium</span> <span class='ocrx_word' id='word_1_62' title='bbox 924 1894 1057 1932; x_wconf 83' lang='lat' dir='ltr'>Valam</span> <span class='ocrx_word' id='word_1_63' title='bbox 1084 1894 1124 1932; x_wconf 89' lang='lat' dir='ltr'>in</span> <span class='ocrx_word' id='word_1_64' title='bbox 1155 1893 1340 1932; x_wconf 79' lang='lat' dir='ltr'>alterutra</span> <span class='ocrx_word' id='word_1_65' title='bbox 1371 1892 1519 1931; x_wconf 86' lang='lat' dir='ltr'>illarum</span> <span class='ocrx_word' id='word_1_66' title='bbox 1544 1903 1612 1931; x_wconf 85' lang='lat' dir='ltr'>ur·</span> 
     </span>
     <span class='ocr_line' id='line_1_10' title="bbox 96 1958 1612 2012; baseline -0.001 -13"><span class='ocrx_word' id='word_1_67' title='bbox 96 1961 201 1999; x_wconf 87' lang='lat' dir='ltr'>bium</span> <span class='ocrx_word' id='word_1_68' title='bbox 223 1963 289 1997; x_wconf 81' lang='lat' dir='ltr'>aut</span> <span class='ocrx_word' id='word_1_69' title='bbox 311 1963 392 1997; x_wconf 89' lang='lat' dir='ltr'>tum</span> <span class='ocrx_word' id='word_1_70' title='bbox 419 1965 710 1999; x_wconf 83' lang='lat' dir='ltr'>commorantem</span> <span class='ocrx_word' id='word_1_71' title='bbox 732 1966 799 2000; x_wconf 81' lang='lat' dir='ltr'>aut</span> <span class='ocrx_word' id='word_1_72' title='bbox 818 1963 858 1999; x_wconf 88' lang='lat' dir='ltr'>in</span> <span class='ocrx_word' id='word_1_73' title='bbox 884 1961 949 1999; x_wconf 90' lang='lat' dir='ltr'>illo</span> <span class='ocrx_word' id='word_1_74' title='bbox 974 1965 1103 1999; x_wconf 78' lang='lat' dir='ltr'>tractu</span> <span class='ocrx_word' id='word_1_75' title='bbox 1124 1960 1248 1999; x_wconf 83' lang='lat' dir='ltr'>villam</span> <span class='ocrx_word' id='word_1_76' title='bbox 1274 1962 1535 2012; x_wconf 72' lang='lat' dir='ltr'>possidentem</span> <span class='ocrx_word' id='word_1_77' title='bbox 1561 1958 1612 1997; x_wconf 83' lang='lat' dir='ltr'>de</span> 
     </span>
     <span class='ocr_line' id='line_1_11' title="bbox 97 2025 1611 2079; baseline -0.002 -13"><span class='ocrx_word' id='word_1_78' title='bbox 97 2032 231 2066; x_wconf 74' lang='lat' dir='ltr'>natm</span> <span class='ocrx_word' id='word_1_79' title='bbox 253 2026 351 2065; x_wconf 85' lang='lat' dir='ltr'>illius</span> <span class='ocrx_word' id='word_1_80' title='bbox 377 2027 542 2077; x_wconf 81' lang='lat' dir='ltr'>regionis</span> <span class='ocrx_word' id='word_1_81' title='bbox 568 2033 824 2079; x_wconf 83' lang='lat' dir='ltr'>percontatur.</span> <span class='ocrx_word' id='word_1_82' title='bbox 880 2028 1015 2079; x_wconf 79' lang='lat' dir='ltr'>Itaque</span> <span class='ocrx_word' id='word_1_83' title='bbox 1042 2041 1128 2068; x_wconf 86' lang='lat' dir='ltr'>eum</span> <span class='ocrx_word' id='word_1_84' title='bbox 1154 2030 1239 2067; x_wconf 86' lang='lat' dir='ltr'>uon</span> <span class='ocrx_word' id='word_1_85' title='bbox 1259 2028 1341 2066; x_wconf 87' lang='lat' dir='ltr'>sine</span> <span class='ocrx_word' id='word_1_86' title='bbox 1369 2028 1533 2078; x_wconf 86' lang='lat' dir='ltr'>quadam</span> <span class='ocrx_word' id='word_1_87' title='bbox 1554 2025 1611 2063; x_wconf 80' lang='lat' dir='ltr'>fe·</span> 
     </span>
     <span class='ocr_line' id='line_1_12' title="bbox 92 2092 1611 2149; baseline -0.003 -14"><span class='ocrx_word' id='word_1_88' title='bbox 92 2096 197 2149; x_wconf 73' lang='lat' dir='ltr'>stiva</span> <span class='ocrx_word' id='word_1_89' title='bbox 224 2095 519 2134; x_wconf 81' lang='lat' dir='ltr'>dissimulatione</span> <span class='ocrx_word' id='word_1_90' title='bbox 545 2096 776 2146; x_wconf 70' lang='lat' dir='ltr'>interrogat,</span> <span class='ocrx_word' id='word_1_91' title='bbox 806 2108 903 2147; x_wconf 75' lang='lat' dir='ltr'>quae</span> <span class='ocrx_word' id='word_1_92' title='bbox 932 2095 1089 2135; x_wconf 80' lang='lat' dir='ltr'>hiberno</span> <span class='ocrx_word' id='word_1_93' title='bbox 1116 2100 1290 2147; x_wconf 84' lang='lat' dir='ltr'>tempore</span> <span class='ocrx_word' id='word_1_94' title='bbox 1316 2095 1415 2133; x_wconf 84' lang='lat' dir='ltr'>illius</span> <span class='ocrx_word' id='word_1_95' title='bbox 1442 2092 1611 2143; x_wconf 82' lang='lat' dir='ltr'>regionis</span> 
     </span>
     <span class='ocr_line' id='line_1_13' title="bbox 99 2159 1611 2214; baseline -0.003 -12"><span class='ocrx_word' id='word_1_96' title='bbox 99 2164 289 2214; x_wconf 85' lang='lat' dir='ltr'>conditio,</span> <span class='ocrx_word' id='word_1_97' title='bbox 328 2163 431 2214; x_wconf 89' lang='lat' dir='ltr'>quod</span> <span class='ocrx_word' id='word_1_98' title='bbox 467 2162 518 2200; x_wconf 87' lang='lat' dir='ltr'>ibi</span> <span class='ocrx_word' id='word_1_99' title='bbox 543 2162 736 2202; x_wconf 83' lang='lat' dir='ltr'>hominum</span> <span class='ocrx_word' id='word_1_100' title='bbox 763 2176 884 2213; x_wconf 87' lang='lat' dir='ltr'>genus</span> <span class='ocrx_word' id='word_1_101' title='bbox 914 2164 987 2214; x_wconf 80' lang='lat' dir='ltr'>sit,</span> <span class='ocrx_word' id='word_1_102' title='bbox 1022 2176 1122 2214; x_wconf 80' lang='lat' dir='ltr'>quae</span> <span class='ocrx_word' id='word_1_103' title='bbox 1147 2163 1209 2201; x_wconf 84' lang='lat' dir='ltr'>via</span> <span class='ocrx_word' id='word_1_104' title='bbox 1236 2177 1283 2202; x_wconf 86' lang='lat' dir='ltr'>eo</span> <span class='ocrx_word' id='word_1_105' title='bbox 1307 2163 1439 2211; x_wconf 80' lang='lat' dir='ltr'>ducat,</span> <span class='ocrx_word' id='word_1_106' title='bbox 1475 2159 1611 2198; x_wconf 81' lang='lat' dir='ltr'>illaene</span> 
     </span>
     <span class='ocr_line' id='line_1_14' title="bbox 100 2227 1612 2281; baseline -0.005 -11"><span class='ocrx_word' id='word_1_107' title='bbox 100 2231 211 2270; x_wconf 85' lang='lat' dir='ltr'>urbes</span> <span class='ocrx_word' id='word_1_108' title='bbox 242 2243 368 2269; x_wconf 86' lang='lat' dir='ltr'>rerum</span> <span class='ocrx_word' id='word_1_109' title='bbox 402 2230 454 2268; x_wconf 83' lang='lat' dir='ltr'>ad</span> <span class='ocrx_word' id='word_1_110' title='bbox 484 2230 584 2268; x_wconf 79' lang='lat' dir='ltr'>vitae</span> <span class='ocrx_word' id='word_1_111' title='bbox 617 2231 903 2271; x_wconf 63' lang='lat' dir='ltr'>commoditates</span> <span class='ocrx_word' id='word_1_112' title='bbox 930 2231 1233 2270; x_wconf 82' lang='lat' dir='ltr'>necessariarum</span> <span class='ocrx_word' id='word_1_113' title='bbox 1264 2230 1375 2281; x_wconf 81' lang='lat' dir='ltr'>copia</span> <span class='ocrx_word' id='word_1_114' title='bbox 1407 2227 1612 2278; x_wconf 79' lang='lat' dir='ltr'>gaudeant,</span> 
     </span>
     <span class='ocr_line' id='line_1_15' title="bbox 102 2293 1612 2349; baseline -0.003 -13"><span class='ocrx_word' id='word_1_115' title='bbox 102 2302 187 2336; x_wconf 79' lang='lat' dir='ltr'>utra</span> <span class='ocrx_word' id='word_1_116' title='bbox 217 2311 344 2336; x_wconf 88' lang='lat' dir='ltr'>earum</span> <span class='ocrx_word' id='word_1_117' title='bbox 370 2296 457 2349; x_wconf 85' lang='lat' dir='ltr'>plus</span> <span class='ocrx_word' id='word_1_118' title='bbox 484 2298 661 2336; x_wconf 78' lang='lat' dir='ltr'>frumenti</span> <span class='ocrx_word' id='word_1_119' title='bbox 687 2298 845 2348; x_wconf 64' lang='lat' dir='ltr'>habent,</span> <span class='ocrx_word' id='word_1_120' title='bbox 884 2298 1006 2349; x_wconf 84' lang='lat' dir='ltr'>qualis</span> <span class='ocrx_word' id='word_1_121' title='bbox 1041 2297 1095 2335; x_wconf 90' lang='lat' dir='ltr'>ibi</span> <span class='ocrx_word' id='word_1_122' title='bbox 1121 2310 1220 2348; x_wconf 82' lang='lat' dir='ltr'>aqua</span> <span class='ocrx_word' id='word_1_123' title='bbox 1251 2296 1487 2347; x_wconf 83' lang='lat' dir='ltr'>reperiatur,</span> <span class='ocrx_word' id='word_1_124' title='bbox 1524 2293 1612 2332; x_wconf 76' lang='lat' dir='ltr'>vim</span> 
     </span>
     <span class='ocr_line' id='line_1_16' title="bbox 104 2364 1612 2416; baseline -0.003 -14"><span class='ocrx_word' id='word_1_125' title='bbox 104 2365 202 2402; x_wconf 80' lang='lat' dir='ltr'>enim</span> <span class='ocrx_word' id='word_1_126' title='bbox 226 2364 324 2402; x_wconf 86' lang='lat' dir='ltr'>illius</span> <span class='ocrx_word' id='word_1_127' title='bbox 353 2378 443 2404; x_wconf 86' lang='lat' dir='ltr'>orae</span> <span class='ocrx_word' id='word_1_128' title='bbox 471 2378 514 2404; x_wconf 86' lang='lat' dir='ltr'>se</span> <span class='ocrx_word' id='word_1_129' title='bbox 543 2379 621 2404; x_wconf 82' lang='lat' dir='ltr'>non</span> <span class='ocrx_word' id='word_1_130' title='bbox 648 2379 800 2416; x_wconf 85' lang='lat' dir='ltr'>curare,</span> <span class='ocrx_word' id='word_1_131' title='bbox 829 2371 915 2404; x_wconf 88' lang='lat' dir='ltr'>uter</span> <span class='ocrx_word' id='word_1_132' title='bbox 945 2369 1091 2403; x_wconf 84' lang='lat' dir='ltr'>tractus</span> <span class='ocrx_word' id='word_1_133' title='bbox 1118 2364 1246 2415; x_wconf 87' lang='lat' dir='ltr'>plures</span> <span class='ocrx_word' id='word_1_134' title='bbox 1274 2364 1446 2414; x_wconf 77' lang='lat' dir='ltr'>lepores,</span> <span class='ocrx_word' id='word_1_135' title='bbox 1481 2372 1612 2411; x_wconf 83' lang='lat' dir='ltr'>apros,</span> 
     </span>
     <span class='ocr_line' id='line_1_17' title="bbox 104 2426 1613 2480; baseline -0.002 -13"><span class='ocrx_word' id='word_1_136' title='bbox 104 2431 228 2480; x_wconf 81' lang='lat' dir='ltr'>pisces</span> <span class='ocrx_word' id='word_1_137' title='bbox 260 2429 348 2468; x_wconf 83' lang='lat' dir='ltr'>alat.</span> <span class='ocrx_word' id='word_1_138' title='bbox 419 2432 524 2471; x_wconf 85' lang='lat' dir='ltr'>Haec</span> <span class='ocrx_word' id='word_1_139' title='bbox 553 2437 592 2470; x_wconf 89' lang='lat' dir='ltr'>et</span> <span class='ocrx_word' id='word_1_140' title='bbox 624 2433 714 2470; x_wconf 83' lang='lat' dir='ltr'>talia</span> <span class='ocrx_word' id='word_1_141' title='bbox 740 2432 923 2470; x_wconf 81' lang='lat' dir='ltr'>Horatius</span> <span class='ocrx_word' id='word_1_142' title='bbox 951 2444 1028 2469; x_wconf 94' lang='lat' dir='ltr'>non</span> <span class='ocrx_word' id='word_1_143' title='bbox 1057 2435 1134 2468; x_wconf 78' lang='lat' dir='ltr'>tam</span> <span class='ocrx_word' id='word_1_144' title='bbox 1162 2430 1333 2468; x_wconf 83' lang='lat' dir='ltr'>sanitatis</span> <span class='ocrx_word' id='word_1_145' title='bbox 1366 2439 1479 2478; x_wconf 88' lang='lat' dir='ltr'>quam</span> <span class='ocrx_word' id='word_1_146' title='bbox 1506 2426 1613 2465; x_wconf 86' lang='lat' dir='ltr'>volu-</span> 
     </span>
     <span class='ocr_line' id='line_1_18' title="bbox 105 2495 1612 2549; baseline -0.001 -15"><span class='ocrx_word' id='word_1_147' title='bbox 105 2497 220 2548; x_wconf 79' lang='lat' dir='ltr'>ptatis</span> <span class='ocrx_word' id='word_1_148' title='bbox 240 2509 353 2534; x_wconf 84' lang='lat' dir='ltr'>causa</span> <span class='ocrx_word' id='word_1_149' title='bbox 374 2510 602 2547; x_wconf 85' lang='lat' dir='ltr'>cognoscere</span> <span class='ocrx_word' id='word_1_150' title='bbox 630 2502 732 2549; x_wconf 72' lang='lat' dir='ltr'>avet,</span> <span class='ocrx_word' id='word_1_151' title='bbox 760 2504 803 2539; x_wconf 90' lang='lat' dir='ltr'>ut</span> <span class='ocrx_word' id='word_1_152' title='bbox 829 2499 930 2538; x_wconf 86' lang='lat' dir='ltr'>laute</span> <span class='ocrx_word' id='word_1_153' title='bbox 955 2499 1081 2535; x_wconf 87' lang='lat' dir='ltr'>vivere</span> <span class='ocrx_word' id='word_1_154' title='bbox 1109 2499 1149 2534; x_wconf 88' lang='lat' dir='ltr'>et</span> <span class='ocrx_word' id='word_1_155' title='bbox 1166 2496 1318 2547; x_wconf 80' lang='lat' dir='ltr'>pinguis</span> <span class='ocrx_word' id='word_1_156' title='bbox 1345 2495 1437 2533; x_wconf 87' lang='lat' dir='ltr'>inde</span> <span class='ocrx_word' id='word_1_157' title='bbox 1464 2495 1612 2534; x_wconf 84' lang='lat' dir='ltr'>dommn</span> 
     </span>
     <span class='ocr_line' id='line_1_19' title="bbox 106 2561 1612 2615; baseline 0.001 -14"><span class='ocrx_word' id='word_1_158' title='bbox 106 2563 228 2601; x_wconf 85' lang='lat' dir='ltr'>redire</span> <span class='ocrx_word' id='word_1_159' title='bbox 262 2563 396 2612; x_wconf 87' lang='lat' dir='ltr'>possit.</span> <span class='ocrx_word' id='word_1_160' title='bbox 459 2565 551 2603; x_wconf 87' lang='lat' dir='ltr'>Ideo</span> <span class='ocrx_word' id='word_1_161' title='bbox 585 2566 773 2604; x_wconf 85' lang='lat' dir='ltr'>hominum</span> <span class='ocrx_word' id='word_1_162' title='bbox 806 2565 1121 2615; x_wconf 83' lang='lat' dir='ltr'>voluptariorum‚</span> <span class='ocrx_word' id='word_1_163' title='bbox 1157 2562 1337 2613; x_wconf 81' lang='lat' dir='ltr'>imprimis</span> <span class='ocrx_word' id='word_1_164' title='bbox 1369 2561 1531 2612; x_wconf 78' lang='lat' dir='ltr'>Maeuii,</span> <span class='ocrx_word' id='word_1_165' title='bbox 1566 2575 1612 2602; x_wconf 75' lang='lat' dir='ltr'>se</span> 
     </span>
     <span class='ocr_line' id='line_1_20' title="bbox 108 2628 1612 2680; baseline 0 -12"><span class='ocrx_word' id='word_1_166' title='bbox 108 2629 316 2680; x_wconf 84' lang='lat' dir='ltr'>exemplum</span> <span class='ocrx_word' id='word_1_167' title='bbox 343 2630 449 2679; x_wconf 86' lang='lat' dir='ltr'>sequi</span> <span class='ocrx_word' id='word_1_168' title='bbox 474 2631 685 2680; x_wconf 87' lang='lat' dir='ltr'>profitetur.</span> <span class='ocrx_word' id='word_1_169' title='bbox 742 2631 795 2670; x_wconf 91' lang='lat' dir='ltr'>Ut</span> <span class='ocrx_word' id='word_1_170' title='bbox 822 2631 885 2668; x_wconf 87' lang='lat' dir='ltr'>ille</span> <span class='ocrx_word' id='word_1_171' title='bbox 911 2632 951 2668; x_wconf 90' lang='lat' dir='ltr'>in</span> <span class='ocrx_word' id='word_1_172' title='bbox 979 2642 1103 2667; x_wconf 88' lang='lat' dir='ltr'>rerum</span> <span class='ocrx_word' id='word_1_173' title='bbox 1136 2628 1364 2667; x_wconf 75' lang='lat' dir='ltr'>abundantia</span> <span class='ocrx_word' id='word_1_174' title='bbox 1397 2633 1520 2668; x_wconf 66' lang='lat' dir='ltr'>cutm</span> <span class='ocrx_word' id='word_1_175' title='bbox 1546 2641 1612 2668; x_wconf 76' lang='lat' dir='ltr'>cn-</span> 
     </span>
     <span class='ocr_line' id='line_1_21' title="bbox 107 2695 1612 2751; baseline 0.002 -17"><span class='ocrx_word' id='word_1_176' title='bbox 107 2697 267 2746; x_wconf 84' lang='lat' dir='ltr'>raverit‚</span> <span class='ocrx_word' id='word_1_177' title='bbox 303 2695 343 2732; x_wconf 89' lang='lat' dir='ltr'>in</span> <span class='ocrx_word' id='word_1_178' title='bbox 367 2696 525 2746; x_wconf 88' lang='lat' dir='ltr'>penuria</span> <span class='ocrx_word' id='word_1_179' title='bbox 552 2697 695 2736; x_wconf 83' lang='lat' dir='ltr'>duriter</span> <span class='ocrx_word' id='word_1_180' title='bbox 716 2697 870 2746; x_wconf 85' lang='lat' dir='ltr'>vixerit,</span> <span class='ocrx_word' id='word_1_181' title='bbox 906 2696 962 2733; x_wconf 86' lang='lat' dir='ltr'>sic</span> <span class='ocrx_word' id='word_1_182' title='bbox 987 2709 1029 2734; x_wconf 89' lang='lat' dir='ltr'>se</span> <span class='ocrx_word' id='word_1_183' title='bbox 1062 2708 1211 2748; x_wconf 87' lang='lat' dir='ltr'>quoque</span> <span class='ocrx_word' id='word_1_184' title='bbox 1234 2695 1334 2738; x_wconf 85' lang='lat' dir='ltr'>domi</span> <span class='ocrx_word' id='word_1_185' title='bbox 1360 2697 1490 2751; x_wconf 84' lang='lat' dir='ltr'>paneis</span> <span class='ocrx_word' id='word_1_186' title='bbox 1520 2711 1612 2742; x_wconf 76' lang='lat' dir='ltr'>con—</span> 
     </span>
     <span class='ocr_line' id='line_1_22' title="bbox 110 2762 1609 2818; baseline 0.001 -16"><span class='ocrx_word' id='word_1_187' title='bbox 110 2768 255 2802; x_wconf 84' lang='lat' dir='ltr'>tentum</span> <span class='ocrx_word' id='word_1_188' title='bbox 280 2775 366 2801; x_wconf 88' lang='lat' dir='ltr'>esse</span> <span class='ocrx_word' id='word_1_189' title='bbox 392 2774 528 2814; x_wconf 84' lang='lat' dir='ltr'>posse,</span> <span class='ocrx_word' id='word_1_190' title='bbox 558 2766 600 2800; x_wconf 88' lang='lat' dir='ltr'>at</span> <span class='ocrx_word' id='word_1_191' title='bbox 625 2762 689 2802; x_wconf 85' lang='lat' dir='ltr'>nbi</span> <span class='ocrx_word' id='word_1_192' title='bbox 714 2764 806 2802; x_wconf 81' lang='lat' dir='ltr'>foris</span> <span class='ocrx_word' id='word_1_193' title='bbox 833 2763 1016 2801; x_wconf 85' lang='lat' dir='ltr'>bonarum</span> <span class='ocrx_word' id='word_1_194' title='bbox 1033 2775 1157 2805; x_wconf 84' lang='lat' dir='ltr'>rerum</span> <span class='ocrx_word' id='word_1_195' title='bbox 1175 2764 1286 2818; x_wconf 82' lang='lat' dir='ltr'>copia</span> <span class='ocrx_word' id='word_1_196' title='bbox 1311 2763 1384 2807; x_wconf 84' lang='lat' dir='ltr'>sibi</span> <span class='ocrx_word' id='word_1_197' title='bbox 1410 2765 1609 2818; x_wconf 75' lang='lat' dir='ltr'>affluxerit,</span> 
     </span>
     <span class='ocr_line' id='line_1_23' title="bbox 112 2829 1610 2885; baseline 0.006 -17"><span class='ocrx_word' id='word_1_198' title='bbox 112 2842 237 2868; x_wconf 74' lang='lat' dir='ltr'>eurum</span> <span class='ocrx_word' id='word_1_199' title='bbox 272 2842 315 2868; x_wconf 88' lang='lat' dir='ltr'>se</span> <span class='ocrx_word' id='word_1_200' title='bbox 351 2829 500 2867; x_wconf 88' lang='lat' dir='ltr'>minime</span> <span class='ocrx_word' id='word_1_201' title='bbox 535 2842 709 2869; x_wconf 82' lang='lat' dir='ltr'>recusare</span> <span class='ocrx_word' id='word_1_202' title='bbox 742 2844 850 2869; x_wconf 80' lang='lat' dir='ltr'>usum</span> <span class='ocrx_word' id='word_1_203' title='bbox 885 2843 931 2868; x_wconf 87' lang='lat' dir='ltr'>ac</span> <span class='ocrx_word' id='word_1_204' title='bbox 963 2830 1091 2881; x_wconf 79' lang='lat' dir='ltr'>potius</span> <span class='ocrx_word' id='word_1_205' title='bbox 1130 2830 1262 2873; x_wconf 71' lang='lat' dir='ltr'>beatos</span> <span class='ocrx_word' id='word_1_206' title='bbox 1286 2832 1507 2885; x_wconf 70' lang='lat' dir='ltr'>praedicare</span> <span class='ocrx_word' id='word_1_207' title='bbox 1542 2847 1610 2875; x_wconf 78' lang='lat' dir='ltr'>eos</span> 
     </span>
     <span class='ocr_line' id='line_1_24' title="bbox 113 2895 1609 2953; baseline 0.006 -19"><span class='ocrx_word' id='word_1_208' title='bbox 113 2896 295 2946; x_wconf 77' lang='lat' dir='ltr'>affirmat,</span> <span class='ocrx_word' id='word_1_209' title='bbox 329 2895 464 2947; x_wconf 86' lang='lat' dir='ltr'>quibus</span> <span class='ocrx_word' id='word_1_210' title='bbox 495 2908 564 2946; x_wconf 81' lang='lat' dir='ltr'>per</span> <span class='ocrx_word' id='word_1_211' title='bbox 592 2896 821 2947; x_wconf 73' lang='lat' dir='ltr'>opulentiam</span> <span class='ocrx_word' id='word_1_212' title='bbox 847 2897 990 2936; x_wconf 75' lang='lat' dir='ltr'>deliciis</span> <span class='ocrx_word' id='word_1_213' title='bbox 1016 2897 1091 2938; x_wconf 75' lang='lat' dir='ltr'>iuis</span> <span class='ocrx_word' id='word_1_214' title='bbox 1118 2911 1267 2953; x_wconf 70' lang='lat' dir='ltr'>smper</span> <span class='ocrx_word' id='word_1_215' title='bbox 1292 2900 1364 2940; x_wconf 80' lang='lat' dir='ltr'>frui</span> <span class='ocrx_word' id='word_1_216' title='bbox 1393 2901 1523 2942; x_wconf 68' lang='lat' dir='ltr'>dat-n</span> <span class='ocrx_word' id='word_1_217' title='bbox 1548 2903 1609 2944; x_wconf 70' lang='lat' dir='ltr'>sit.</span> 
     </span>
    </p>
   </div>
  </div>
 </body>
</html>
