1910 3138
221 206 305 249 516
360 209 719 249 COMMENT.1N
738 198 1620 252 HoR.L113.1.EPIST.UNDEV10E81M.
1677 213 1758 255 168

219 323 302 361 Fea
341 324 390 361 ad
420 336 456 363 v.
491 323 557 365 25.
603 323 718 362 Ovid.
755 337 799 362 ex
836 324 948 364 Pont.
978 322 1020 373 4,
1062 325 1130 373 16,
1161 326 1246 366 28..
1268 325 1316 364 de
1353 326 1473 364 Rufo:
1513 325 1759 364 Pindarieae

208 392 365 440 fidicen
384 413 439 422 —
463 390 599 442 lyrae,
627 392 674 429 de
695 391 858 430 Horatio
883 392 966 442 ipso
989 392 1089 429 conf.
1119 391 1155 429 T
1158 394 1239 431 rist.
1264 392 1306 443 4,
1329 393 1396 443 10,
1415 392 1471 435 49
1489 406 1575 444 sqq.
1621 393 1755 432 Sidon.

219 459 427 510 Apollinar.
458 460 558 511 Epp.
591 461 632 509 8,
665 460 730 500 11.
774 460 868 497 Aut
895 474 973 511 quo
1001 459 1141 512 (stylo)
1171 468 1214 499 tu
1238 462 1407 499 Latium
1437 459 1553 507 beas,
1589 462 1756 507 Horati,

218 527 373 564 Alcaeo
400 527 539 564 melior
567 527 722 579 lyristes
749 529 847 579 ipso.
894 529 1063 567 Alteram
1086 541 1244 581 eamque
1266 530 1400 568 falsam
1424 529 1649 581 scripturam
1666 530 1757 567 La-

219 597 312 632 tinis
342 595 431 633 olim
461 595 700 647 explicabant
726 596 785 635 vel
815 596 991 647 „Latinis
1021 599 1144 636 modis
1173 612 1217 637 ac
1243 598 1413 647 verbis‚“
1440 600 1500 636 vel
1527 597 1754 647 „Romanis,

216 664 254 700 in
283 664 523 702 Romanos.“
568 686 616 692 —
655 665 703 703 V.
732 665 799 706 33.
821 668 951 714 juvat
978 667 1032 704 uti
1071 666 1147 708 Od.
1175 669 1214 714 1,
1246 667 1286 716 1,
1314 664 1355 707 4.
1385 665 1426 715 4,
1457 665 1497 715 1,
1527 667 1593 708 29.
1633 666 1678 704 Δ.
1709 666 1754 704 Ρ.

216 731 311 771 377.
352 733 400 769 ‹le
434 733 670 782 jucunditate
708 734 839 772 intimo
874 736 996 772 animo
1032 737 1236 785 percepta,
1274 746 1352 771 non
1390 737 1431 771 ut
1470 732 1753 771 Wielandius:

215 812 386 848 „warum
424 800 526 839 sollt'
565 801 660 839 ich's
700 803 802 840 nicht
837 801 1049 852 gestehen‘?
1102 802 1177 839 Mir
1216 797 1566 853 schmeichelt's*)‚
1606 801 1758 840 wenn.“

214 889 270 894 --
299 869 575 907 immemorata
591 870 804 921 ferentem.
859 870 1046 921 Porphyr.
1076 883 1128 920 „a
1146 869 1248 907 nullo
1268 883 1314 908 ex
1331 869 1480 909 Latinis
1506 873 1596 908 ante
1613 869 1756 908 dicta.“

215 936 327 973 conf.
357 936 434 978 od.
464 937 505 988 3,
538 938 606 988 25,
636 941 676 980 8.
706 943 745 977 et
772 939 878 977 locos
904 952 940 976 v.
963 940 1014 980 21
1037 960 1092 966 —
1114 938 1168 980 23
1196 937 1384 979 laudatos.
1431 938 1599 978 Verbum
1615 938 1757 989 feren-

214 1011 292 1041 tem
321 1005 496 1055 ambigue
524 1007 596 1044 dici
626 1008 756 1045 dicunt
783 1011 864 1045 tum
894 1008 943 1045 de
972 1007 1073 1044 dono
1098 1006 1224 1044 oblato
1255 1006 1302 1044 A.
1330 1006 1375 1048 Ρ.
1408 1006 1512 1058 175,
1539 1010 1616 1044 tum
1642 1006 1691 1044 de
1713 1017 1757 1043 re

212 1076 415 1123 procreata
441 1077 482 1111 ut
510 1073 591 1112 Sat.
619 1075 658 1124 1,
679 1074 720 1124 5,
745 1074 812 1117 42,
853 1074 959 1125 Virg.
993 1074 1072 1116 Ecl.
1103 1072 1145 1125 4,
1173 1074 1240 1116 39.
1269 1074 1338 1127 (ib.
1358 1073 1560 1125 Forbig.);
1588 1074 1627 1112 in
1655 1073 1756 1112 illam

213 1142 440 1179 sententiam
468 1142 506 1181 J.
532 1141 692 1179 Merkel
700 1157 712 1178 .·
743 1142 925 1192 „Frende
953 1142 1120 1192 gew'ahrt
1148 1140 1211 1190 e's,
1238 1157 1284 1180 zu
1314 1142 1431 1180 seben
1455 1142 1525 1180 das
1547 1155 1645 1180 neue
1674 1141 1756 1180 Ge-

212 1208 354 1246 schenk
391 1210 430 1248 in
462 1210 536 1248 den
575 1211 739 1249 Handen
776 1211 916 1249 Edeler
948 1211 1105 1248 Manner
1140 1211 1216 1248 und
1258 1210 1398 1248 fesseln
1433 1210 1508 1248 den
1541 1209 1653 1248 Bliek
1684 1210 1755 1247 der

211 1276 432 1328 gebildeten
449 1276 618 1319 Leser.“
665 1278 718 1317 At
745 1279 964 1330 simpliciter
988 1283 1047 1317 est
1075 1291 1205 1328 „nova
1231 1278 1349 1327 ferre,
1379 1278 1584 1316 nuntiare“
1612 1281 1653 1316 ut
1672 1277 1755 1316 Ta-

212 1345 276 1382 cit.
306 1345 404 1387 Ann.
435 1348 474 1395 6,
506 1346 576 1395 47,
608 1349 645 1390 2.
682 1348 956 1384 commentarii
981 1347 1040 1385 ad
1064 1354 1248 1384 senatum
1274 1347 1385 1384 missi
1400 1344 1622 1397 firebant,
1651 1345 1754 1382 Ma·-

211 1428 368 1452 cronem
391 1415 648 1466 praesedisse.
705 1417 770 1454 Sic
799 1416 936 1454 Graeci
957 1413 1125 1471 maiorne,
1156 1415 1206 1453 cf.
1232 1414 1372 1453 Wund.
1398 1415 1448 1452 ad
1473 1414 1593 1465 Soph.
1618 1412 1751 1464 Antig.

212 1484 334 1524 1151.
394 1485 509 1529 Quod
542 1483 793 1522 Weichertus
829 1482 885 1535 (p.
914 1485 986 1535 95)
1017 1484 1081 1522 illa
1108 1484 1226 1522 verba
1255 1496 1369 1522 sensu
1396 1482 1618 1534 praegnanti
1646 1485 1689 1520 ut
1711 1495 1750 1520 v.

212 1548 278 1591 24.
306 1552 485 1598 ostendi,
522 1556 565 1591 ut
592 1554 712 1591 Poeta
741 1553 852 1603 quasi
881 1547 1138 1606 μυσταγωγός
1166 1553 1237 1601 sit,
1267 1552 1340 1590 dici
1370 1551 1448 1588 vult
1475 1563 1595 1602 aeque
1622 1562 1750 1588 arces-

210 1619 321 1656 situm
357 1621 506 1658 videtur
541 1634 585 1659 ac
622 1624 725 1659 tecta
761 1620 834 1659 illa·
861 1623 932 1671 τῆς
969 1616 1222 1674 οἷῤῥηφορίας
1257 1633 1279 1658 a
1315 1619 1503 1658 Pausania
1534 1620 1576 1668 1,
1606 1619 1675 1660 27.
1702 1616 1753 1670 (Ῑ.

210 1701 249 1737 p·
280 1687 333 1727 95
364 1702 421 1738 sq.
469 1689 647 1740 Siebelis)
686 1693 998 1728 commemoratae
1025 1689 1261 1739 significatio.
1289 1710 1346 1715 —
1380 1687 1427 1728 V.
1452 1685 1520 1728 34.
1558 1685 1752 1738 ingenuis

209 1755 411 1806 oculisque
448 1757 530 1809 legi
565 1757 830 1810 manibusque
863 1759 995 1795 teneri.
1056 1757 1113 1795 Ex
1152 1757 1299 1795 ratione
1336 1756 1487 1805 linguae
1526 1758 1569 1793 ut
1605 1762 1641 1791 v.
1680 1752 1750 1795 40.

216 1824 515 1861 Grammatieae
554 1825 681 1863 tribus
721 1830 759 1864 et
790 1827 858 1873 16,
890 1828 954 1866 16.
982 1827 1051 1867 37.
1112 1825 1290 1863 Similiter
1319 1822 1427 1861 Pers.
1457 1822 1498 1872 5,
1530 1823 1595 1862 16.
1633 1822 1750 1874 inge-

208 1906 314 1929 nuus
342 1892 462 1930 ludus
492 1898 530 1932 et
561 1895 641 1932 Cic.
670 1895 779 1931 Brut.
806 1894 874 1944 69,
903 1893 997 1935 244.
1042 1895 1233 1931 memoria
1260 1899 1355 1929 nota
1381 1897 1418 1927 et
1441 1888 1637 1942 aequalis.
1690 1889 1748 1930 Id.

209 1961 256 1998 de
285 1960 354 2002 Or.
388 1963 427 2011 1,
456 1963 523 2009 29,
555 1963 646 2002 133.
688 1976 771 1999 mos
799 1962 1028 1999 rhetoricus.
1075 1962 1251 1999 Ceterum
1276 1960 1340 1997 illa
1370 1958 1534 1996 dictione
1563 1955 1651 2008 (13,
1683 1958 1749 1999 17.
1804 2000 1806 2003 ¹

209 2030 250 2076 2,
278 2030 317 2077 1,
342 2029 408 2071 53.
445 2028 490 2066 A.
519 2029 561 2067 P.
594 2031 709 2082 269.)
744 2034 878 2081 aperte
914 2029 1147 2078 significatur
1174 2029 1205 2066 is
1239 2028 1354 2078 liber,
1384 2039 1459 2077 quo
1488 2025 1649 2064 maxime
1679 2025 1748 2064 de-

207 2098 390 2135 lectamur
419 2111 603 2148 quemque
639 2099 711 2150 ipsi
749 2102 1041 2147 anagnostarum
1070 2109 1181 2147 opem
1219 2109 1295 2133 non
1325 2098 1588 2146 exspectantes
1629 2093 1749 2131 volvi-

206 2179 287 2203 mus
315 2177 359 2203 ac
387 2165 637 2216 revolvimus,
665 2167 756 2216 „ein
786 2164 1143 2215 Lieblingsbuch;“
1172 2163 1340 2201 similiter
1361 2162 1534 2201 Ciceroni
1553 2161 1676 2212 Epist,
1697 2161 1748 2198 ad

206 2233 291 2271 Div.
323 2235 390 2283 16,
417 2236 484 2283 22,
516 2235 553 2275 2,
591 2235 735 2271 nostris
772 2233 898 2270 oculis
934 2239 970 2269 et
1005 2231 1172 2269 auribus
1200 2232 1344 2269 servire
1373 2233 1404 2269 is
1440 2232 1596 2280 dicitur,
1635 2242 1746 2280 quem

206 2302 365 2339 libenter
395 2306 433 2339 et
461 2303 631 2340 audimus
661 2307 700 2341 et
729 2302 910 2342 videmus.
953 2300 1135 2350 Intelligit
1158 2310 1282 2338 autem
1300 2299 1419 2338 Poeta
1447 2299 1542 2338 tales
1567 2299 1746 2346 lectores,

205 2369 335 2419 quales
365 2370 447 2407 Sat.
480 2375 519 2419 1,
551 2372 618 2420 10,
647 2372 699 2412 81
731 2393 788 2399 ——-
814 2371 881 2411 87.
911 2373 1199 2417 enumerantur,
1229 2369 1291 2418 qui
1326 2369 1511 2417 ingenuae
1539 2358 1746 2404 indolis-ut

206 2438 380 2476 Tibullus
403 2438 464 2476 ille
484 2438 542 2488 (3,
565 2438 622 2490 1.)
650 2438 823 2476 candido
843 2438 1001 2483 judicio
1030 2436 1162 2488 (Ovid.
1183 2436 1302 2476 Trist.
1326 2438 1364 2483 2,
1387 2436 1471 2484 80.)
1502 2435 1665 2473 carmina
1690 2434 1746 2472 le-

205 2510 312 2554 gunt.
361 2507 580 2558 Speciosior
606 2519 718 2557 quam
744 2507 868 2545 verior
897 2510 959 2544 est
995 2504 1137 2543 orella·
1163 2503 1283 2551 ratio,
1312 2504 1375 2553 qui
1407 2504 1600 2554 ingenuos
1623 2500 1744 2540 liber-

205 2575 323 2621 tinis,
351 2589 426 2626 quo
449 2589 494 2614 ex
519 2589 659 2626 genere
679 2575 851 2626 plerique
872 2572 1127 2624 grammatici,
1156 2571 1307 2610 Horatii
1329 2571 1606 2609 obtrectatores
1620 2599 1634 2621 ,
1661 2569 1743 2608 fue-

314 2746 353 2790 *)
374 2747 527 2781 Verbum
539 2747 695 2791 juvandi
713 2747 872 2793 pluribus
899 2740 1095 2781 illustravit
1114 2745 1262 2780 Jahnius
1288 2745 1323 2778 in
1343 2745 1521 2779 luculenta
1551 2743 1742 2788 „Disputa-

203 2801 300 2834 tione
322 2803 366 2835 de
390 2803 533 2837 Horatii
554 2803 705 2837 carmine
720 2804 873 2850 primo.“
904 2804 1004 2849 Lips.
1031 2800 1134 2838 1845.
1154 2814 1188 2847 p.
1205 2804 1260 2838 20.
1281 2802 1335 2836 Ad
1355 2813 1424 2836 scr.
1453 2798 1742 2844 Latinusfidn'cen

202 2856 288 2890 facit
300 2858 562 2902 elegantissima
582 2862 788 2904 conjectura
806 2861 1059 2895 Schneidewini
1072 2860 1116 2894 ad
1132 2860 1242 2905 Prop.
1257 2861 1291 2902 2,
1307 2856 1365 2903 34,
1386 2858 1444 2893 31.
1469 2857 1526 2892 Tu
1539 2855 1649 2890 Latiis
1663 2852 1741 2888 Me-

202 2925 320 2958 ropem
339 2915 451 2950 Musis
469 2916 600 2951 imitere
620 2917 803 2953 Philotam.
823 2916 907 2953 Vid.
928 2916 1056 2951 Philol.
1077 2918 1107 2962 I,
1132 2918 1162 2952 1.
1183 2928 1217 2962 p.
1234 2917 1315 2951 170.
