1910 3138
687 903 1460 977 HORATII

500 1073 761 1121 LIBRI
823 1075 861 1119 1.

931 1074 1414 1124 EPISTULA
1476 1078 1641 1126 xvm.

875 1222 946 1258 AD
988 1223 1274 1259 LOLLIUM.

974 1380 1174 1388 ——..-

370 1496 442 1569 Si
463 1524 572 1569 bene
599 1527 643 1569 te
668 1528 792 1587 novi,
831 1530 1022 1583 metueS,
1056 1526 1271 1571 liberrime
1292 1526 1425 1589 Lolli,

367 1602 617 1650 Scurrantis
651 1607 841 1667 speciem
876 1606 1111 1667 praebere,
1140 1605 1362 1666 professus
1398 1609 1596 1653 amicum.

367 1683 427 1728 Ut
458 1687 657 1730 matrona·
691 1686 906 1731 meretrici
939 1685 1084 1746 dispar
1119 1687 1201 1730 erit
1234 1689 1363 1746 atque

366 1763 592 1824 Discolor,
621 1765 747 1810 infido
785 1779 964 1811 scurrae
1001 1765 1171 1810 distabit
1198 1769 1378 1812 amicus.

368 1842 450 1886 Est
479 1843 578 1887 huic
609 1844 824 1888 diversum
852 1845 957 1888 vitio
991 1846 1137 1890 vitium
1167 1859 1301 1905 prope
1334 1848 1491 1905 maju8‚
1801 1846 1830 1889 5

366 1921 592 1981 Asperitas
628 1925 817 1983 agrestis
848 1926 891 1967 et
919 1925 1168 1969 inconcinna
1196 1927 1448 1984 gravisque,

368 2002 493 2058 Quae
523 2016 572 2045 se
609 2002 879 2047 commendat
912 2006 1038 2048 tonsa
1070 2005 1194 2062 cute,
1233 2002 1426 2047 dentibus
1460 2004 1581 2062 atris,
1627 1990 1631 1994 ⁵

355 2149 411 2183 Aa
431 2146 599 2191 Lollium,
622 2149 663 2182 de
682 2149 784 2182 modo
805 2147 1041 2192 obsequiorum

298 2210 332 2240 et
356 2205 525 2241 libertate.
574 2204 646 2239 Ms.
677 2204 778 2240 Mon.
807 2205 845 2239 b.
872 2206 915 2238 de
938 2205 1040 2238 modo

297 2262 535 2306 obsequendae
563 2261 741 2296 libertatis.
774 2261 874 2307 Lips.
904 2260 939 2296 3.
972 2262 1039 2304 Qu.

297 2319 384 2353 Hor.
404 2320 461 2352 Fl.
484 2318 595 2352 Lollio
611 2319 650 2353 S.
670 2318 762 2352 Edd.
778 2319 868 2353 Ven.
883 2315 965 2352 477.
981 2318 1037 2352 79.

297 2376 355 2409 81.
377 2395 420 2400 —
442 2375 487 2408 V.
504 2375 682 2419 2.saciem
695 2376 815 2420 praeb.
835 2374 905 2408 Ms.
925 2374 1039 2410 Dorv.

299 2434 331 2466 1.
346 2451 402 2457 —-
417 2432 462 2465 V.
481 2431 515 2466 3.
536 2432 617 2475 erit,
639 2443 758 2476 aeque.
789 2431 881 2466 Edd.
903 2430 1038 2465 Biedm.

297 2488 453 2532 Bersm.,
492 2488 585 2522 idem
618 2489 772 2533 conjecit
802 2487 966 2522 Waddel.
1000 2499 1037 2533 p.

296 2546 355 2579 76.
379 2565 426 2570 —
461 2545 540 2587 erit,
571 2550 674 2589 atque
702 2544 863 2579 Discolor
890 2545 955 2589 ins.
983 2563 1038 2570 -—

297 2602 437 2636 amicus.
480 2600 542 2635 Sic
565 2601 649 2635 dist.
677 2602 758 2636 edd.
784 2602 892 2647 Rutg.
919 2601 1036 2636 Burm.

297 2656 400 2705 (699)
418 2677 466 2682 —
484 2658 528 2691 V.
539 2654 574 2692 4.
596 2657 757 2692 Decolor.
776 2658 846 2693 Ms.
864 2659 965 2692 Sant-
980 2676 1037 2684 —

296 2724 431 2748 scurra.
461 2714 532 2747 Ms.
562 2714 615 2749 lk.
640 2713 674 2748 5.
706 2715 819 2750 orell.
843 2715 887 2751 Ε.
913 2734 961 2740 --
984 2715 1037 2749 di-

295 2770 423 2804 stabat.
467 2770 537 2807 Ms.
565 2769 708 2809 Morell.
737 2771 890 2806 distabis.
928 2771 979 2805 Ik.
1001 2771 1034 2806 5.

295 2823 363 2856 Ed.
379 2825 605 2861 Praedic.·—
617 2828 657 2861 In
670 2827 836 2863 Gothan‘o
851 2831 932 2862 ante
947 2828 1036 2862 hunc

295 2889 390 2913 vers.
419 2882 555 2925 positus
583 2887 639 2916 est
665 2895 761 2918 vers.
785 2886 820 2919 8.
846 2902 902 2910 ——
931 2885 976 2918 V.
999 2883 1033 2918 5.

294 2934 341 2969 Et
359 2935 449 2971 huic.
470 2937 567 2973 Mon.
588 2940 624 2973 b.
639 2959 695 2965 -
714 2940 831 2976 vitium
850 2941 942 2976 vitio.
963 2940 1030 2975 Ms-

1085 2148 1220 2182 Bersm.
1242 2158 1300 2182 un.
1323 2149 1395 2182 Gn.
1413 2149 1447 2183 2.
1474 2166 1524 2174 —
1548 2152 1583 2182 et
1602 2158 1715 2193 prope
1739 2147 1825 2191 maj.

1085 2204 1174 2240 Mss.
1195 2203 1336 2250 plurimi
1357 2208 1398 2238 nt
1413 2203 1486 2240 vid.
1507 2203 1641 2246 Lamb„
1668 2206 1827 2238 notatum

1087 2272 1130 2294 ex
1150 2272 1214 2294 ms.
1232 2261 1269 2294 in
1301 2272 1363 2295 ora
1387 2261 1444 2295 ed.
1467 2259 1547 2295 Ald.
1567 2258 1649 2294 519.
1669 2258 1706 2294 in
1730 2259 1825 2295 Bibl.

1084 2317 1209 2361 Angei.
1240 2317 1332 2351 Edd.
1353 2316 1477 2351 Lamb.
1499 2320 1536 2350 et
1554 2315 1642 2350 Min.

1139 2374 1185 2407 V.
1201 2375 1236 2409 7.
1259 2375 1358 2417 Quae
1376 2378 1479 2408 tonsa
1490 2385 1527 2408 se
1539 2373 1667 2408 comm.
1683 2372 1753 2407 Mn.
1767 2372 1823 2408 lk.

1082 2427 1118 2464 4.
1135 2450 1189 2456 —-
1202 2435 1320 2465 tunsa.
1341 2430 1410 2464 Ms.
1429 2430 1496 2463 Fe.
1517 2430 1549 2472 1,
1572 2439 1605 2462 a.
1623 2435 1738 2465 temo.
1753 2428 1824 2464 Ma.

1085 2488 1218 2521 Bersm.
1236 2497 1295 2520 un.
1318 2490 1355 2520 et
1374 2486 1491 2521 Acron
1505 2486 1540 2520 in
1556 2485 1614 2520 ed.
1637 2486 1727 2520 Ven.
1739 2481 1823 2522 481.

1083 2544 1154 2581 Ed.
1172 2543 1254 2577 Asc.
1272 2542 1352 2578 519.
1371 2544 1492 2578 demo.
1517 2543 1687 2578 Notatum
1702 2553 1747 2576 ex
1759 2552 1823 2576 m.

1082 2599 1118 2634 in
1138 2611 1202 2634 ora
1222 2600 1309 2635 edit.
1330 2612 1365 2634 v.
1382 2599 1415 2634 5.
1440 2598 1650 2635 nominatae.
1671 2598 1742 2636 Ed.
1760 2597 1824 2632 Bi-

1082 2661 1182 2704 pont.
1197 2668 1280 2692 nov.
1297 2657 1470 2702 (Gence)‚
1491 2656 1556 2691 sed
1567 2655 1652 2690 vido
1665 2652 1821 2690 Sohund.

1081 2714 1117 2748 in
1137 2712 1284 2758 ‚‚Zimm.
1303 2712 1471 2750 Schulz.“
1492 2713 1595 2749 1828.
1614 2712 1663 2747 11.
1683 2723 1721 2757 1)-
1739 2707 1819 2744 157.

1080 2776 1184 2806 tonsa
1191 2772 1288 2805 haud
1296 2776 1385 2805 cute.
1395 2770 1609 2815 Coniectura
1618 2778 1676 2812 ap.
1685 2765 1820 2809 hamb„

1080 2826 1140 2873 qui
1158 2827 1345 2873 improbat.
1366 2847 1416 2853 —-
1440 2824 1666 2862 Commendat
1679 2832 1769 2866 quae
1780 2832 1819 2855 ee

1077 2883 1220 2919 intonsa
1244 2889 1313 2919 cut.
1346 2882 1439 2918 Edd.
1470 2882 1554 2914 San.
1586 2879 1666 2913 Jon.
1698 2877 1816 2911 Merv.

1077 2940 1207 2976 Franc.
1226 2939 1331 2974 Bask.
1353 2938 1448 2973 Sivr.
1465 2934 1611 2980 Dorigh.
1635 2935 1816 2969 Commen-
