1910 3138
252 227 338 270 ³14
403 228 679 269 COMMENT.
698 228 754 268 IN
773 228 895 268 HOR.
916 226 1016 267 LlB.
1036 229 1064 268 Ι.
1093 228 1638 273 ΕΡῙΒΤ.8ΕΧΤ.Ἰ)ΒΟΙΜ.’
1686 231 1776 276 Μὶν
1866 199 1910 290 ”i

251 356 376 407 Epist.
397 356 463 396 99.
499 354 632 405 aspice
659 351 767 400 illos,
792 354 866 411 qui
889 367 1004 392 suam
1018 354 1058 407 *)
1084 354 1338 407 alienamque
1361 354 1568 396 libidinm
1590 364 1773 396 exn-cem

252 430 389 462 mutuo
409 422 616 473 impudici.
643 421 796 461 Firmic.
825 423 876 460 de
893 422 1023 462 Error.
1051 423 1152 474 prof.
1174 423 1282 474 relig.
1310 421 1365 464 4-
1383 423 1542 463 &Viden
1559 433 1618 464 eet
1639 445 1689 455 ——
1709 444 1795 461 -mffl

250 491 355 528 viros
383 487 594 527 muliebria
618 491 711 540 pati
743 497 781 527 ec
814 489 923 528 hanc
948 492 1098 542 impuri
1134 498 1171 528 et
1207 489 1403 542 impudici
1435 493 1607 544 emporia
1636 492 1770 531 labem

239 543 422 612 ‘gloriosa
462 560 719 596 ostentatione
759 559 948 610 detegere.
995 579 1051 588 ·—-
1092 559 1137 598 V.
1173 560 1240 599 37.
1289 559 1511 599 contendat
1536 560 1626 614 laq.
1669 561 1764 603 coll.

245 626 432 678 pressisse
454 632 671 676 paternum
698 641 767 679 pro
803 629 972 666 eervices
999 628 1058 667 vel
1082 635 1225 680 guttur
1248 630 1382 679 patris
1409 628 1551 681 laqueo
1573 629 1766 683 ficgu'm,

249 698 290 733 ut
319 694 394 732 Od.
425 697 473 743 2,
504 695 578 744 13,
607 695 632 736 5
665 695 772 747 (ibiq.
796 695 1040 748 Peerlkamp)
1072 701 1111 736 et
1135 696 1259 747 Epod.
1284 697 1331 746 3,
1359 699 1397 739 2.
1437 697 1551 737 Conf.
1578 699 1687 737 Cort.
1715 699 1767 738 ad

248 763 341 803 Sall.
375 763 461 804 Cat.
492 763 562 811 55,
587 762 626 804 5.
655 767 694 802 et·
720 765 769 802 ad
795 763 941 802 Lucan.
966 765 1007 813 8,
1033 763 1126 805 655.
1164 762 1352 802 Invidiose
1374 769 1500 819 autem
1531 766 1766 812 contonam

246 832 270 872 i.
292 844 326 873 e.
346 831 567 881 „obstinate
587 835 626 869 et
647 832 891 883 pertinaciter
915 833 1062 883 dicat‚“
1089 836 1131 870 ut
1155 836 1261 871 reete
1285 831 1523 871 Lambinus.
1547 855 1603 863 -—
1630 834 1676 872 V.
1697 834 1771 875 88.

245 899 450 946 Mordear,
478 903 521 938 ut
545 898 702 937 Terent.
722 900 819 938 Eun.
842 900 884 952 3,
915 902 954 950 1,
979 901 1045 942 55.
1076 900 1185 952 quod
1203 914 1291 939 eam
1309 901 1486 939 mordeat
1505 902 1593 941 coll.
1610 901 1764 942 nuh-k.

245 969 296 1006 ad
323 969 373 1018 3,
406 971 452 1017 1,
483 969 548 1010 21.
585 971 624 1005 et
652 967 824 1020 Xenoph.
859 969 948 1020 Cyr.
985 969 1032 1019 4,
1062 969 1115 1020 3,
1145 972 1185 1012 2.
1225 966 1470 1021 δακνόμενος
1497 967 1542 1010 δὲ
1575 967 1600 1011 o‘
1630 968 1767 1022 Ktim

245 1034 312 1077 ἐπὶ
339 1031 508 1083 τούτοις.
543 1034 735 1087 Aristoph.
767 1036 927 1078 Acharn.
958 1040 1006 1088 1,
1040 1041 1084 1089 1,
1115 1040 1154 1079 1.
1194 1034 1299 1079 ’Ὅσα
1325 1037 1519 1093 δέδηγμαι
1543 1035 1620 1090 τήν
1645 1037 1766 1090 ἐμαν-

244 1107 319 1145 τοῦ
338 1104 520 1158 καρδίαν.
536 1102 644 1164 ‘Alia
668 1104 773 1155 larga
797 1118 910 1144 manu
932 1107 1178 1157 suppeditant
1201 1105 1428 1144 Lambinus
1452 1110 1491 1145 et
1521 1103 1780 1156 Schmidiisg.
1849 1107 1851 1110 ⁴
1888 1103 1910 1122 ⁵

245 1172 381 1224 quibus
417 1171 515 1210 adde
551 1172 718 1224 interpp.
753 1175 800 1211 ad
837 1174 1020 1212 Prudent.
1055 1174 1192 1213 Perist.
1227 1172 1304 1223 14,
1335 1175 1431 1216 526.
1470 1175 1531 1213 ed.
1561 1173 1697 1226 Weitz.
1717 1176 1769 1212 :et

244 1241 429 1280 Wiistem.
464 1241 514 1278 ad
546 1239 738 1280 Theocrit.
776 1243 848 1290 12,
878 1242 943 1283 25.
980 1263 1037 1270 —-
1073 1249 1296 1294 mutemque
1328 1241 1486 1280 colores.
1525 1242 1766 1292 Significatu:-

244 1309 354 1347 faciei
382 1309 496 1346 modo
523 1308 681 1357 rubore,
720 1309 832 1346 modo
867 1309 1012 1361 pallore
1040 1311 1208 1348 suffusae
1240 1309 1493 1359 mutabilitas,
1530 1323 1643 1361 quam
1669 1308 1765 1347 Plu-

243 1376 396 1415 tarchus
431 1374 550 1427 (virt.
576 1389 671 1416 mor.
698 1376 780 1415 VII.
813 1389 853 1428 p.
886 1379 983 1419 763.
1009 1376 1086 1432 R.)
1132 1380 1253 1431 χροοῖς
1287 1374 1506 1430 μεταβολὰς
1543 1377 1644 1415 dicit.
1702 1376 1763 1415 Ita

242 1442 464 1493 Hieronym.
495 1444 619 1497 Epist.
649 1446 699 1484 ad
727 1444 961 1484 Demetriad.
989 1459 1028 1498 p.
1061 1447 1124 1488 13.
1150 1447 1197 1485 B.
1240 1446 1403 1498 culpam.
1420 1446 1530 1498 facti
1555 1458 1664 1483 nunc
1690 1458 1763 1482 ru-

246 1510 335 1549 bore
371 1512 507 1550 vultus
515 1541 533 1560 ,
574 1527 683 1551 nune
716 1513 874 1565 pallore
906 1522 1186 1554 monstramus.
1233 1514 1433 1566 Augustin.
1461 1513 1584 1566 Epist.
1611 1515 1662 1563 7,
1689 1513 1770 1555 83.

243 1580 357 1618 Nam
394 1582 514 1619 etiam
550 1595 621 1619 nos
659 1582 910 1634 indignando
951 1590 1025 1620 aut
1062 1583 1246 1622 laetando
1285 1583 1495 1634 ceterisque
1533 1570 1772 1630 hujumodi.

243 1648 413 1687 motibus
452 1650 597 1688 multos
642 1651 686 1688 in
728 1658 858 1689 nostm
900 1665 1056 1703 corpore
1092 1652 1229 1690 vultus
1265 1651 1486 1703 coloresque
1517 1650 1777 1702 soranam-9„

244 1716 472 1756 Aristaenet.
504 1720 553 1769 1,
588 1720 655 1760 11.
704 1715 776 1770 ὑφ’
809 1718 964 1772 ἡδονῆς
992 1717 1228 1761 παντοδαποὶ
1255 1717 1443 1773 χρώματα
1471 1713 1562 1772 παρ’
1597 1717 1778 1759 ἕκαστον.

242 1781 362 1838 λόγον
397 1785 524 1838 ὖφίει.
580 1786 681 1839 Apte
717 1788 874 1826 contulit
902 1789 1111 1837 Bentlejm
1138 1788 1253 1840 Prop.
1290 1791 1335 1839 1,
1366 1788 1443 1838 15,
1471 1787 1541 1828 39.
1598 1786 1781 1849 φυζα-

244 1853 408 1905 cogebat
434 1855 579 1892 multos
610 1855 764 1906 pallere
793 1856 970 1894 colores?
1012 1862 1051 1896 et
1083 1856 1239 1895 Lucian.
1269 1856 1364 1894 Eun.
1395 1855 1461 1898 11.
1506 1853 1547 1903 ἒς
1575 1850 1778 1908 πρόβατα)

244 1922 366 1976 μυρία
394 1919 656 1975 τραπόμενος.
686 1924 748 1962 Cf.
778 1925 912 1963 Horat.
943 1925 1018 1963 Od.
1053 1927 1093 1975 1,
1123 1925 1190 1974 13,
1218 1925 1256 1964 5.
1285 1923 1370 1964 Liv.
1398 1922 1468 1973 39,
1492 1920 1563 1974 84,
1590 1925 1630 1964 7.
1666 1923 1763 1962 ali·-

242 2003 317 2040 que
345 1991 535 2042 exempla,
572 2004 670 2041 quae
698 1991 786 2029 olim
814 1993 852 2030 in
881 1992 1054 2042 „Archiv
1087 1993 1114 2030 f.
1144 1991 1332 2041 Philolog.
1363 2004 1401 2029 u.
1430 1990 1607 2041 Padagf‘
1635 1990 1760 2034 1833.

242 2059 301 2109 ΙΙ,
331 2057 371 2099 4.
405 2072 446 2110 p.
482 2058 564 2099 593
593 2072 651 2109 sq.
695 2062 976 2110 congessimus,
1008 2065 1051 2099 ut
1078 2061 1125 2098 iis
1155 2071 1461 2108 occurreremus,
1501 2060 1565 2111 qni
1593 2058 1761 2097 colorem

242 2127 416 2166 absolute
443 2140 515 2178 pro
542 2126 650 2165 faciei
679 2127 806 2166 colore
834 2129 954 2179 (cujus
982 2129 1036 2166 rei
1065 2127 1233 2178 exempla
1254 2127 1329 2165 vid.
1351 2139 1414 2178 ap.
1436 2126 1570 2167 Bentl.
1599 2127 1649 2165 ad
1675 2126 1714 2164 h.
1733 2125 1760 2164 1.
1783 2145 1785 2147 ·

244 2200 284 2234 et
309 2195 463 2234 Osann.
495 2195 545 2233 ad
574 2194 684 2246 Apul.
712 2196 761 2234 de
797 2196 979 2246 Orthogr.
1006 2198 1025 2246 §
1057 2195 1125 2236 41.
1152 2208 1191 2246 p.
1223 2194 1308 2245 66.)
1343 2194 1402 2232 hic
1430 2193 1503 2231 dici
1533 2193 1761 2236 existimant,

240 2264 427 2302 Nostram
453 2263 736 2315 explicationem
763 2269 915 2315 praeter
950 2264 1044 2302 alios
1080 2263 1301 2314 comprobat
1329 2262 1604 2300 eruditissimus
1631 2259 1759 2299 Jacob

242 2332 279 2369 in
321 2332 612 2380 „Commentat.
656 2333 703 2371 de
741 2333 822 2371 Usu
858 2344 958 2370 num.
993 2330 1124 2382 plural.
1142 2331 1169 2354 “
1210 2330 1421 2380 Numburg.
1450 2328 1572 2370 1841.
1601 2342 1641 2380 p.
1678 2329 1760 2380 15„

242 2404 466 2451 aspernatur
494 2404 536 2438 ut
564 2401 677 2452 longe
705 2402 929 2440 arcessitam
959 2403 999 2438 et
1026 2398 1134 2437 nimis
1161 2398 1401 2436 artificiosam
1429 2396 1760 2449 praeeuntella·

244 2466 415 2519 herfeldo
450 2467 634 2506 Diintzer
643 2498 659 2516 ,
693 2474 816 2508 totam
845 2469 979 2506 faciem
1016 2480 1091 2505 uno
1127 2465 1272 2516 pallore
1305 2465 1498 2516 perfusam
1530 2463 1759 2515 intelligent.

243 2536 421 2574 Judicent
448 2537 510 2574 alii
537 2542 699 2589 utroque
726 2542 897 2577 nostrum
928 2536 1151 2575 acutiores!v

354 2661 390 2708 *)
421 2664 593 2700 Maculam
619 2664 763 2699 veneris
790 2664 964 2699 masculae
989 2667 1027 2698 et
1046 2663 1125 2698 olim
1147 2665 1186 2695 et
1203 2672 1317 2706 nuper
1334 2661 1470 2695 Poetae
1494 2668 1673 2705 aspersam
1691 2656 1757 2700 (cs.

246 2717 314 2752 Les
335 2720 482 2756 Amours
503 2722 691 2760 d'Horace.
710 2722 731 2756 a
753 2721 926 2767 Cologne‚
950 2722 1051 2757 1728.
1071 2732 1106 2766 p.
1125 2714 1196 2754 324
1215 2729 1292 2763 sqq.
1312 2722 1350 2752 et
1364 2717 1493 2763 Virey:
1514 2715 1611 2762 „Du
1625 2711 1759 2747 Weib“

246 2778 316 2808 etc.
355 2777 657 2824 Herausgegeben
685 2789 756 2813 von
783 2778 844 2813 Dr.
871 2778 914 2814 1..
939 2779 1127 2813 Hermann.
1153 2775 1245 2822 Lpz.
1272 2775 1375 2811 1827.
1394 2786 1431 2820 p.
1451 2773 1532 2808 308.
1553 2765 1634 2805 343.
1654 2768 1703 2803 N.
1723 2768 1756 2802 1.

248 2829 327 2863 0011-
349 2843 384 2876 p-
404 2833 486 2869 350.
520 2835 667 2880 Dorigh.
687 2836 733 2870 ad
754 2834 823 2869 Od.
845 2837 886 2880 2,
908 2834 949 2879 5,
971 2832 1170 2878 21.),felici
1188 2843 1290 2867 manu
1309 2828 1478 2866 abstersit
1495 2824 1695 2871 Lmingn'us
1717 2823 1754 2857 in

245 2885 477 2933 „Rettungen
500 2891 563 2925 des
583 2891 743 2929 Horaz.⁴‘
763 2883 911 2927 Weiske.
934 2891 1028 2926 Berl.
1053 2886 1155 2927 1754.
1182 2889 1247 2924 111.
1276 2901 1314 2935 p.
1333 2885 1377 2924 42
1397 2897 1473 2932 sqq.
1500 2881 1606 2918 eonf.
1633 2879 1758 2915 Weber

247 2952 283 2985 p.
304 2941 361 2977 75.
380 2943 426 2978 Ν.
447 2946 504 2981 65.
