1910 3138
0 0 103 67 ΕΞ
108 42 114 54 ·“

0 78 9 85 .
71 76 77 85 -,
88 78 98 85 .

18 211 20 217 ’
94 202 196 255 2113
232 202 509 250 comm.
527 207 585 247 ιΝ
604 202 731 249 uolt
755 207 855 246 Lm.
874 207 900 245 1.
931 205 1096 245 Emsr.
1114 202 1496 252 Quuuauuucuu,
1540 201 1624 245 273
1692 214 1720 253 ,·

100 335 152 386 fi,
171 335 287 388 η),
308 331 440 386 quales
461 333 643 384 imprimis
670 337 751 371 tum
779 337 887 371 erant
911 330 1036 368 villae
1058 330 1255 376 urbanae,
1272 332 1477 382 praetoria
1502 332 1623 383 [Suet.

100 402 302 455 'Aurgi-72·
332 401 423 440 Tib.
448 400 518 442 89.
556 399 678 450 Calig.
707 400 776 441 37.
813 399 894 441 Tit.
929 401 969 441 8.
1003 398 1148 439 Pallad.
1175 398 1223 437 R·
1251 397 1298 439 R.
1332 396 1373 448 13
1400 401 1441 442 8.
1476 399 1625 438 Becker

106 471 158 511 ad
188 469 289 510 Gall.
315 469 348 508 1.
377 482 415 520 p.
442 467 537 510 301.
564 467 615 508 Ν.
643 466 741 518 20.].
808 467 905 506 Hinc
940 480 1015 505 non
1052 466 1242 506 assentior
1287 465 1466 505 manebo
1500 467 1623 517 (Δάν,

34 582 39 586 ,
110 538 179 588 27,
206 536 289 587 16.)
327 536 550 589 explicanti,
588 536 806 586 „certiores
838 549 924 574 esse
953 548 1045 586 opes
1074 548 1160 584 eas,
1195 546 1292 584 quae
1319 534 1417 573 villis
1445 538 1485 573 et
1509 537 1624 586 agris,

105 618 218 658 qnam
250 617 349 657 quae
383 604 545 644 nummis
578 608 645 641 aut
678 604 790 642 rebus
818 602 1052 641 moventibus
1081 603 1312 641 constitutae
1341 602 1468 652 sint,“
1502 615 1625 654 neque

104 675 220 715 M.
246 674 419 714 Heinsio
446 671 631 718 ,flitc'das
660 671 765 710 villas
794 671 990 722 oppositas
1015 671 1176 709 rusticis
1203 670 1363 719 dicenti,
1399 671 1454 709 ita
1479 675 1523 709 ut
1546 671 1628 710 flo-

105 741 225 782 ratius
250 740 523 780 intolerabilem
550 739 808 778 Romanorum
833 739 872 776 in
898 739 1099 791 praetoriis
1127 738 1252 776 luxum
1280 741 1320 776 et
1347 741 1390 776 nt
1416 737 1537 776 Varro
1564 737 1626 790 (1.

110 808 196 863 13.)
230 811 355 859 dicut,
390 808 614 847 indomitam
640 807 834 844 libidinem
860 807 1073 857 notaverit,
1119 819 1187 845 eos
1225 818 1361 857 sapere
1398 805 1528 856 ratus,
1564 807 1627 858 qui

102 872 183 931 luston
209 879 250 917 in
274 877 442 916 villarum
468 873 727 926 (rusticarum)
753 873 949 924 fructibus,
975 886 1104 913 verum
1127 874 1165 912 in
1192 873 1395 925 splendore
1417 875 1629 926 praetorio-

106 959 190 988 rum
224 950 264 985 et
300 945 387 984 luxu
424 957 575 983 suarum
610 943 850 995 pecuniarum
888 955 932 980 ac
967 955 1094 981 rerum
1123 941 1365 993 fundamenta
1392 942 1628 994 haberent,“

107 1027 235 1065 neque
263 1012 477 1064 Doeprezio
489 1039 506 1057 ,
543 1011 608 1061 qui
638 1024 724 1049 cum
754 1010 835 1048 aliis
863 1009 1029 1060 „villam
1054 1014 1262 1060 proventus
1298 1014 1425 1050 certos
1458 1012 1628 1050 referen-

106 1082 247 1132 tem‚“
286 1093 409 1132 neque
439 1079 639 1124 Dae-erio,
680 1078 896 1116 Sanado‘no
907 1106 923 1124 ,
967 1076 1277 1116 Walekenaerw
1288 1106 1301 1126 ‚
1343 1079 1408 1128 qui
1444 1079 1629 1130 „amplos

5 1187 11 1192 ‚
107 1150 253 1188 reditus
280 1148 330 1187 ab
364 1149 504 1199 optime
540 1147 649 1185 cultis
679 1147 783 1196 agris
809 1146 954 1198 percipi
981 1157 1097 1196 posse
1109 1144 1138 1168 “
1175 1145 1214 1183 in
1243 1147 1420 1195 pecunia
1447 1147 1629 1198 fundata

0 1245 25 1274 ᾧ
107 1217 249 1259 vident.
310 1200 471 1254 Heimio
512 1227 693 1253 assensus
735 1218 795 1253 est
841 1213 1071 1251 Schmidius
1103 1225 1228 1258 meus3
1272 1213 1382 1252 aliter
1420 1214 1444 1253 i.
1475 1229 1508 1256 e.
1546 1228 1629 1252 cum

0 1275 7 1293 ²
117 1282 298 1322 Tiar-nebo
322 1283 592 1336 propemodum
621 1283 787 1320 sentiunt
820 1281 994 1319 Orellius
1028 1285 1071 1320 et
1099 1281 1321 1319 Met-bellus
1332 1310 1346 1327 ,
1375 1295 1491 1332 quum
1518 1283 1629 1332 „for-

107 1356 220 1390 tunas
245 1352 284 1390 in
310 1351 408 1390 villis
435 1351 532 1389 bene
565 1364 610 1401 ac
637 1355 720 1388 tuto
750 1349 954 1387 collocatas
982 1363 1068 1388 esse
1095 1350 1227 1388 melius
1264 1351 1415 1401 utique,
1454 1363 1567 1400 quam
1598 1350 1630 1388 si

107 1421 148 1460 in
174 1421 306 1460 fenore
339 1421 488 1471 positae
521 1419 691 1457 essent“
728 1418 870 1455 dicunt.
928 1418 978 1455 At
1016 1418 1049 1455 si
1086 1418 1179 1468 quid
1215 1431 1287 1469 ego
1321 1417 1456 1467 video,
1492 1431 1569 1455 non
1592 1418 1631 1455 id

108 1489 188 1540 egit
214 1487 356 1539 Poeta,
393 1487 462 1525 sed
491 1490 533 1523 ut
561 1487 711 1523 omnino
740 1485 894 1522 divitum
924 1485 1113 1523 fortunam
1141 1485 1237 1523 bene
1264 1489 1407 1523 certam
1431 1490 1565 1536 utpote
1592 1486 1632 1523 in

107 1556 272 1608 praediis
309 1554 517 1605 magnificis
556 1553 798 1604 conspicuam
837 1552 1002 1590 instabili
1043 1557 1158 1603 atque
1196 1557 1382 1603 angustae
1421 1553 1631 1591 tenuiorum

105 1619 296 1662 hominum
326 1623 419 1660 sorti
445 1625 668 1672 opponeret.
725 1621 922 1659 Sententia
951 1620 1068 1670 igitur
1095 1626 1172 1659 est:
1203 1621 1323 1670 „Vita
1350 1633 1437 1658 vere
1466 1621 1539 1658 frui
1562 1633 1632 1658 vos

110 1690 214 1728 solos
253 1690 362 1738 dico,
405 1701 566 1739 quorum
606 1701 650 1726 ex
687 1689 785 1726 villis
827 1701 888 1726 res
931 1700 1068 1738 magna
1104 1689 1212 1727 nitet.
1270 1689 1420 1727 Etenim
1458 1689 1632 1726 fortunae

110 1762 260 1796 vestrae
286 1758 340 1795 ita
366 1758 591 1795 constitutae
615 1760 715 1805 sunt,
744 1761 785 1794 ut
814 1751 1106 1808 εὐφραίνεσθαι
1131 1750 1225 1796 καθ’
1249 1753 1406 1808 ἡμέραν
1432 1757 1632 1808 possitiS.“

110 1825 319 1864 Verborum
344 1827 470 1862 autem
496 1837 601 1862 usum
630 1824 833 1874 sorensem,
862 1825 925 1875 qui
954 1829 1013 1862 est
1040 1836 1101 1875 ap.
1133 1823 1214 1863 Cic.
1243 1836 1303 1875 pr.
1332 1822 1428 1862 Bab.
1456 1824 1563 1865 Post.
1596 1826 1633 1865 1.

103 1894 294 1944 fortunas
328 1892 529 1944 fundatas
573 1899 692 1943 atque
733 1893 877 1942 optime
919 1893 1153 1929 constitutas
1195 1904 1371 1943 premere
1416 1891 1506 1930 noli.
1572 1892 1630 1930 Ea

111 1960 247 1999 festive
277 1960 527 1997 Numenium
560 1959 710 1997 Valam
737 1960 924 1999 hominem
951 1959 1105 1997 divitem
1117 1958 1156 2010 *)
1184 1971 1344 2010 emnque
1370 1958 1479 1996 villae
1508 1960 1632 2008 cujus-

126 2142 129 2145 .
223 2106 261 2152 ⁸)
294 2109 486 2144 Nostrates
514 2109 653 2144 dicunt:
685 2111 827 2154 „deren
851 2109 987 2145 soliden
1015 2109 1225 2144 Reichthum
1251 2121 1329 2144 man
1354 2108 1391 2143 in
1417 2109 1482 2142 der
1502 2105 1635 2141 Pracht

35 2188 40 2198 .
111 2162 210 2198 ihrer
227 2165 346 2199 Vinea
366 2167 567 2210 gewahrt.“
602 2160 718 2212 Atque
736 2167 831 2201 haud
849 2166 923 2201 scio
944 2178 987 2201 an
1006 2178 1050 2200 ne
1073 2167 1160 2200 illud
1179 2165 1338 2211 quidem,
1358 2165 1410 2198 ita
1430 2170 1470 2198 ut
1486 2164 1635 2197 verbum

101 2222 266 2265 fundata
282 2233 347 2267 pro
363 2222 629 2268 praepositione
650 2224 687 2257 in
706 2225 885 2269 angendae
907 2223 1079 2257 orationis
1099 2234 1206 2256 causa
1223 2222 1375 2267 positum
1394 2220 1453 2253 sit,
1487 2219 1542 2253 De
1562 2219 1634 2253 Ad-

108 2276 244 2321 jectivo
272 2278 400 2312 nitidae
428 2287 607 2314 externam
640 2280 843 2314 divitiarum
875 2281 1031 2325 speciem
1062 2278 1426 2324 magnificentiamque
1454 2275 1635 2327 inuieante

118 2331 198 2366 vide
214 2333 371 2368 Broukh.
391 2341 429 2369 et
452 2336 550 2371 Diss.
571 2336 615 2371 ad
634 2335 720 2371 Tib.
747 2336 788 2380 4,
812 2339 829 2371 1
843 2363 852 2380 ‚
874 2337 955 2374 183.
986 2335 1126 2380 Gierig.
1153 2335 1199 2369 ad
1222 2333 1331 2368 Ovid.
1352 2333 1441 2366 Met.
1467 2334 1507 2366 11
1521 2358 1531 2375 ,
1551 2329 1634 2367 764.

116 2387 198 2422 noll.
219 2389 327 2423 nach.
351 2391 396 2424 ad
416 2393 458 2435 2,
477 2392 557 2436 795,
583 2391 745 2427 similiter
768 2394 937 2439 superbus
958 2392 1029 2426 od.
1052 2395 1091 2433 1,
1112 2390 1177 2434 35,
1198 2390 1233 2424 3.
1266 2391 1305 2432 2,
1329 2385 1393 2430 14,
1416 2389 1473 2422 27.
1501 2387 1557 2421 De
1573 2388 1633 2431 iis,

117 2443 178 2488 qui
199 2454 322 2487 parum
338 2446 451 2481 solida
475 2448 699 2483 fundamenta
722 2453 936 2494 posuerunt,
967 2448 1149 2491 eleganter
1168 2447 1334 2480 Lactant.
1356 2446 1444 2478 Inst.
1474 2442 1516 2487 5,
1537 2446 1579 2487 1,
1598 2445 1632 2480 9.

117 2509 262 2547 quornm
280 2511 352 2533 non
370 2507 420 2536 ent
437 2505 565 2538 stabilis
585 2517 626 2539 ae
642 2505 759 2539 solidis
780 2505 952 2539 radicibus
970 2504 1127 2545 fundata
1150 2508 1183 2535 ει
1196 2503 1280 2545 fixa
1300 2500 1483 2535 sententia.
1503 2499 1582 2536 Liv.
1600 2503 1633 2544 2,

116 2555 153 2597 7,
172 2555 226 2588 10.
255 2555 396 2589 Adeone
419 2563 470 2591 eet
492 2562 647 2599 fundata
671 2561 788 2594 leviter
803 2562 917 2605 fides,
946 2565 985 2593 ut
1008 2565 1077 2591 etc.
1120 2556 1311 2590 Contraria
1328 2556 1503 2591 sententia
1523 2556 1635 2592 Ovid.

116 2609 206 2644 Met.
224 2607 281 2651 14,
297 2610 379 2644 583.
409 2613 494 2646 bene
495 2616 660 2657 fundatis
674 2617 792 2661 opibus
807 2615 989 2650 crescentis
1003 2613 1088 2648 Jffli.
1112 2611 1262 2653 Quintil.
1277 2612 1431 2647 Declam-
1447 2613 1482 2647 9.
1497 2625 1535 2659 p.
1553 2615 1633 2651 160.

116 2667 181 2701 loe
197 2667 395 2710 fundatam
416 2670 573 2712 paternis
600 2672 764 2716 avitisque
790 2672 909 2716 opibus
933 2671 1072 2703 domum
1101 2669 1275 2704 exhaurit.
1316 2669 1374 2704 cf.
1402 2669 1493 2706 Plin.
1516 2669 1634 2716 Epist.

117 2718 160 2766 4,
181 2724 247 2765 21,
267 2721 302 2756 3.
332 2722 448 2757 Tacit.
469 2724 564 2761 nist.
584 2727 625 2767 2,
647 2726 706 2761 76.
750 2725 973 2762 Sententiam
995 2726 1132 2758 Poetae
1158 2724 1269 2769 igitur
1290 2737 1360 2760 non
1379 2732 1561 2762 assecutus
1579 2733 1635 2762 est

118 2777 296 2824 interpres
317 2778 495 2813 Gfimlzer:
525 2781 632 2823 „Der
649 2782 723 2816 sein
743 2782 985 2827 gesammeltes
1006 2781 1098 2814 Geld
1120 2780 1243 2826 anlegt
1267 2793 1311 2816 an
1333 2782 1541 2828 prass'chtigen
1558 2784 1636 2818 Vil-

120 2833 216 2869 len.“
244 2835 374 2869 Melius
395 2836 595 2870 Paseovius:
615 2836 747 2878 „deren
764 2836 1131 2882 Sichergegriindetes
1150 2838 1226 2872 Gut
1243 2838 1448 2874 herscheint
1459 2850 1522 2875 ane
1536 2840 1635 2886 glin-

4 2893 13 3138 ι
122 2889 253 2925 zenden
270 2890 426 2926 Villen.“
464 2892 546 2927 Non
566 2892 685 2938 placet
707 2893 863 2929 rossan:
891 2893 1042 2938 „neren
1065 2893 1306 2940 gegriindetes
1327 2896 1420 2931 Geld
1439 2897 1579 2933 anlacbt
1599 2898 1634 2931 in

176 2945 317 2981 Bou-r.
346 2947 394 2981 11.
1191 2946 1243 2988 18
1301 2949 1364 3000 (8)
