1910 3138
76 172 161 217 198
218 167 496 217 comNT.
523 170 581 212 IN
607 170 731 211 HOR.
768 170 867 210 LlB.
889 172 917 210 1.
958 169 1123 210 EPIST.
1154 169 1456 210 VICESIMAM.
1515 166 1598 209 541

78 285 211 326 borum
246 283 446 328 verborum
481 283 745 334 explicatione:
796 283 924 334 „fuge
961 283 1106 333 locum,
1145 284 1183 322 in
1223 295 1334 334 quem
1371 282 1604 321 descendere

77 351 247 404 gestis-‘⁴
311 350 461 390 Dicitur
495 351 726 389 descendere
752 363 828 389 non
866 350 942 400 „in
968 350 1196 403 periculum,
1235 352 1273 390 in
1307 351 1484 401 iusidias,
1494 351 1524 375 “
1562 355 1605 390 ut

76 421 178 459 Iani
186 446 204 466 ,
228 431 353 470 neque
376 423 535 471 propter
560 419 802 458 Horatiauam
828 419 866 456 in
894 417 1071 468 Esquiliis
1099 417 1386 469 habitationem,
1415 424 1456 458 ut
1486 419 1606 459 Wei-

79 487 234 527 mm
262 490 303 524 et
331 485 665 525 Walckenaoeius
693 486 910 539 opinantur,
937 485 1006 523 sed
1033 485 1122 536 quia
1147 486 1198 523 ad
1217 487 1342 525 forum
1365 486 1451 526 loco
1477 487 1606 526 humili

79 557 194 596 situm
223 555 403 594 Romanis
439 555 539 592 circa
576 553 828 592 habitantibus
859 552 942 590 fere
969 553 1278 612 descendenduq
1299 555 1383 594 fuit.
1440 555 1500 594 Ita
1523 557 1605 596 Cic.

75 625 129 662 de
153 623 268 661 Petit.
297 622 438 662 consul.
470 624 508 663 1.
549 624 680 672 Prope
708 619 881 673 quotidie
903 619 962 656 ad
986 620 1134 657 Forum
1158 620 1234 659 tihi
1257 622 1505 662 descendenti
1524 637 1607 662 mc·-

80 691 252 729 ‹litatum
282 690 347 727 sit.
386 689 445 730 Id.
471 690 519 727 ad
549 689 661 728 Attic.
684 688 725 738 4,
754 689 793 729 3.
826 702 950 740 quum
978 702 1092 725 sacra
1120 691 1188 727 via
1215 690 1511 738 descenderem,
1543 693 1607 730 in·

80 765 238 796 secutus
267 764 323 794 est
349 770 410 794 me
438 771 528 794 cum
553 759 648 796 suis.
705 757 818 796 Plura
845 757 990 795 dabunt
1012 757 1146 796 Bentl.
1171 763 1210 796 et
1237 759 1415 797 Schmid.
1442 761 1492 798 ad
1520 760 1558 799 ll.
1579 760 1607 798 l.

88 827 285 865 Garaton.
312 826 361 864 ad
390 824 471 864 Cic.
499 837 559 877 pr.
586 825 713 868 Plane.
743 825 808 866 14.
832 839 871 876 p·
895 825 964 867 85.
993 826 1054 863 ed.
1083 825 1200 864 Orell.
1241 826 1285 864 In
1310 827 1395 879 ipso
1424 842 1461 866 v.
1493 829 1608 867 Wei-

81 893 240 932 cherlus
264 891 320 944 (p.
350 888 424 942 74)
461 892 637 943 dilogiam
664 893 790 932 inesse
815 893 1042 942 arbitratur,
1076 905 1100 931 a
1125 893 1229 932 nullo
1253 895 1343 933 dum
1368 896 1608 936 observatam

76 961 315 1012 Interprete,
354 960 661 1010 quandoquidem
696 960 747 998 ad
781 960 973 1011 lupanaria
1006 974 1039 999 s.
1072 961 1235 1000 fornices
1271 962 1296 1000 i.
1334 976 1367 1001 e.
1400 970 1608 1004 cameratas

78 1030 211 1069 subter
247 1033 351 1066 terra
386 1026 500 1065 cellas
534 1028 839 1067 descendendum
874 1028 987 1067 fuerit
1016 1028 1102 1067 coll.
1129 1029 1344 1082 Heindorf:
1381 1033 1431 1070 ad
1453 1033 1537 1070 Sat.
1566 1033 1608 1081 1,

83 1098 125 1147 2,
150 1094 221 1138 84.
249 1094 435 1133 :Iudicium
469 1107 589 1146 penes
617 1109 684 1134 eos
711 1101 819 1147 esto,
856 1097 935 1146 qui„
953 1097 992 1135 in
1027 1097 1163 1135 talibus
1196 1100 1303 1149 quasi
1334 1099 1521 1139 habitant!
1554 1123 1604 1130 —

80 1163 132 1202 V.
150 1165 191 1209 6.
228 1162 327 1201 Non
350 1163 423 1199 en't
449 1164 588 1219 emisso
617 1163 765 1201 reditus
792 1162 878 1202 tibi.
926 1164 990 1202 Sic
1017 1165 1065 1203 de
1092 1165 1242 1217 scriptis
1272 1166 1349 1206 suis
1372 1166 1455 1208 Cic.
1483 1168 1610 1219 Epist.

82 1231 131 1281 ad
161 1229 246 1272 Div.
274 1231 315 1279 7,
346 1229 418 1279 83,
449 1231 487 1271 2.
529 1232 567 1268 si
593 1232 755 1283 quando
781 1231 943 1282 aliquid
967 1232 1135 1284 dignum
1164 1240 1294 1271 nostro
1319 1236 1477 1273 nomine
1511 1237 1610 1274 emi—

83 1299 220 1336 simus.
247 1297 344 1336 Plin.
372 1297 498 1348 Epi-t.
527 1300 567 1347 1',
597 1301 636 1349 2,
669 1302 707 1340 6.
738 1298 893 1345 libelli,
923 1313 1020 1350 quos
1042 1302 1251 1340 emisimus.
1271 1323 1328 1331 —
1357 1303 1471 1353 Quid
1493 1305 1611 1342 miser

85 1365 178 1418 egi?
226 1366 271 1404 V
262 1379 326 1403 oss
335 1392 354 1411 ,
384 1378 495 1415 quem
524 1372 730 1417 sequuntur
760 1367 803 1404 C'.
837 1367 1055 1405 Passovius
1068 1397 1082 1414 ,
1110 1368 1291 1415 Merkel,
1326 1370 1405 1408 alii:
1439 1370 1609 1420 ‚‚Wehe‚

85 1446 163 1472 was
189 1433 273 1473 that
302 1433 419 1470 ich!“
460 1433 580 1471 Recte
607 1435 781 1485 quidem,
818 1448 1029 1486 quanquam
1065 1436 1253 1488 improbat
1285 1437 1518 1485 Hoc-heder,
1545 1441 1610 1490 qui

84 1501 241 1539 mavult:
265 1499 367 1548 „Wo
397 1499 492 1537 habe
519 1500 578 1538 ich
603 1501 886 1552 hingedacht!“
928 1503 1159 1555 Comparant
1182 1506 1339 1544 Terent.
1370 1506 1487 1544 Andr.
1510 1509 1550 1556 1,
1570 1509 1611 1556 1,

89 1569 184 1609 112.
238 1566 348 1616 Quid
365 1567 474 1618 feci,
502 1569 602 1619 quid
625 1571 862 1615 commerui,
898 1566 1182 1622 aut'peccavi,
1202 1573 1352 1624 pater?
1391 1575 1514 1620 Quum
1546 1574 1611 1612 illa

84 1634 222 1683 verba,
251 1638 329 1672 tum
355 1646 452 1684 quae
478 1642 704 1686 sequuntur:
752 1638 861 1688 Quid
881 1638 1020 1676 volui?
1045 1641 1236 1691 pertinent
1266 1642 1316 1679 ad
1340 1642 1456 1681 verba
1486 1643 1609 1689 dices,

90 1701 162 1740 ubi
187 1702 278 1753 quis
312 1707 349 1737 te
376 1700 560 1750 laeserit,
601 1707 628 1744 i.
655 1719 691 1744 e.
726 1718 813 1744 sero
854 1707 1007 1758 sapiens
1041 1708 1164 1746 sactus
1197 1709 1331 1756 dices,
1369 1714 1412 1748 ut
1445 1724 1521 1748 non
1560 1711 1612 1749 sit

88 1769 299 1808 audiendus
327 1769 487 1808 Badius
497 1799 516 1817 ,
554 1772 603 1809 de
631 1772 738 1822 cujus
775 1775 964 1813 sententia
998 1775 1123 1825 „liber
1151 1777 1260 1828 quasi
1293 1777 1390 1816 filius
1426 1778 1558 1816 dolens
1587 1791 1612 1816 a

86 1842 195 1890 patre
227 1838 432 1876 renuntiari
461 1843 498 1877 et
525 1839 688 1877 abdicari
714 1842 878 1891 quaerit:
930 1842 1040 1892 Quid
1061 1844 1178 1880 miser
1205 1843 1297 1896 egi?
1323 1848 1481 1895 propter
1507 1845 1611 1895 quod

87 1905 229 1943 seilicet
265 1904 352 1943 mihi
379 1905 543 1944 reditum
580 1911 707 1958 vetes,
750 1909 799 1946 ad
828 1922 924 1960 quae
950 1912 1180 1962 respondeat
1206 1912 1343 1950 Poeta:
1393 1913 1454 1949 Tu
1488 1912 1610 1958 dices,

88 1972 191 2026 quid
213 1971 362 2010 volui“
387 1976 461 2010 ete.
510 1973 686 2012 Ceterum
715 1988 752 2014 v.
779 1977 819 2016 7.
859 1978 949 2028 quis
976 1983 1013 2015 te
1039 1978 1221 2025 laeserit,
1256 1993 1332 2017 non
1367 1979 1467 2030 quid
1472 1994 1490 2027 ,·
1518 1980 1610 2018 illud

86 2034 136 2079 ad
172 2039 259 2078 libri
293 2051 492 2092 personam
529 2041 646 2079 multo
685 2045 1000 2084 accommodatius
1036 2050 1140 2085 recte
1176 2047 1444 2097 interpretatur
1481 2046 1611 2086 Schol.

86 2108 224 2159 Cruq.:
267 2111 498 2159 „postquam
533 2109 666 2160 aliquis
693 2112 733 2148 te
761 2111 1091 2164 reprehenderit,“
1120 2128 1217 2153 nove
1238 2101 1428 2151 ‘Diintzer
1455 2119 1524 2164 „te
1550 2115 1610 2153 in-

86 2175 246 2215 humane
274 2175 496 2226 arripuerit,
525 2177 591 2215 mit
616 2177 758 2216 rauhen
786 2178 950 2217 Hiinden
975 2181 1211 2232 anpacken.“
1264 2180 1307 2218 In
1338 2181 1495 2218 alteram
1521 2194 1611 2232 par-

87 2246 166 2281 tem
190 2242 344 2280 laudant
370 2243 482 2282 ovid.
511 2242 600 2281 Her.
630 2244 671 2294 5,
702 2244 795 2286 104.
822 2246 939 2284 nulla
960 2247 1195 2298 reparabili-s·
1220 2254 1305 2284 arte
1327 2247 1461 2285 Laesa
1479 2249 1609 2299 pudi-

91 2310 187 2347 citia
214 2316 283 2347 est.
326 2310 459 2347 Senec.
490 2309 669 2351 Controv.
703 2316 740 2363 1,
761 2315 799 2355 2.
827 2327 866 2365 p.
887 2316 954 2355 89.
982 2314 1070 2366 Bip.
1105 2314 1200 2351 Non
1226 2321 1302 2364 est,
1335 2315 1444 2365 quod
1459 2317 1612 2355 audeas

92 2376 246 2415 laedere
265 2376 519 2426 pudicitiam.

90 2513 202 2546 vertit.
220 2513 326 2547 enim:
353 2513 489 2557 „Nicht
505 2526 544 2550 so
564 2526 632 2560 zog
650 2514 707 2550 ich
725 2514 806 2549 dieb
827 2515 899 2550 auf.
935 2514 1053 2559 Nein,
1072 2514 1178 2550 fliehe
1197 2516 1265 2551 den
1285 2517 1375 2560 Ort,
1397 2529 1452 2553 wo
1471 2519 1518 2554 du
1533 2519 1610 2555 hin-

92 2569 246 2602 strebst!
283 2568 369 2603 Lass
387 2569 442 2604 ich
465 2570 543 2605 dieb
564 2572 654 2615 fort,
675 2571 772 2605 nicht
786 2571 933 2606 kommst
951 2573 998 2606 du
1017 2571 1184 2608 zuriick.“
1219 2572 1390 2608 Similiter
1402 2575 1609 2612 Neumann:

92 2623 222 2668 „Flieh
240 2624 353 2658 lieber
367 2625 429 2660 das
443 2626 537 2669 Ziel,
558 2629 620 2661 das
634 2627 681 2661 du
696 2627 905 2663 wfinschest.
937 2627 1017 2662 Bist
1031 2627 1078 2662 du
1099 2629 1224 2663 beraus
1234 2655 1246 2674 ,
1264 2631 1322 2665 nie
1344 2631 1472 2666 kannst
1487 2633 1534 2667 du
1546 2644 1608 2668 zu-

91 2680 218 2719 riick.“
251 2679 401 2715 Usitatis
414 2682 535 2716 verbis
547 2683 591 2716 ad
604 2690 759 2717 nostrum
775 2684 985 2719 stomachum
998 2684 1051 2718 ita
1066 2684 1177 2719 utitur
1193 2685 1414 2732 melundas,
1436 2694 1475 2723 ut.
1488 2688 1608 2725 lectis-

93 2735 188 2771 simis
209 2740 349 2771 utatur:
371 2737 512 2781 „Aber,
533 2737 614 2772 weil
631 2739 706 2772 du's
726 2739 815 2773 dann
835 2740 932 2775 nicht
951 2741 1074 2775 besser
1093 2741 1206 2775 haben
1227 2742 1353 2786 willst,
1371 2755 1411 2779 so
1427 2744 1515 2792 geh,
1534 2758 1607 2781 wo-

91 2791 154 2828 hin
173 2804 212 2827 so
229 2792 307 2827 weh
326 2791 381 2827 dir
393 2792 461 2827 ist!
498 2793 564 2827 Die
582 2794 680 2828 Rene
698 2794 785 2829 wird
805 2795 884 2830 dich
904 2807 968 2831 nur
986 2808 1031 2832 zu
1051 2796 1133 2832 bald
1150 2799 1345 2844 ergreifen,
1370 2801 1458 2837 aber
1476 2801 1607 2838 leider!

93 2849 186 2884 daun
205 2860 249 2883 zu
267 2849 360 2895 spat.
400 2849 535 2885 Einmal
553 2849 696 2896 hinaus,
715 2853 780 2886 so“
798 2858 869 2890 etc.

148 2917 292 2951 Honu.
318 2917 368 2951 Π.
1222 2916 1276 2958 35
1304 2919 1397 2972 (13)
