1910 3138
2 106 5 109 ’
82 133 141 176 37
195 127 475 182 comam.
494 130 691 174 maon.
704 131 806 173 Lm.
822 131 854 172 1.
884 131 1054 172 nrisT.
1068 130 1267 180 QUART.
1282 130 1463 173 nsscm
1521 130 1606 174 197

83 257 192 297 imin
216 259 263 298 et
283 258 472 296 contrario
495 257 637 298 calonis
667 257 794 310 arguti
820 269 856 296 v.
885 254 955 301 42.
985 261 1026 296 et
1051 257 1112 297 sui
1136 256 1256 310 ipsius
1278 269 1316 295 v.
1343 257 1409 299 16.
1436 257 1602 298 illustra-

80 329 167 375 tur,
192 325 234 365 in
257 337 343 364 eum
367 326 481 364 finem
503 326 726 377 proposuit,
750 328 795 363 ut
816 325 881 376 qui
902 325 942 364 in
964 325 1101 364 talibus
1118 324 1234 364 rebus
1254 323 1327 369 sibi
1349 337 1484 377 parum
1507 339 1600 366 con-

76 391 253 444 amnt,
296 393 511 444 speculum,
553 394 592 431 in
619 393 723 444 quod
748 394 1004 443 intuerentur,
1048 393 1253 443 haberent,
1296 392 1347 431 cf.
1360 398 1511 433 ‘annot
1546 395 1597 433 ad

74 459 199 513 Epist.
221 461 268 511 1,
298 462 364 502 11.
390 474 430 512 p.
452 461 519 502 95.
561 461 634 499 Cui
661 461 887 511 expositioni
914 461 1083 512 adjunxit
1104 460 1179 500 alia
1203 459 1341 512 partim
1366 461 1418 499 ad
1439 462 1595 513 amicos,

72 528 211 580 partim
235 529 287 567 ad
321 541 426 567 suam
456 530 574 580 ipsius
612 529 866 568 conditionem
902 530 1138 580 spectantia,
1175 529 1230 566 ita
1262 532 1388 567 tamen
1417 529 1516 570 inter
1550 544 1594 570 se

71 608 239 636 connexa
246 624 262 648 ,
287 600 331 636 ut
353 596 501 648 singula
526 597 635 648 quasi
658 595 786 634 circuli
810 597 861 634 ad
887 597 1053 635 medium
1079 596 1189 635 relati
1212 596 1423 635 videantur.

116 663 119 666 ’
181 663 242 703 Ab
272 664 344 704 hac
382 666 495 715 quam
532 665 615 702 ausi
655 676 783 702 sumus
819 664 1066 716 explicatione
1105 677 1227 717 prope
1263 662 1375 702 abest
1418 661 1592 718 Porphy—

67 731 176 783 rion,
202 745 316 784 quum
341 732 541 770 Horatium
569 732 648 782 „ad
676 731 836 770 villicum
864 745 973 770 snum
997 731 1094 770 hanc
1121 732 1233 784 epist.
1261 730 1462 781 scripsisse
1485 733 1590 785 dicit,

66 798 108 837 in
135 811 210 850 qua
237 800 471 849 ostenderit,
501 811 650 837 omnem
682 798 871 838 homiuem
898 800 1085 838 vitiosum.
1096 800 1125 823 ‘⁶
1181 798 1216 837 A
1244 810 1335 836 vero
1367 811 1491 852 prope
1520 801 1590 840 ab-

67 875 158 906 sunt
175 867 451 905 Bmmannus
460 895 477 913 ,
511 867 563 906 G.
585 864 797 904 Fabul-ius
804 894 821 912 ,
848 866 1061 904 Rodellius
1068 864 1105 917 ¹⁸²)
1124 870 1165 906 et
1184 863 1416 916 Rappoltus
1423 893 1442 912 ,
1470 880 1589 919 quan-

66 946 176 984 quam
203 934 264 972 hic
293 935 433 974 erravit
467 936 507 973 in
545 934 718 984 singulis.
773 934 919 974 Contra
954 935 1017 972 alii
1052 933 1265 984 complures
1299 931 1450 972 Acrone
1480 937 1589 986 quasi

65 1001 163 1040 duce
187 1001 399 1054 („castigat
423 1003 584 1040 villicum
607 1015 737 1052 suum,
766 1003 869 1053 quod
892 1003 945 1040 illi
969 1014 1062 1052 ager
1088 1001 1262 1049 sordeat,
1289 1013 1403 1050 quem
1422 1003 1588 1054 quinque

63 1067 265 1120 aliquando
299 1071 551 1121 possederunt
582 1069 827 1121 senatores“)
860 1069 1019 1109 Poetam
1053 1069 1093 1106 id
1126 1069 1252 1118 egisse
1280 1069 1503 1120 opinantur,
1543 1074 1587 1108 ut

61 1136 222 1176 villicum
250 1138 291 1175 in
316 1138 395 1176 vita
419 1137 561 1176 rustica
583 1150 717 1188 parum
744 1136 818 1175 sibi
845 1142 1082 1176 constantem
1106 1148 1196 1174 vere
1224 1135 1402 1175 edoceret
1426 1138 1476 1175 ad
1503 1150 1586 1176 me-

59 1205 269 1256 lioremqne
297 1206 446 1256 frugem
480 1205 690 1244 reduceret.
759 1205 820 1244 Ab
857 1206 928 1244 hac
962 1203 1276 1253 interpretatione
1311 1204 1364 1243 ita
1400 1207 1585 1244 recedunt

58 1261 295 1311 riecentiones
324 1274 576 1325 interpretes,
606 1277 646 1310 ut
675 1274 884 1325 Epistolam
911 1286 989 1312 non
1015 1271 1151 1317 villici,
1188 1270 1257 1309 sed
1287 1270 1444 1311 aliorum
1469 1286 1583 1313 cansa

57 1341 250 1392 scriptam
271 1344 425 1392 putent;
461 1352 673 1392 quanquam
702 1342 741 1379 in
767 1355 810 1380 re
838 1342 923 1393 ipsa
947 1351 1181 1391 magnopere
1210 1338 1450 1378 dissentiunt.
1515 1341 1582 1380 Sic

61 1407 323 1448 erlandius
355 1409 514 1446 Poetam
550 1409 590 1445 in
626 1408 719 1446 urbe
756 1414 909 1460 praeter
934 1422 1042 1459 spem
1068 1407 1209 1446 diutius
1244 1406 1438 1445 detentum
1471 1409 1580 1459 quasi

55 1476 167 1514 animi
188 1477 246 1514 sni
270 1489 386 1514 causa
408 1476 503 1513 hanc
519 1475 732 1526 Epistolam
753 1476 893 1515 chartis
915 1476 1079 1514 illusisse
1101 1477 1234 1525 putat,
1259 1473 1426 1513 fortasse
1449 1477 1578 1528 etiam,

54 1547 98 1582 ut
120 1556 234 1594 quum
260 1543 375 1593 alios,
411 1548 491 1582 tum
518 1544 680 1592 amicos,
717 1544 851 1594 quibus
879 1548 1057 1583 constans
1085 1541 1147 1579 ille
1179 1542 1277 1579 ruris
1315 1554 1423 1580 amor
1458 1543 1576 1582 mirus

55 1614 159 1649 esset
193 1611 322 1660 visus,
359 1623 465 1649 suam
495 1612 644 1650 vivendi
677 1613 863 1650 rationem
894 1613 1085 1650 edoceret.
1154 1609 1263 1648 Hane
1290 1609 1577 1661 explicationem

59 1676 309 1715 lVeichoetus
333 1677 474 1728 (Lectt.
493 1677 587 1716 Ven.
614 1692 654 1730 p.
673 1677 762 1729 75.)
789 1679 844 1717 ita
871 1679 1023 1728 definit,
1052 1681 1095 1716 ut
1125 1677 1244 1715 dicat:
1274 1677 1450 1727 „Idcirco
1476 1677 1574 1717 hanc

52 1745 103 1782 ad
128 1744 298 1782 Villicnm
323 1745 534 1797 Epistolam
563 1746 611 1783 ab
639 1747 822 1795 Horatio,
848 1746 995 1785 Romae
1019 1759 1137 1796 quum
1161 1748 1290 1794 esset,
1316 1745 1430 1782 animi
1458 1757 1573 1784 causa

51 1812 225 1863 scriptam
249 1812 412 1851 arbitror
438 1818 597 1864 propter
621 1827 687 1852 eos
712 1815 880 1864 amicos,
908 1815 994 1864 qui,
1030 1827 1106 1864 quo
1129 1812 1269 1850 diutius
1295 1812 1463 1863 jucunda
1489 1813 1569 1863 ejus

49 1881 262 1918 fruerentur
288 1881 468 1919 societate
496 1894 540 1919 ac
562 1882 757 1931 convictu,
790 1883 829 1919 id
858 1882 988 1932 quovis
1015 1881 1129 1918 modo
1155 1878 1379 1928 studebant,
1415 1892 1499 1917 eum
1526 1879 1570 1916 ut

48 1949 89 1986 in
114 1947 208 1986 urbe
236 1949 447 1986 detinerent
473 1961 632 1999 eumque
659 1961 683 1986 a
709 1949 807 1987 ruris
831 1962 983 1997 amore,
1011 1960 1122 1999 quem
1149 1947 1281 1999 procul
1309 1947 1423 1985 dubio
1452 1959 1567 1997 saepe

48 2015 278 2067 multumque
302 2019 495 2067 creparet,
522 2018 752 2055 avocarent“
768 2021 839 2055 ete.
868 2016 980 2056 Conf.
1012 2015 1054 2054 C.
1074 2015 1241 2052 Passov.
1258 2015 1311 2053 N.
1333 2015 1429 2055 282.
1458 2013 1566 2051 Illam

43 2084 318 2135 interpretandi
345 2085 527 2122 rationem
554 2084 635 2122 fere
662 2096 767 2122 suam
794 2084 966 2122 fecerunt
996 2082 1180 2119 Diintzer
1204 2096 1244 2134 p.
1272 2079 1367 2121 415.
1395 2083 1436 2117 et
1462 2078 1564 2116 Dil-

47 2150 256 2202 lenburger
278 2152 356 2202 ita,
384 2156 426 2190 ut
451 2151 629 2201 credant,
662 2150 876 2202 Epistolam
906 2150 1020 2188 villici
1046 2150 1197 2187 nomine
1223 2149 1394 2186 simulato
1422 2148 1563 2186 amico-

45 2230 127 2256 rum
163 2231 300 2269 causa,
334 2219 404 2269 -qui
434 2219 682 2257 nescivissent
710 2232 834 2269 neque
870 2217 1167 2264 intellexissent,
1202 2217 1293 2265 quid
1328 2214 1483 2253 Poetam
1511 2216 1562 2253 de

46 2288 167 2322 morte
194 2285 270 2335 Qu.
294 2285 410 2322 Aelii
435 2286 606 2323 Lamiae
633 2286 770 2324 diutius
795 2288 873 2335 jam
897 2286 934 2322 in
960 2283 1052 2321 urbe
1078 2286 1263 2321 moratum
1298 2287 1337 2319 et
1372 2286 1560 2320 retentum

46 2352 123 2387 tam
144 2351 380 2390 vehementer
408 2365 454 2390 ex
481 2353 571 2391 urbe
600 2354 639 2390 in
668 2353 904 2391 solitudinem
931 2352 1107 2389 rusticam
1130 2350 1293 2398 vocarit,
1322 2361 1409 2386 esse
1435 2349 1559 2400 scrip·

46 2419 135 2454 tam.
170 2417 238 2453 R.
264 2417 407 2455 Jacobs
444 2422 567 2456 autem
597 2418 657 2468 (V.
684 2434 724 2471 p.
754 2420 805 2460 65
836 2432 920 2469 sqq.
950 2416 1038 2467 78.)
1046 2443 1060 2466 ,
1098 2417 1156 2454 cui
1184 2418 1439 2454 assentiuntur
1464 2416 1557 2454 Ba-

46 2481 160 2519 chius
186 2482 337 2532 (Zimm.
370 2485 586 2532 „Zeitschn
612 2486 642 2523 f.
672 2488 708 2523 d.
737 2486 821 2524 A.“
853 2484 973 2526 1834.
1001 2498 1040 2535 p.
1069 2483 1210 2533 1040.)
1238 2487 1277 2520 et
1308 2482 1480 2522 Orellizoe
1504 2485 1555 2523 ad

44 2548 82 2587 h.
112 2549 137 2587 l.
150 2575 163 2598 ,
191 2549 398 2600 Epistolam
418 2549 537 2590 literis
559 2555 771 2592 mandatam
788 2554 983 2604 opinatur,
1013 2554 1054 2588 ut
1071 2549 1167 2588 Hor.
1186 2550 1416 2602 importunas
1433 2551 1553 2591 homi-

154 2694 195 2739 *)
215 2694 411 2730 Rodelliust
438 2697 590 2744 „Neque
603 2700 693 2736 hauc
710 2703 797 2746 puto
822 2711 902 2733 esse
922 2698 1140 2744 Epistolam,
1160 2699 1223 2734 sed
1241 2700 1381 2736 Poesim
1403 2701 1440 2737 in
1463 2702 1550 2738 fieta

44 2752 270 2786 contentione
286 2752 430 2786 Horatii
449 2764 525 2788 cum
539 2755 683 2802 villico,
701 2756 856 2791 rationes
872 2759 1102 2801 exponentem
1120 2767 1185 2791 cur
1200 2758 1278 2792 vita
1295 2758 1428 2794 rustica
1444 2761 1549 2795 urba-

43 2817 109 2841 nae
127 2808 357 2854 praeferenda
374 2808 575 2843 fideaturf‘
