1910 3138
74 163 156 205 175
213 159 494 203 comm.
515 160 571 201 ιΝ
587 161 714 202 non.
736 161 836 202 Lm.
851 162 883 201 1.
915 161 1078 202 Emsr.
1096 154 1468 202 UNnssvrcasm„
1516 157 1602 200 523
1675 133 1680 138 ’

75 276 158 315 Sat.
186 276 227 323 l,
252 275 299 324 9,
325 275 363 316 2.
388 274 460 327 (lb.
487 274 645 326 Heind.)
685 275 832 312 Nescio
857 275 959 327 quid
982 275 1179 313 meditans
1207 287 1423 326 nugarum.
1465 273 1602 312 Catuli·

76 343 117 391 1,
143 341 185 382 4.
213 348 259 380 tu
283 341 439 380 solebas
471 343 592 380 Meas
621 355 701 379 esse
729 343 891 394 aliquid
913 350 1059 392 pzdare
1083 357 1228 395 nugas.
1257 342 1369 380 Mart.
1399 344 1440 390 6,
1466 340 1535 391 64,
1562 343 1600 382 7.

66 408 152 452 ,tibi
164 410 362 461 fra-mittis
378 409 519 461 felices
539 423 698 461 carpere
725 424 871 462 nugas.
923 411 1143 461 Hieronym.
1166 411 1290 462 Epist.
1318 410 1367 448 ad
1390 409 1600 448 Pammaeh.

74 477 144 519 58.
170 477 223 516 ΙΙ.
256 491 296 530 p.
325 479 392 519 81.
427 477 479 517 D.
519 477 618 515 Non
655 492 745 516 sum
779 485 914 516 tantae
943 478 1181 528 felicitatis,
1219 485 1394 530 quantae
1421 477 1603 529 pleriqtce

74 545 197 594 hujus
218 547 403 597 temporis
421 552 651 583 hactatores
662 574 676 591 ,
697 553 742 583 ut
762 560 895 598 nugas
915 560 1023 583 meas
1033 575 1048 592 ,
1070 547 1230 598 quando
1247 545 1452 595 voluerim,
1471 559 1603 583 emen-

73 612 169 650 dare
189 614 356 664 poesim.
403 613 547 651 Similia
574 614 791 665 suppeditat
817 615 1013 652 annotatio
1051 616 1100 652 ad
1133 616 1172 663 1,
1213 616 1276 656 10.
1314 613 1399 652 coll.
1436 614 1523 654 Axt.
1552 614 1600 651 ad

73 679 229 718 Vestrit.
252 681 366 732 Spur.
395 683 433 729 1,
455 683 492 722 1.
520 695 557 732 p.
583 682 636 722 31
658 695 743 732 sqq.
770 681 927 732 Forbig.
959 682 1008 719 ad
1036 682 1140 732 Virg.
1163 682 1245 720 Ecl.
1268 683 1307 732 1,
1331 682 1394 723 10.
1419 682 1468 720 Ο.
1492 682 1601 720 Jahn.

73 747 123 784 ad
149 746 257 786 Pers.
288 749 327 797 1,
355 748 445 797 55„
486 749 621 800 quibus
656 750 755 788 adde
783 749 895 788 Mart.
929 751 968 799 2,
998 750 1064 794 86,
1095 747 1135 788 9.
1172 751 1214 799 8,
1243 750 1286 799 3,
1321 751 1387 790 11.
1418 749 1460 799 9,
1492 752 1530 799 1,
1559 751 1599 791 5-

76 815 146 865 10,
178 817 246 865 17,
274 815 315 857 4.
346 817 412 864 13,
442 817 480 866 2,
509 813 550 857 4.
583 818 653 867 14,
684 818 781 867 183,
810 819 848 859 2.
877 821 916 856 et
944 818 1042 865 185,
1071 819 1110 858 2.

184 883 234 921 V.
270 883 337 925 43.
386 885 513 922 Rides
526 913 541 931 ,
579 886 663 930 ait,
697 892 734 922 et
760 890 832 924 etc.
874 885 1001 922 Rides
1028 898 1104 922 non
1140 886 1193 922 uti
1218 883 1418 921 Lambino
1445 889 1600 923 auctore

74 950 197 989 multi:
227 951 555 1000 „dissimulatione
583 952 747 1002 uteris‚“
776 954 845 991 sed
872 952 1106 1003 „ludificaris
1134 954 1253 1003 nos‚“
1280 957 1487 991 nostrates:
1519 953 1600 1002 „du

75 1019 283 1069 spottest,“
313 1020 364 1056 uti
386 1019 493 1057 Pers.
525 1024 560 1068 l,
590 1018 657 1061 40.
686 1020 832 1070 Rides,
859 1023 937 1067 ait,
971 1028 1007 1058 et
1036 1021 1154 1057 nimis
1182 1022 1297 1057 uncis
1326 1020 1510 1057 Naribus
1535 1021 1601 1058 in-

74 1086 228 1138 dulges.
269 1085 432 1124 Verbum
461 1089 520 1124 ait
548 1089 596 1127 de
624 1101 699 1127 uno
730 1088 880 1139 aliquo,
916 1102 1028 1139 quem
1061 1088 1324 1139 obloquentem
1353 1089 1460 1126 nobis
1490 1089 1601 1139 fingi-

73 1167 170 1192 mus.
221 1153 381 1192 Veteres
406 1154 632 1206 interpretes
662 1156 742 1194 sere
780 1156 1006 1206 „invidum“
1038 1158 1194 1207 intelligi
1216 1157 1372 1207 jubent,
1411 1158 1481 1195 sed
1515 1157 1600 1195 vide

74 1234 172 1271 quae
198 1226 289 1273 post
314 1221 541 1270 Bentlejum
569 1230 608 1263 et
632 1224 846 1275 Heindorf
875 1225 924 1262 ad
953 1225 1034 1266 Sat.
1057 1227 1097 1275 l,
1116 1223 1158 1275 4,
1184 1227 1251 1266 79,
1281 1226 1329 1263 de
1360 1225 1428 1262 hac
1451 1224 1601 1263 dicendi

74 1289 345 1328 consuetudine
375 1289 577 1330 observarit
600 1292 830 1329 Schmidius
854 1292 903 1329 ad
926 1291 963 1332 h.
985 1292 1010 1332 l.
1046 1293 1239 1330 Schmidt.
1268 1294 1316 1330 ad
1335 1293 1420 1331 Juv.
1440 1296 1482 1343 7,
1504 1292 1598 1336 242.

74 1369 112 1408 p.
140 1357 236 1398 213.
289 1356 337 1395 Ο.
365 1358 489 1397 Jahn.
522 1361 570 1398 ad
598 1360 705 1398 Pers.
740 1373 779 1411 p.
812 1360 880 1400 88.
918 1359 1191 1398 Hildebrand.
1231 1362 1280 1398 ad
1313 1362 1457 1400 Arnob.
1491 1364 1531 1413 1,
1560 1363 1600 1405 9.

73 1437 114 1476 p.
146 1423 212 1464 19.
247 1424 333 1462 coll.
363 1426 518 1464 Haasio
544 1427 593 1464 ad
623 1427 771 1478 Reisig.
803 1426 1117 1479 ,‚Vorlesungg.“
1152 1430 1185 1478 §.
1215 1430 1310 1469 197.
1345 1430 1397 1467 Ν.
1422 1428 1518 1471 344.
1547 1453 1598 1459 -

74 1491 187 1529 Iovis
223 1492 390 1530 auribus
426 1495 504 1532 ista
544 1495 714 1541 Servus,
749 1496 805 1532 uti
833 1494 948 1532 Mart.
975 1497 1015 1543 2,
1043 1496 1113 1545 86,
1143 1497 1194 1536 11
1220 1509 1278 1546 sq.
1321 1497 1482 1534 Scribat
1508 1512 1600 1535 car-

73 1560 186 1596 mina
214 1559 374 1597 circulis
401 1561 645 1599 Palaemon.-
690 1563 763 1599 Me
784 1563 890 1599 raris
904 1565 1031 1610 juvat
1052 1563 1219 1601 auribus
1236 1564 1410 1614 placere.
1454 1566 1600 1610 Quodsi

72 1625 163 1664 illud
188 1626 360 1665 Bothius
391 1629 605 1678 „invidiose
632 1630 801 1668 dictum“
823 1630 932 1678 dicit,
961 1644 1039 1668 non
1068 1632 1338 1683 disputabimus
1368 1637 1520 1679 contra,
1547 1635 1600 1672 si-

72 1694 221 1744 quidem
255 1694 304 1733 de
336 1695 525 1735 hominum
552 1697 698 1736 illorum
734 1699 922 1736 sententia
955 1699 1112 1738 Poetam
1147 1701 1254 1751 quasi
1289 1702 1599 1752 tergiversantem

73 1764 115 1798 et
142 1775 210 1800 sua
249 1762 320 1800 soli
357 1764 531 1814 Augusto
563 1770 775 1804 servantem
812 1754 948 1812 sensim
992 1768 1129 1805 etenim
1165 1768 1271 1806 Jovis
1304 1770 1508 1820 appellatio
1545 1771 1599 1809 uti

72 1829 228 1867 maxime
255 1830 483 1882 honorifica,
511 1833 565 1870 ita
592 1846 615 1871 a
641 1833 702 1871 vili
730 1833 947 1873 adulatione
969 1835 1112 1882 aliena;
1152 1837 1200 1874 ab
1228 1837 1471 1875 orientalibus
1501 1840 1599 1876 enim

74 1895 224 1946 regibus
248 1898 326 1947 jam
354 1899 403 1936 ad
430 1901 619 1952 principes
643 1903 919 1954 occidentales,
953 1907 1085 1956 utpote
1119 1903 1213 1940 deos
1241 1916 1286 1941 ac
1312 1909 1489 1955 parentes
1518 1905 1598 1943 for-

73 1968 205 2012 tunae,
243 1966 427 2005 translata
452 1977 553 2015 erat3
590 1970 758 2008 similiter
790 1971 869 2010 Sat.
901 1974 940 2022 2,
969 1974 1009 2021 6,
1039 1972 1106 2013 52.
1157 1971 1264 2008 Deos
1294 1973 1482 2022 quoniam
1503 1986 1599 2023 pro-

65 2032 164 2081 pius
187 2033 364 2084 attingis.
411 2034 524 2088 Prop.
556 2038 599 2087 3,
626 2038 666 2088 3,
696 2039 735 2078 1.
779 2039 913 2076 Arma
942 2040 1038 2077 deus
1081 2039 1226 2076 Caesar
1258 2038 1355 2076 dites
1386 2040 1600 2078 meditatur

71 2099 131 2137 ad
155 2097 293 2138 Indos.
337 2102 450 2144 ovid.
478 2103 598 2155 Trist.
629 2107 668 2156 1,
699 2107 737 2155 1,
767 2108 835 2147 81.
880 2109 952 2144 Me
976 2119 1153 2158 quoque,
1182 2120 1285 2157 quae
1310 2108 1440 2153 sensi,
1464 2108 1600 2159 fateor

72 2167 183 2205 Iovis
205 2182 321 2206 arma
349 2170 494 2210 timere.
550 2173 744 2210 Ferendus
781 2174 895 2223 igitur
922 2174 1173 2211 Weiclzertus
1202 2173 1262 2225 (p.
1295 2175 1405 2224 103.)
1432 2175 1494 2213 hic
1521 2189 1598 2215 non

73 2235 237 2282 videtur,
265 2249 378 2286 quum
402 2237 599 2277 Horatium
623 2241 670 2277 ad
697 2241 882 2291 ejusmodi
910 2242 1159 2280 adulationem
1188 2254 1264 2278 non
1300 2254 1343 2279 se
1378 2242 1500 2292 ipsum
1528 2243 1598 2281 ab·

67 2303 228 2353 jecisse,
257 2305 325 2342 sed
354 2316 434 2343 eam
462 2305 523 2342 alii
546 2306 687 2356 pariter
715 2311 826 2357 atque
855 2306 919 2344 illo
949 2309 1159 2347 Satirarum
1183 2309 1267 2346 loco
1296 2308 1512 2348 attribuisse
1539 2311 1598 2348 di-

74 2369 134 2407 cit.
183 2369 276 2408 Non
306 2370 388 2409 aliis
416 2385 566 2423 quoque
594 2373 687 2412 locis
713 2374 796 2424 ipse
824 2373 913 2412 talia
941 2374 1159 2427 eloquitur?
1206 2376 1301 2420 Quis
1332 2381 1392 2414 est
1422 2380 1497 2415 tam
1525 2377 1597 2417 he-

74 2503 140 2538 dus
158 2504 295 2540 laudum
321 2508 529 2543 accumulari
556 2510 726 2554 gaudent,
757 2511 816 2554 qui
843 2511 997 2545 earmina
1025 2521 1088 2545 sua
1106 2510 1227 2556 inepta
1251 2511 1388 2546 laudari
1411 2514 1595 2559 cupiunt.“

75 2559 220 2595 Rectius
238 2566 353 2596 tamen
370 2562 641 2611 Dillenburgero
670 2567 815 2611 (Progr.
837 2567 999 2612 Aquisgr.
1020 2565 1121 2602 1841.
1142 2579 1179 2612 p.
1201 2568 1274 2611 19.)
1305 2568 1357 2602 sic
1373 2571 1596 2608 scribendum

75 2615 238 2651 videtur:
266 2618 344 2661 „illi
359 2619 464 2662 nugis
480 2621 552 2654 suis
566 2623 701 2666 pondus
716 2622 819 2656 laude
834 2623 1052 2657 accumulare
1066 2622 1220 2667 gandent
1230 2649 1240 2667 ‚
1259 2625 1319 2669 qni
1334 2627 1487 2662 carmina
1497 2631 1594 2665 ete.“

75 2673 273 2718 Porphyr.:
294 2685 384 2719 „pro
403 2685 442 2708 re
456 2686 581 2720 magna
594 2684 729 2712 vastum
745 2680 884 2723 pondus
900 2679 1150 2724 pronuntians.-
1168 2679 1339 2716 Referent
1355 2682 1436 2727 alii,
1455 2684 1516 2730 qni
1531 2697 1595 2721 nu-

74 2740 140 2775 gas
156 2730 296 2775 pejores
314 2730 434 2765 facere
454 2732 636 2766 recitando
657 2734 810 2768 solent.“
845 2735 959 2769 Aliter
975 2735 1070 2780 apud
1095 2735 1296 2773 Hocheder.
1335 2739 1389 2774 De
1412 2747 1594 2786 poetarum

75 2795 141 2820 usu
162 2797 197 2824 v.
214 2786 379 2832 ponderis
395 2787 442 2822 cf.
463 2788 681 2823 Wernsdors.
706 2790 751 2825 ad
773 2790 876 2826 Poet.
908 2791 972 2827 lat.
997 2792 1078 2827 min.
1109 2792 1172 2827 IV.
1192 2804 1229 2839 p.
1248 2791 1327 2833 247.
1349 2801 1389 2832 et.
1411 2797 1521 2839 Bach.
1547 2800 1594 2836 ad

76 2842 160 2877 Tib.
181 2840 216 2888 4,
241 2845 274 2888 1,
296 2844 354 2879 27.
