1910 3138
33 124 36 126 *
105 159 161 204 45
205 157 482 201 ΟΟΙΙΕΝΤ.
503 157 563 198 IN
579 157 705 199 HOR.
724 156 824 197 LIB.
843 156 873 196 Ι.
912 155 1080 197 EPIST.
1100 154 1293 204 QUART.
1312 155 1489 196 onem.
1536 153 1621 197 205

101 284 271 336 ΡΜ
300 284 539 336 cumptum
565 281 635 335 (cf.
671 281 863 335 Haberf.)
901 283 1057 322 credere
1084 282 1176 321 noli.
1224 282 1283 322 Ita
1313 294 1442 333 rapax
1490 280 1619 319 orcus

101 351 179 393 Od-
210 353 261 402 2,
298 352 375 401 18,
407 351 478 393 30.
517 351 628 402 (ibiq.
662 351 749 390 ¹vide
785 351 931 389 erudite
967 351 1220 402 disputantem
1252 349 1489 402 Peerlkamp.
1526 349 1613 388 coll.

99 418 251 459 sennia
273 419 324 457 ad
344 418 468 470 Epist.
490 421 532 469 2,
553 420 594 468 2,
619 419 730 470 178).
766 419 861 458 lude
883 418 1088 470 explicabis
1111 415 1241 466 πύλας
1260 414 1362 473 ᾅδου
1384 430 1448 470 ap.
1467 417 1614 468 Evang.

97 485 235 526 natth-
263 487 341 536 16,
372 487 454 536 18.,
482 487 546 525 ubi
574 487 802 537 interpretes
830 485 1026 533 vacillant;
1054 487 1132 525 vid.
1161 486 1336 525 Kuinoel.
1364 490 1403 525 et
1428 484 1615 524 Fritzsch.

99 574 157 584 --
180 553 241 592 De
264 555 543 593 constructione
565 554 731 592 dolentis
752 554 803 591 de
826 576 885 584 —
914 554 1006 592 dixit
1023 555 1150 593 Hand.
1173 556 1223 592 ad
1243 554 1359 592 Turs.
1380 553 1430 594 11.
1455 566 1494 605 p.
1518 554 1614 594 218.

206 620 256 660 V.
280 623 320 663 8.
347 623 387 662 9.
423 623 528 660 istuc
563 636 673 660 mens
707 622 944 672 animusque
977 622 1072 659 Fert
1103 622 1145 673 (i.
1173 635 1209 659 e.
1238 620 1302 660 ubi
1327 624 1371 659 tu
1399 633 1461 664 θος
1497 621 1548 660 cf.
1572 623 1614 671 6,

96 678 199 738 67.),
223 689 250 727 i.
278 702 311 728 e.
339 691 461 728 omnis
491 691 676 728 sentiendi
703 690 969 740 cogitandique
996 690 1115 738 ratio,
1145 693 1186 727 ut
1210 689 1356 739 Evang.
1384 688 1521 728 Manli.
1544 692 1613 741 22,

94 756 164 797 37.
193 756 280 794 coll.
309 755 415 796 Paul.
443 758 492 795 ad
523 758 662 796 Thess.
694 759 741 807 1,
770 757 820 807 5,
851 757 940 804 23.;
971 757 1072 795 illum
1099 756 1223 795 locum
1251 760 1444 808 comparat
1471 757 1611 796 Gatak.

94 823 144 861 ad
162 824 214 863 M.
234 823 414 864 Antonin.
435 823 477 875 4,
496 825 565 866 31.
592 824 633 874 ἐξ
657 821 754 876 ὅλης
778 827 850 876 τῆς
867 826 1014 876 ψυχῆς.
1052 824 1219 864 Praeivit
1237 824 1425 864 Homerus
1450 826 1615 864 dictione

93 902 164 929 sua
188 888 288 931 aare?
324 891 451 943 φρένα
481 892 549 933 καὶ
584 890 684 933 nard
715 890 861 945 θυμὸν.
907 892 966 931 De
994 892 1254 942 conjunctione
1287 905 1347 930 vv.
1375 893 1536 930 animus
1573 896 1613 932 et

93 970 203 994 mene
238 958 340 996 conf.
371 957 543 998 Lambin.
579 960 629 997 ad
657 959 696 999 h.
723 960 750 998 l.
781 960 924 998 Ochsn.
956 960 1007 997 ad
1033 959 1116 997 Cic.
1153 959 1291 1010 Eelog.
1322 973 1363 1011 p.
1389 961 1484 1002 113.
1524 961 1611 1000 coll.

91 1025 243 1064 Ruhnk.
267 1026 319 1063 ad
341 1025 501 1064 Terent.
530 1025 652 1065 Andr.
683 1029 731 1076 1,
757 1028 806 1076 1,
836 1027 929 1068 137.
958 1030 998 1065 et
1021 1027 1188 1066 Seebod.
1215 1028 1470 1077 ‚‚Scholien.“
1507 1029 1538 1068 Ι.
1566 1043 1607 1081 p.

93 1094 169 1134 26.
196 1091 408 1132 Dictionem
425 1094 511 1145 fert
531 1095 692 1132 animus
718 1093 907 1132 illustrant
934 1094 1043 1133 Cort.
1073 1095 1124 1133 ad
1153 1093 1300 1133 Lucan.
1330 1098 1370 1145 1,
1398 1097 1466 1137 67.
1489 1096 1608 1136 Drak.

89 1160 141 1198 ad
165 1160 236 1199 Sil.
262 1160 345 1199 Ital.
373 1162 440 1211 16,
471 1160 566 1204 294.
594 1161 710 1202 Bach.
738 1161 788 1200 ad
818 1161 932 1199 Ovid.
956 1161 1051 1200 Met.
1081 1163 1121 1212 1,
1150 1164 1188 1203 1.
1216 1162 1325 1201 Jahn.
1353 1164 1403 1201 ad
1426 1163 1535 1203 Pers.
1565 1164 1607 1216 4,

90 1229 131 1269 7.
155 1228 283 1268 Brem.
314 1229 364 1267 ad
392 1229 549 1268 sueton.
578 1229 669 1269 oth.
700 1230 739 1269 6.
747 1255 762 1278 ,
792 1230 861 1267 sed
890 1229 1039 1280 ellipsin
1067 1243 1155 1276 me,
1188 1243 1302 1281 quam
1328 1232 1496 1270 nonnulli
1530 1237 1609 1271 sta-

89 1299 220 1346 tuunt,
254 1309 332 1335 non
357 1296 483 1335 video.
535 1297 657 1336 Recte
693 1297 831 1334 Voss„-
868 1296 998 1347 „doch
1022 1298 1148 1336 strebt
1183 1300 1271 1338 dort
1292 1300 1392 1347 ¹Siun
1420 1301 1499 1339 und
1528 1302 1608 1340 Ge-

87 1363 204 1403 dank'
230 1363 341 1406 hin.“
382 1363 589 1414 Imaginem
604 1368 747 1403 autem:
771 1371 884 1401 amat
907 1366 1049 1416 spatiis
1076 1365 1174 1405 obst.
1202 1381 1383 1418 rumpere
1411 1368 1606 1417 claustra,

84 1432 134 1471 ab
158 1433 263 1484 equis
291 1432 531 1471 Circensibus
563 1433 798 1483 desumptam
823 1437 938 1483 atque
965 1446 988 1471 a
1015 1434 1098 1472 Fea
1125 1436 1165 1474 in
1190 1436 1348 1485 singulis
1382 1436 1608 1477 illustratam

84 1503 237 1552 praeter
269 1498 424 1540 Lucret.
454 1501 501 1548 2,
529 1499 610 1541 265
633 1512 717 1550 sqq.
755 1500 959 1539 delineavit
997 1503 1130 1541 Sidon.
1168 1503 1332 1554 Apollin.
1374 1505 1498 1543 Carm.
1537 1506 1605 1555 23,

83 1568 168 1608 331
184 1580 245 1618 sq.
282 1567 356 1612 Qui
385 1573 477 1603 avet
496 1580 567 1617 pro
591 1574 704 1604 amat
728 1567 803 1618 legi
831 1568 974 1608 malunt
995 1575 1191 1621 verentes,
1220 1585 1270 1610 ne
1298 1578 1413 1609 amat
1437 1585 1522 1611 cum
1538 1572 1605 1611 In·-

86 1634 231 1671 finitivo
255 1633 423 1683 junctum
451 1634 549 1671 solet
574 1635 761 1685 significet
787 1635 928 1686 (Bentl.
956 1637 1006 1674 ad
1032 1638 1068 1676 h.
1097 1637 1123 1675 l.
1151 1643 1190 1676 et
1215 1640 1266 1677 ad
1292 1639 1374 1678 Sat.
1402 1642 1441 1689 1,
1467 1637 1509 1690 4,
1533 1642 1602 1682 87.

85 1700 314 1739 οοῙΙ.Κῐίῐῑ.
333 1702 383 1738 ad
401 1701 493 1740 Sall.
517 1703 606 1753 Jug.
622 1701 694 1752 34,
716 1701 785 1752 1.),
805 1703 830 1740 ii
849 1703 1085 1744 immemores
1106 1706 1223 1745 fuisse
1245 1707 1418 1746 videntur
1436 1707 1604 1747 locorum

83 1767 162 1805 od.
186 1767 236 1817 3,
266 1768 316 1816 9,
345 1765 411 1809 24.
464 1771 607 1808 Tecum
635 1771 764 1808 vivere
790 1785 920 1809 amem
948 1777 988 1811 et
1015 1775 1092 1813 od.
1120 1776 1167 1824 1,
1198 1777 1246 1825 2,
1275 1775 1342 1816 50.
1388 1776 1473 1813 Hic
1495 1790 1602 1814 ames

83 1835 166 1872 dici
178 1842 300 1886 pater·
322 1842 442 1887 atque.
462 1839 662 1889 princeps.
706 1838 895 1877 Wetzelii
919 1845 1043 1880 autem
1068 1843 1187 1881 altera
1205 1843 1423 1895 explicatio:
1450 1844 1603 1894 „liben-

81 1907 141 1942 ter
165 1903 305 1954 rumpit
332 1908 420 1955 aut,
448 1905 481 1943 si
507 1907 649 1957 mavis,
678 1921 860 1960 rumpere
886 1909 985 1947 solet
1010 1913 1053 1947 ut
1078 1910 1156 1948 od.
1185 1910 1235 1962 3,
1262 1912 1337 1962 16,
1362 1913 1476 1962 10.,“
1506 1926 1603 1963 quo-

81 1972 181 2010 niam
218 1971 368 2022 saepius
406 1971 526 2012 Poeta
558 1973 597 2012 in
632 1975 764 2015 urbem
805 1981 990 2016 retractus
1027 1979 1179 2030 saepius
1217 1993 1282 2018 rus
1317 1981 1599 2029 desideraverit,

79 2039 235 2078 maxime
263 2039 392 2090 friget.
891 2094 894 2096 v

107 2135 111 2138 «
188 2106 233 2147 V.
265 2107 470 2148 10—-13-
506 2108 620 2147 Rure
647 2123 718 2162 ego
743 2132 802 2139 —
823 2125 1015 2164 unquam.
1042 2112 1163 2153 Lucil.
1191 2116 1266 2165 26,
1296 2115 1362 2156 19.
1407 2115 1464 2152 Et
1491 2113 1601 2165 quod

82 2171 155 2211 tibi
177 2187 414 2226 magnopere
439 2175 550 2214 cordi
577 2185 657 2224 est,
685 2177 787 2215 mihi
812 2179 1056 2219 vehementer
1083 2182 1276 2233 displicet.
1323 2182 1407 2219 Jam
1432 2182 1481 2219 ad
1504 2194 1597 2232 pro-

80 2241 267 2291 positum,
303 2255 339 2281 v.
370 2244 396 2284 6
415 2265 472 2272 —
491 2242 530 2282 9.
559 2245 828 2298 significatum,
858 2249 977 2286 flectit
1003 2250 1140 2287 oratio.
1189 2248 1233 2287 In
1261 2261 1336 2298 qua
1361 2249 1513 2299 quidem
1539 2261 1595 2299 re,

81 2317 132 2344 ne
158 2307 311 2347 verbum
339 2316 500 2361 uterque
529 2324 611 2350 cum
645 2313 835 2352 Landino
846 2343 862 2360 ,
905 2316 1098 2367 Cruquio,
1145 2316 1343 2352 Torrentio
1352 2342 1370 2361 ,
1399 2315 1594 2362 Dae-erio,

86 2371 324 2421 Sanadono,
365 2376 584 2425 W'etzelio,
618 2380 725 2431 aliis,
764 2382 813 2419 ad
839 2383 1037 2422 Horatium
1066 2388 1104 2421 et
1131 2383 1292 2420 villicum
1320 2381 1484 2432 referas,
1522 2382 1593 2421 ob-

82 2441 307 2478 servandum
330 2442 498 2494 videtur,
538 2458 616 2484 non
649 2460 791 2488 merum
818 2450 981 2488 describi
1014 2451 1063 2488 de
1099 2450 1175 2487 vita
1203 2451 1344 2487 rustica
1379 2453 1417 2487 et
1450 2449 1593 2490 urbana

81 2506 313 2556 dissensum,
341 2510 408 2546 sed
431 2511 642 2554 dissensum
661 2527 705 2553 ex
726 2517 894 2554 dissimili
921 2529 1053 2566 causa,
1082 2520 1147 2565 ut,
1177 2517 1208 2553 si
1230 2529 1326 2566 quae
1349 2519 1592 2558 communiter

79 2574 140 2612 hic
171 2574 344 2612 dicuntur
370 2578 522 2626 proprie
549 2580 745 2621 fecerimus
753 2610 767 2633 ,
795 2585 984 2621 sententia
1013 2584 1078 2622 sit:
1113 2583 1206 2632 „Me
1234 2583 1273 2621 in
1301 2597 1371 2635 eo,
1397 2587 1499 2637 quod
1524 2600 1590 2627 rus

79 2641 213 2691 laudo,
239 2641 340 2679 ducit
363 2646 469 2680 recta
485 2644 682 2698 voluntas,
704 2653 767 2699 te,
796 2651 899 2700 quod
918 2649 1046 2687 urbem
1062 2649 1280 2702 praedicas,
1303 2653 1440 2693 vitiosa
1457 2655 1587 2695 libido.

77 2708 228 2748 Etenim
255 2722 366 2760 quum
394 2714 435 2748 tu
463 2710 614 2751 alterius
643 2720 784 2755 sortem
823 2717 953 2754 laudas
994 2715 1036 2766 (i.
1066 2729 1101 2754 e.
1130 2717 1303 2772 urbem),
1342 2723 1585 2772 quemadmo-

80 2775 168 2814 dum
201 2776 298 2814 alter
336 2780 436 2816 tuam
472 2777 515 2828 (i.
548 2791 581 2816 e.
621 2793 686 2819 rus
708 2794 746 2820 v.
772 2782 839 2823 42-
868 2779 965 2834 43),
1007 2796 1113 2824 suam
1141 2790 1296 2839 uterque
1334 2791 1585 2832 conditionem

81 2843 161 2881 sine
186 2844 298 2882 dubio
326 2846 485 2885 fastidit.
525 2845 582 2884 lta
610 2846 674 2896 fit,
711 2852 755 2886 ut
788 2848 895 2888 stulti
932 2849 1099 2904 culpam,
1131 2867 1228 2906 quae
1262 2857 1301 2896 in
1329 2859 1450 2898 animo
1486 2860 1584 2899 inest
