1910 3138
241 225 322 267 508
369 224 649 264 COMMENT.
673 223 729 262 IN
747 223 870 264 HOR.
897 220 998 260 LIB.
1026 221 1053 259 1.
1085 221 1248 260 EPIST.
1269 219 1638 261 UNDEVICESIM.
1689 216 1772 261 1²60

240 343 327 377 ante
353 339 416 376 illa
440 337 554 375 verba
581 334 805 388 particulam
834 337 892 373 ita
923 335 1079 386 intelligi
1107 334 1212 386 jubet
1225 353 1242 384 ,·
1278 338 1317 372 at
1343 341 1390 372 ut
1415 334 1476 373 hic
1503 346 1579 373 non
1618 347 1772 386 compa—

239 407 381 455 rantis,
416 407 487 443 sed
516 404 757 443 exclamantis
793 408 834 442 ut
870 403 995 454 Epod.
1036 405 1086 452 2,
1119 404 1183 444 19.
1224 403 1305 440 Sat.
1330 402 1378 451 2,
1414 403 1462 452 8,
1483 404 1550 444 62.
1590 406 1662 440 est.
1713 403 1772 440 lta

240 475 320 512 Cic.
350 474 399 510 ad
428 471 539 510 Attic.
563 474 603 520 2,
632 474 697 513 21.
735 473 788 509 Ut
816 472 885 509 ille
911 479 995 509 tam
1023 471 1212 517 humilis,
1242 477 1287 508 ut
1304 470 1498 507 demissus
1518 471 1628 508 erat!
1657 471 1770 508 Cons-

239 542 395 591 Forbig.
428 542 475 578 ad
507 541 613 591 Virg.
645 541 723 578 Ecl.
749 543 790 590 8,
821 540 890 581 41.

354 609 398 646 V.
431 610 483 649 21
510 630 557 637 —-
582 610 648 650 23.
692 608 843 646 Libera
865 620 940 658 per
967 620 1141 644 vacuum
1168 630 1226 635 —
1253 613 1362 658 reget
1390 620 1564 644 examen.
1611 607 1771 645 senten-

238 679 376 716 tiarum
406 677 520 714 ordo:
555 677 734 727 „Quodsi
763 690 823 715 me
852 680 891 713 et
925 675 1047 726 ipsum
1078 675 1305 714 imitatorem
1337 689 1422 714 esse
1453 676 1599 726 dicitis,
1625 675 1774 724 scitote,

238 759 297 783 me
327 744 545 794 Lyricorum
572 745 733 793 vestigia
763 743 912 782 Latinis
943 748 1030 781 ante
1059 757 1118 781 me
1144 745 1285 782 intacta
1324 756 1399 782 non
1430 748 1469 781 ut
1503 757 1659 781 servum
1686 743 1772 780 imi-

239 821 410 850 tatorum
434 826 578 864 pecu-9,
609 813 676 851 sed
703 825 787 850 meo
817 812 936 863 ipsius
964 811 1115 861 ingenio
1146 812 1326 850 confisum
1356 815 1524 849 secutum
1552 812 1682 852 esse.“
1727 811 1768 848 J.

238 880 413 920 Merkel:
444 881 602 931 „Neues
635 879 775 919 Gebiet
803 880 1106 918 durchwandelte
1136 881 1205 918 srei
1234 880 1328 917 mein
1352 879 1571 919 bahnender
1590 880 1774 919 Fusstritt

240 950 351 987 Ohne
375 961 511 987 voraus
532 950 600 987 mir
625 949 796 1000 gehende
817 948 959 1000 Spur.“
1011 949 1065 986 lta
1082 948 1236 990 Lucret,
1260 949 1299 998 1,
1320 948 1416 989 925.
1447 949 1530 987 coll.
1550 949 1590 999 4,
1614 950 1635 989 1
1658 970 1714 979 —
1734 950 1772 990 5.

239 1017 354 1054 Λνία
387 1031 561 1068 peragro
601 1017 716 1064 lova,
755 1015 910 1054 nulllus
944 1023 1036 1053 ante
1083 1018 1191 1054 Trita
1220 1015 1318 1053 solo.
1358 1015 1462 1067 Virg.
1499 1017 1571 1055 Ge.
1608 1017 1650 1065 3,
1677 1018 1772 1058 292.

239 1087 367 1123 Juvat
403 1087 459 1123 ire
482 1087 625 1138 jugis,
662 1100 742 1138 qua
782 1084 898 1123 nulla
931 1085 1113 1135 priorum
1157 1086 1377 1123 Castaliam
1411 1085 1525 1124 molli
1561 1086 1774 1124 devertitur

239 1154 367 1191 orbita
396 1154 509 1192 clivo.
553 1154 670 1204 Prop.
699 1154 740 1203 3,
774 1154 812 1202 1,
845 1154 866 1192 1
896 1174 954 1185 ν-
983 1155 1022 1193 6.
1056 1155 1121 1193 17.
1152 1155 1218 1204 (ib.
1242 1155 1422 1206 Hertzb.)
1453 1154 1536 1193 coll.
1566 1153 1607 1203 4,
1635 1153 1702 1203 10,
1733 1155 1772 1193 4.

241 1222 310 1274 (ib.
340 1222 405 1260 Fr.
443 1222 594 1261 Jacobs·
624 1222 669 1260 lI.
699 1236 736 1273 p.
770 1220 885 1273 273.)
924 1221 1053 1260 Manil.
1082 1221 1233 1261 Astron.
1263 1225 1301 1273 1,
1330 1222 1357 1264 4
1385 1245 1441 1252 —
1471 1225 1509 1263 6.
1554 1222 1772 1261 Nemesian.

241 1291 385 1341 Cyneg.
415 1291 440 1330 8
459 1313 514 1318 —
539 1292 600 1331 11.
646 1292 708 1328 Sic
733 1291 897 1342 Antipat.
926 1291 1100 1329 Thessal.
1130 1292 1166 1329 in
1198 1292 1265 1329 Ru
1287 1291 1445 1329 Jacobs.
1473 1290 1620 1328 Delect.
1641 1289 1772 1340 Epigr-

238 1357 281 1407 4,
313 1360 381 1408 69,
412 1359 451 1399 5.
495 1359 551 1399 Εἰ
572 1355 644 1398 τᾶν
674 1356 863 1411 ὅτριπτον
887 1358 955 1399 καὶ
984 1355 1209 1412 α’νὲμβατον
1234 1355 1409 1411 ἀτραπὸν
1437 1356 1572 1406 ἄλλοις
1602 1358 1771 1404 Μαίεαι,

238 1426 302 1463 ubi
343 1427 404 1464 ille
445 1427 545 1464 hunc
581 1426 702 1464 locum
742 1433 948 1479 comparat.
989 1428 1154 1480 Oppian.
1185 1429 1329 1479 Cyneg.
1359 1430 1400 1479 1,
1430 1427 1497 1471 20.
1538 1422 1679 1479 ’Έγρεο
1704 1423 1772 1465 καὶ

239 1497 423 1546 τρηχεῖαν
451 1493 732 1546 ἕπιστείβωμεν
763 1490 967 1549 ἀταρπόν,
994 1494 1069 1547 τήν
1097 1494 1285 1549 μερόπων
1309 1493 1423 1536 οὔπω
1453 1510 1513 1543 τις
1539 1492 1608 1545 ἑῆς
1629 1489 1770 1545 ἐπάτη-

240 1574 307 1601 σεν
333 1558 511 1610 ἀοιδαῖς,
548 1562 609 1600 ubi
641 1564 976 1604 videRitterlzus.
1013 1564 1097 1606 coll.
1126 1564 1286 1603 Mitsclz.
1309 1565 1358 1602 ad
1388 1564 1463 1602 Od.
1494 1564 1533 1614 1,
1564 1564 1632 1612 26,
1661 1563 1699 1603 6.
1729 1561 1771 1609 3,

240 1630 311 1678 30,
345 1631 407 1671 10.
438 1629 478 1678 4,
514 1632 554 1681 9,
585 1629 624 1672 4.
677 1633 844 1671 Ραεεον.
881 1634 930 1670 ad
970 1632 1075 1673 Pers.
1112 1647 1149 1684 p.
1177 1633 1270 1674 206.
1307 1636 1345 1671 et
1382 1629 1477 1672 334.
1511 1631 1609 1683 prol.
1647 1631 1683 1671 1.
1721 1634 1770 1672 et.

240 1698 323 1735 Sat.
352 1700 388 1746 1,
421 1699 513 1739 103.
555 1700 690 1742 Bentl.
720 1702 768 1738 ad
790 1702 884 1740 Hor.
913 1702 1039 1752 Epist.
1072 1703 1110 1750 2,
1143 1703 1181 1749 2,
1212 1702 1276 1741 80.
1322 1700 1380 1738 De
1409 1700 1573 1739 dictione
1595 1712 1670 1751 per
1696 1712 1771 1737 να-

240 1779 360 1801 cuam
377 1767 439 1817 *),
468 1780 538 1817 pro
560 1781 632 1817 qua
651 1769 897 1808 Callimachus
920 1769 1051 1821 Epigr.
1075 1771 1116 1820 8,
1139 1771 1174 1810 1.
1202 1764 1389 1821 καθαρῆν
1409 1765 1503 1809 ὅόόν
1523 1769 1638 1817 leits
1668 1767 1767 1806 ⁰0¹¹f·

242 1834 409 1873 Gronov.
440 1835 486 1871 ad
515 1833 599 1871 LiV·
629 1837 697 1885 25,
723 1837 764 1885 3,
797 1839 860 1878 18.
897 1841 935 1875 et
964 1838 1011 1875 de
1040 1850 1097 1874 vv.
1121 1838 1243 1887 posui
1275 1837 1441 1887 vestigia
1471 1837 1519 1874 cf.
1545 1836 1700 1874 Lucret.
1727 1836 1769 1886 3,

242 1903 262 1942 1
283 1923 327 1929 —
349 1899 387 1940 4.
410 1903 530 1953 inque
549 1905 649 1940 lueis
662 1905 778 1941 Ficta
788 1906 937 1954 pedum
948 1905 1236 1955 ponogpresseis
1255 1906 1422 1955 vestigia
1439 1905 1577 1955 signis.
1607 1904 1770 1943 Theocr.

239 1970 298 2008 Id.
331 1971 398 2019 17,
433 1973 525 2012 121.
557 1970 624 2022 (ib.
651 1971 853 2023 Wiistem.)
880 1973 1017 2013 ποδῶν
1041 1958 1285 2023 ’,ἕκμάσσεται
1317 1972 1417 2023 ἴχνη.
1462 1972 1643 2023 Exempla
1670 1972 1770 2010 solu-

239 2043 302 2076 tae
331 2038 510 2075 orationis
540 2038 652 2076 affert
682 2040 894 2090 Heindorf
931 2041 978 2077 ad
1009 2041 1090 2077 Sat.
1121 2042 1161 2089 2,
1191 2041 1230 2088 6,
1265 2040 1355 2080 102.
1401 2040 1515 2078 Conf.
1556 2040 1769 2078 Weielzert.

239 2107 366 2145 Lectt.
393 2106 534 2145 Venus.
558 2120 594 2158 p.
624 2108 689 2148 91.
739 2107 798 2146 De
834 2107 954 2144 libero
984 2112 1107 2145 autem
1139 2108 1283 2144 Horatii
1312 2106 1405 2145 alios
1433 2109 1601 2146 imitandi
1629 2108 1768 2156 studio,

239 2176 341 2227 quod
375 2175 542 2227 pleniore
570 2188 635 2213 ore
671 2179 866 2227 poetarum
905 2189 1007 2213 more
1035 2176 1094 2213 hic
1124 2176 1318 2227 professus
1350 2189 1434 2214 esse
1460 2177 1629 2225 videtur,
1659 2187 1770 2225 egre-

240 2246 302 2296 gie
330 2245 420 2282 dixit
466 2245 543 2283 Gn.
572 2245 671 2282 Em.
707 2243 855 2283 Weber
890 2245 927 2282 in
958 2244 1054 2282 libro
1092 2255 1207 2294 ¹saepe
1237 2244 1387 2281 laudato
1416 2258 1455 2295 p.
1483 2244 1574 2285 213.
1615 2243 1656 2281 In
1684 2256 1770 2280 ver-

240 2313 297 2351 bis
328 2314 399 2365 qui
424 2313 612 2362 sihifidit
638 2317 733 2364 etc.,
774 2313 908 2364 quibus
938 2326 1071 2351 coecus
1101 2312 1326 2349 imitatorum
1352 2312 1510 2363 impetus
1547 2311 1702 2358 alterum
1730 2315 1771 2349 ut

241 2382 375 2419 ducem
405 2381 461 2419 vel
490 2383 773 2432 antesignanum
804 2382 1040 2432 sequentium
1069 2380 1309 2429 describitur,
1341 2379 1542 2417 similitudo
1567 2378 1613 2416 ab
1643 2378 1768 2430 apium

241 2451 435 2499 examine,
465 2455 505 2488 ut
534 2455 635 2488 recte
667 2450 846 2488 observat
870 2450 1127 2501 Porphyrion,
1158 2449 1356 2500 desumpta
1385 2453 1453 2485 est.
1504 2447 1568 2485 Sic
1593 2447 1769 2484 Cratinus

240 2517 419 2556 Meinekii
440 2531 477 2568 p.
498 2519 581 2558 16.:
616 2515 716 2558 Οἷον
737 2509 940 2569 σοφιστῶν
956 2520 1108 2569 σμῆνος
1128 2512 1408 2567 α’νεδιφήσατεῑ
1436 2515 1494 2553 De
1514 2514 1576 2552 illa
1597 2514 1769 2552 similitu-

241 2586 344 2634 dine,
364 2599 472 2635 quam
493 2586 661 2636 pluribus
686 2586 850 2624 illustrat
869 2585 1098 2623 Schmidc'as
1107 2613 1122 2630 ,
1141 2598 1206 2622 cur
1226 2584 1402 2621 dubitarit
1422 2583 1491 2621 W
1483 2582 1674 2619 eichertus
1693 2593 1769 2619 non

240 2653 371 2699 video3
407 2653 594 2691 sollemnis
624 2655 745 2702 enim,
784 2667 831 2692 ne
860 2655 934 2692 alia
962 2665 1268 2702 commemorem,
1302 2657 1499 2704 poetarum
1526 2664 1608 2689 cum
1636 2649 1769 2702 apibus

352 2809 392 2857 *)
416 2816 563 2849 Orellius
584 2815 770 2849 dictionem
800 2815 939 2853 abdet.
971 2814 1115 2849 formula
1138 2825 1202 2859 per
1229 2825 1376 2848 vacuam
1393 2811 1635 2858 possessionem
1664 2817 1763 2851 repe-

241 2874 319 2902 tens
344 2877 520 2915 comparat
542 2873 622 2916 Gaj.
645 2874 676 2915 2,
701 2871 757 2906 51.
781 2868 815 2915 4,
837 2872 938 2916 131.,
970 2875 1215 2917 compararunt
1235 2870 1296 2904 alii
1320 2870 1357 2904 in
1377 2879 1522 2904 vacuum
1541 2865 1658 2900 venire
1685 2863 1762 2896 Sat.

244 2927 276 2969 2,
297 2924 330 2968 5,
348 2925 420 2971 50.‚
440 2927 499 2961 ubi
519 2927 561 2961 de
583 2927 780 2962 hereditate
802 2928 931 2972 agitur.
