1910 3138
295 149 379 192 206
435 149 714 190 COMMENT.
734 149 793 189 IN
811 148 937 190 HOR.
953 148 1054 190 LIB.
1070 151 1100 191 1.
1127 150 1295 192 EPIST.
1311 151 1705 200 QUART.DEcm.
1761 153 1818 197 46

297 277 399 316 omni
424 280 596 327 tempore
623 273 723 313 male
746 274 911 326 affecto,
938 276 1176 316 transferatis
1205 278 1244 316 in
1271 277 1395 318 locum
1420 280 1590 332 qualibet
1617 281 1728 333 culpa
1745 293 1821 320 «η-

298 345 452 384 cuum.“
504 344 612 389 Quae
637 343 820 396 deinceps
851 348 1058 395 sequuntur
1085 345 1196 397 hujus
1225 348 1460 399 sententiae,
1498 361 1574 400 qua
1600 350 1683 389 fere
1709 354 1822 402 caput

297 415 415 453 totius
441 411 642 463 Epistolae
670 413 904 463 continetur,
937 413 1010 451 nisi
1035 414 1206 466 exempla
1220 423 1279 454 ‘ex
1301 417 1420 467 ipsius
1447 417 1599 455 Horatii
1633 403 1672 458 ct
1707 417 1821 458 villici

297 482 373 519 vita
401 480 523 532 petita
549 493 628 518 non
657 481 832 519 videntur
859 493 948 521 esse
959 479 1014 533 *).
1061 481 1122 520 Ad
1158 484 1383 522 sententiam
1419 497 1455 523 v.
1490 486 1555 526 11.
1586 485 1824 536 propositam

296 549 439 586 faciunt
464 548 537 586 loci
563 548 603 586 in
626 553 848 600 argumento
877 550 1039 600 laudati,
1070 551 1253 603 imprimis
1277 552 1359 590 Sat.
1381 555 1420 603 1,
1445 554 1484 603 1,
1505 554 1593 593 1--
1610 553 1650 594 3·
1682 557 1723 593 ct
1749 554 1822 593 Se-

295 630 380 656 nec.
406 617 533 668 Epist.
559 615 598 658 9.
643 616 742 655 Nisi
762 619 937 669 sapienti
963 631 1040 656 sua
1063 631 1144 656 non
1168 618 1343 669 placent.
1397 621 1539 659 Omnis
1559 621 1731 660 stultitia
1758 621 1824 660 la-

297 684 413 723 horat
438 685 611 736 fastidio
639 687 716 724 sui.
761 687 819 727 Id.
848 687 897 725 de
925 685 1071 738 Tranq.
1100 699 1162 725 an.
1187 689 1228 729 2.
1283 688 1397 727 Unus
1429 689 1593 743 ψοίας
1629 697 1685 728 est
1718 691 1826 738 vitii,

295 752 506 804 displicere
526 753 616 792 sibi.
659 754 818 795 Aristot.
846 754 971 796 Ethic.
989 755 1032 804 9,
1055 753 1094 794 4.
1123 753 1396 807 Διαφέρονται
1421 755 1579 807 ἑαυτοῖς
1601 759 1643 799 οἱ
1662 761 1824 810 φαῦλοι,

298 820 369 861 καὶ
397 819 544 875 ἑτέρων
573 820 646 874 μὲν
673 822 966 876 ἐπιθυμοῦσιν,
1007 820 1107 864 ἅλλα
1135 821 1180 864 δὲ
1208 819 1433 876 βούλονται.
1480 825 1535 866 Μ.
1563 825 1752 866 Antonin.
1782 829 1824 878 8,

299 891 341 931 9.
378 890 538 942 Μηκέτι
563 903 637 931 σου
665 890 807 943 μηδεὶς
837 886 993 948 οἰκούσῃ
1022 891 1383 944 καταμεμφομένου
1410 889 1483 934 τᾶν
1511 892 1557 935 ἐν
1584 889 1692 950 αὐλῇ
1718 894 1824 948 βίον,

298 956 400 1011 μηδὲ
427 955 500 999 τόν
529 961 712 1002 σεαυτοῦ.
731 981 785 988 --
806 960 851 999 V.
881 961 946 1003 12.
979 959 1045 1000 13.
1094 960 1253 998 Stultus
1280 969 1443 1014 uterque
1465 985 1524 992 -—
1545 974 1739 1013 unquam.
1781 962 1826 1000 In

298 1027 396 1066 hanc
421 1029 647 1067 sententiam
675 1028 777 1067 conf.
807 1029 882 1067 Od.
903 1029 945 1078 3,
969 1029 1009 1079 1,
1029 1028 1235 1071 37—40.
1266 1029 1412 1079 (Liibk.
1439 1043 1480 1082 p.
1509 1029 1626 1082 298.)
1651 1033 1692 1068 et
1721 1030 1826 1069 locos

297 1097 347 1134 ad
381 1096 430 1146 8,
462 1098 527 1138 12.
556 1098 633 1145 11,
662 1098 729 1138 27.
765 1096 940 1135 laudatos
976 1109 1050 1134 una
1085 1110 1169 1135 cum
1206 1097 1364 1137 Lucret.
1394 1099 1445 1149 3,
1476 1099 1585 1140 1081
1604 1119 1662 1126 --
1683 1097 1752 1139 83.
1787 1101 1827 1136 et

298 1165 436 1203 Senec.
466 1163 593 1215 Epist.
626 1164 695 1206 50.
748 1165 859 1216 Quid
884 1165 988 1203 enim
1015 1165 1134 1203 aliud
1155 1179 1258 1217 agas
1286 1180 1409 1218 quam
1436 1188 1495 1196 —-
1525 1187 1593 1195 -ι
1611 1173 1656 1204 ut
1683 1164 1829 1204 intelli-

292 1244 401 1283 gas,
433 1238 504 1268 tua
532 1233 634 1270 vitia
662 1246 742 1271 esse
751 1262 766 1280 ,
804 1248 908 1286 quae
929 1241 1054 1285 putas
1080 1235 1242 1272 rerum?
1291 1234 1500 1285 Quaedam
1536 1236 1640 1272 enim
1667 1234 1764 1273 Iocis
1791 1241 1830 1271 et

297 1299 540 1351 temporibus
565 1300 844 1341 adscribimus.
884 1302 949 1340 At
975 1303 1051 1341 illa
1060 1332 1077 1350 ,
1107 1316 1357 1356 quocumque
1381 1303 1680 1354 transierimus,
1713 1315 1828 1340 secu-

297 1375 391 1406 tura
415 1376 511 1406 sunt
533 1391 590 1397 —-
613 1390 670 1398 --
705 1370 817 1420 Quid
841 1385 914 1410 nos
942 1372 1190 1424 decipimus?
1218 1386 1297 1410 non
1327 1379 1384 1410 est
1406 1372 1645 1409 extrinsecae
1673 1370 1828 1409 malum

296 1444 500 1476 nostrum:
540 1440 648 1475 intra
675 1452 750 1476 nos
778 1447 861 1487 est,
898 1442 942 1479 in
971 1441 1187 1480 viscerilms
1215 1441 1315 1492 ipsis
1341 1439 1458 1478 sedet.
1511 1439 1688 1478 Ceterum
1718 1438 1829 1476 loeus

294 1507 517 1544 immeritus
554 1510 596 1545 ut
633 1509 752 1546 vestis
785 1509 1006 1562 immerita,
1038 1511 1176 1562 paries
1205 1510 1426 1548 immeritus
1455 1508 1532 1547 od.
1558 1508 1606 1557 1,
1643 1508 1720 1556 17,
1744 1507 1826 1549 '28-

296 1575 378 1612 Sat.
408 1578 449 1626 2,
479 1575 522 1626 3,
550 1575 592 1614 7.
621 1576 821 1616 immerita
841 1581 970 1630 neptis
994 1580 1111 1618 Ovid.
1139 1579 1234 1618 Met.
1263 1576 1306 1627 4,
1336 1577 1431 1618 531.
1458 1581 1498 1616 et
1522 1587 1620 1626 quae
1645 1574 1828 1627 suppedi-

296 1645 381 1681 tant
407 1641 636 1681 Lambinus
664 1645 714 1683 ad
750 1645 908 1697 od..3‚
939 1650 991 1700 2,
1021 1650 1089 1690 21.
1126 1652 1166 1687 et
1202 1647 1336 1685 Burm.
1370 1646 1421 1684 ad
1450 1644 1567 1695 Prop.
1597 1640 1647 1694 4,
1677 1641 1729 1693 5,
1759 1643 1827 1684 16·

296 1711 383 1749 coll.
414 1712 571 1751 Biinem.
598 1714 648 1751 ad
676 1712 851 1752 Lactant.
881 1715 975 1754 Inst.
1002 1717 1054 1767 3,
1085 1717 1160 1767 17,
1193 1715 1258 1756 10.
1301 1714 1446 1752 Eadem
1475 1712 1662 1751 sententia
1692 1710 1830 1762 indig-
1905 1717 1909 1722 “

294 1791 372 1815 nus
397 1792 459 1830 ap.
491 1779 571 1818 Cic.
602 1781 720 1820 Tusc.
750 1780 799 1834 4,
831 1784 917 1836 20,
947 1783 1015 1825 46.
1047 1783 1099 1823 ib.
1125 1782 1257 1822 Davis.
1287 1787 1326 1821 et
1353 1781 1485 1820 Klotz.
1516 1781 1604 1821 coll.
1631 1779 1748 1820 Bach.
1775 1778 1829 1817 ad
1907 1829 1910 1844 Ι

297 1846 412 1885 cvid.
443 1846 539 1886 Met.
570 1849 610 1897 1,
640 1850 736 1891 631.

409 1927 458 1966 V.
494 1927 546 1969 14
565 1949 623 1956 —
643 1930 708 1968 17.
760 1930 821 1968 Tu
850 1931 1110 1970 mediastinus
1138 1954 1196 1961 —-
1225 1930 1385 1982 negotia
1414 1929 1603 1967 Romam·
1655 1926 1763 1972 Quae
1784 1921 1826 1963 ’Ὺ-
1901 1950 1910 1985 f

298 1996 367 2038 16.
396 1996 436 2033 in
462 1995 535 2033 hoc
558 1996 683 2034 villico
711 1997 1035 2048 reprehenduntur
1067 2013 1180 2051 quam
1208 1999 1332 2037 aliena
1360 1998 1436 2036 sint
1463 1997 1512 2035 ab
1543 1994 1712 2046 ejusdem
1740 1991 1828 2032 offi-
1906 1993 1910 2028 ἶ

297 2064 354 2102 cio
381 2063 590 2103 luculenter
619 2065 789 2103 declarat
818 2066 964 2105 Colum.
994 2066 1044 2105 R.
1075 2069 1123 2106 R.
1157 2069 1195 2118 1,
1225 2067 1265 2106 8.
1296 2078 1538 2117 praemoneo
1572 2075 1623 2101 ne
1649 2060 1829 2101 villicum
1902 2063 1910 2090 ’ἰ

299 2146 346 2171 ex
369 2146 411 2170 eo
435 2146 579 2185 genere
608 2146 809 2171 servorum
822 2162 838 2180 ,
871 2135 944 2186 qui
971 2147 1130 2184 corpore
1154 2133 1422 2184 placuerunt,
1460 2133 1714 2170 instituamus
1724 2143 1742 2176 ;
1780 2141 1829 2164 ne

298 2215 344 2239 ex
382 2214 426 2239 eo
464 2201 624 2254 quidem
661 2202 816 2252 ordine,
852 2203 923 2255 qui
959 2201 1137 2239 urbanas
1164 2214 1214 2237 ac
1242 2201 1435 2239 delicatas
1463 2206 1566 2237 artes
1603 2197 1827 2236 exercuerit.
1898 2242 1899 2246 Ἰ

301 2269 444 2308 Socors
487 2277 524 2307 et
561 2270 863 2309 somniculosum
896 2284 1027 2323 genus
1064 2268 1111 2307 id
1144 2269 1462 2319 mancipiorum,
1502 2267 1619 2314 otiis,
1668 2277 1828 2316 campo,
1899 2287 1901 2293 ι

297 2339 427 2385 circo,
449 2337 638 2388 theatris,
659 2339 797 2391 aleae,
819 2340 1021 2392 popinae,
1048 2335 1317 2388 lupanaribus
1336 2341 1564 2374 consuetum
1573 2362 1589 2380 ‚
1617 2344 1828 2386 nunquam
1890 2389 1891 2395 ἵ

297 2421 379 2445 non
420 2407 576 2446 easdem
611 2409 782 2460 ineptias
827 2409 1008 2449 somniat.
1064 2405 1337 2444 Mediastinus
1372 2409 1499 2444 autem
1536 2407 1619 2442 erat
1645 2400 1671 2442 'e
1698 2400 1827 2452 -selsvis
1891 2426 1894 2427 ν

408 2578 446 2627 *)
476 2583 591 2617 Recte
620 2582 660 2616 G.
691 2581 891 2617 Passovius:
919 2579 1140 2626 „Welchem
1171 2579 1234 2614 des
1263 2577 1448 2614 Niichsten
1477 2575 1656 2612 Geschick
1687 2576 1826 2619 zusngt,
1895 2594 1898 2595 ν

298 2637 400 2672 hasst
417 2639 561 2674 freilich
580 2639 643 2674 das
673 2638 801 2684 eig'ne.
837 2637 1014 2674 Thoricht
1034 2637 1287 2681 beschuld’geu
1307 2637 1377 2671 den
1397 2636 1469 2671 Ort
1495 2634 1568 2678 sic,
1599 2633 1668 2671 den
1686 2629 1827 2666 schuld-
1895 2636 1907 2662 Γ

299 2693 411 2739 losen,
431 2696 537 2731 beide
551 2697 615 2731 mit
628 2695 830 2731 Unrecht.“
850 2696 986 2730 Contra
1001 2695 1140 2730 Vossius
1158 2695 1279 2740 (quem
1295 2696 1490 2741 sequuntur
1505 2689 1652 2736 Schell„
1673 2687 1825 2732 Gfinth„
1900 2736 1905 2740 „

301 2749 336 2784 J.
358 2751 536 2797 Merkel)=
568 2753 780 2798 „Thoricht
799 2752 928 2798 klagcn
947 2752 1009 2788 wir
1027 2752 1121 2787 beide
1143 2751 1212 2786 den
1241 2763 1331 2796 ganz
1358 2746 1613 2792 unschuldigen
1642 2744 1712 2778 Ort
1741 2743 1826 2779 an.“
1868 2787 1870 2789 ‚
1904 2738 1910 2783 ἶ

303 2805 507 2850 Haberfeldi
524 2822 646 2857 parum
665 2814 866 2847 accuratam
884 2810 987 2846 verbi
1005 2815 1149 2855 uterque
1170 2807 1443 2856 explicationem
1459 2806 1560 2840 recte
1586 2805 1689 2837 taxat
1708 2800 1825 2837 Deinc-

303 2873 363 2896 zer
382 2874 418 2907 p.
438 2861 520 2902 422.
854 2882 857 2886 -
