1910 3138
277 216 360 259 426
400 219 675 258 COMMENT.
698 219 751 257 IN
773 218 895 257 HOR.
925 217 1026 261 LlB.
1046 220 1074 258 Ι.
1118 219 1284 259 EPlS'l'.
1305 218 1712 263 DUODEVICESIM.
1755 220 1810 262 78

279 332 496 370 diversoria
520 339 614 369 nota
633 332 979 383 Praeteragendus
1006 345 1149 383 equus,
1182 333 1228 373 A.
1247 333 1292 371 P.
1320 334 1413 378 194,
1438 348 1515 374 neu
1541 335 1642 388 quid
1665 334 1813 372 medios

279 402 491 438 intercinat
517 406 658 445 αοίιιε,
687 405 801 451 atque
831 400 930 438 haud
960 401 1039 439 scio
1069 414 1116 439 an
1145 403 1199 440 ita
1225 401 1358 440 dixerit
1375 402 1543 442 Macrob.
1572 404 1656 441 Sat.
1683 404 1724 452 1,
1745 403 1811 443 17.

279 470 333 519 (p.
355 470 448 508 298.
484 468 536 506 ib.
568 468 760 521 GronOV.)
792 482 915 520 quum
943 491 998 497 ———
1021 471 1146 519 pestis
1171 483 1274 521 qnae
1298 467 1351 506 ab
1372 469 1565 520 Apolline
1588 472 1815 509 immittitur

277 542 411 587 aperte
442 535 550 573 hunc
586 538 704 574 deum
743 537 855 575 bonis
878 551 1136 589 propugnare
1162 538 1374 590 signficet.
1420 537 1517 577 Ibid.
1546 540 1615 580 20.
1644 552 1684 590 p.
1714 538 1811 580 321.

278 605 369 654 Ipse
409 605 582 641 creditur
617 613 652 642 et
682 607 878 658 gigantas
913 607 1153 644 interemisse
1165 635 1179 652 ‚
1228 619 1352 658 quum
1389 606 1494 643 coelo
1519 613 1808 658 propugnaret.

277 671 420 708 Similia
442 673 528 710 vide
555 674 605 710 ad
634 674 674 724 6,
703 676 770 715 21.
801 675 884 713 coll.
915 674 1069 726 Forbig.
1098 676 1147 712 ad
1181 675 1284 724 Virg.
1318 673 1413 712 Aen.
1435 674 1477 723 7,
1504 675 1599 715 216.
1629 679 1667 713 et
1685 674 1813 712 Rudd.

276 739 323 776 ll·
354 753 390 790 p.
421 740 518 782 327.
545 741 598 782 N.
626 743 690 783 16.
739 741 877 781 Durior
906 756 996 782 sane
1019 757 1147 782 eorum
1180 746 1240 781 est
1268 743 1389 791 ratio,
1419 742 1483 798 quj
1502 755 1600 780 ·eum
1630 741 1813 790 Bentlejo

274 813 366 858 post
387 809 557 859 caprina
583 822 619 847 v.
651 816 688 846 et
708 811 939 851 inculcantes
959 811 1173 850 Pronomen
1196 825 1282 849 eam
1306 810 1459 860 intelligi
1486 810 1646 862 jubent,
1668 813 1733 848 aut
1750 809 1813 860 qni

275 877 476 927 repudiata
504 877 566 915 illa
596 878 746 927 quidem
774 880 992 930 conjectura
1021 894 1105 920 cum
1141 880 1290 918 Orellio
1325 888 1366 917 et
1401 877 1606 916 Diintzero
1634 888 1813 928 propug-

275 951 348 981 nat
373 945 548 983 absolute
576 945 648 982 dici
677 946 903 985 existimant.
954 948 1092 1000 Nugis
1119 954 1244 987 autem
1273 947 1412 998 (Plaut.
1442 946 1579 998 Amph.
1604 947 1644 995 2,
1675 946 1715 996 1,
1743 946 1814 986 79·

276 1012 388 1051 Cure.
416 1014 457 1062 5,
487 1016 526 1063 2,
558 1013 623 1063 5.)
651 1021 832 1052 armatus
845 1012 883 1068 *)
914 1020 956 1055 ut
982 1017 1050 1056 Sil.
1083 1017 1163 1057 [tal.
1196 1018 1263 1066 11,
1293 1016 1333 1057 6.
1375 1015 1596 1053 Armatam
1611 1013 1703 1063 fide
1717 1026 1815 1065 pec—

277 1087 352 1121 tus.
393 1081 465 1129 15,
496 1083 591 1123 682.
621 1090 804 1121 armatus
833 1098 992 1122 veneno.
1033 1089 1081 1136 1,
1117 1085 1211 1126 183,
1250 1091 1410 1122 armata
1438 1083 1542 1122 dolis
1569 1069 1690 1121 mens.
1734 1081 1814 1121 Cic.

275 1163 333 1200 pr.
365 1149 478 1187 Dom.
509 1150 576 1191 55.
614 1158 797 1190 armatus
826 1153 1015 1191 audacia.
1064 1153 1177 1191 Conf.
1214 1153 1332 1191 Hess.
1366 1153 1415 1190 ad
1443 1151 1479 1190 T
1481 1165 1538 1190 ac.
1570 1150 1672 1190 Dial.
1709 1150 1748 1191 5.
1774 1161 1813 1202 p.

278 1218 348 1257 26.
378 1221 417 1255 et
446 1217 670 1269 Hieronym.
715 1219 836 1272 Epist.
875 1222 923 1259 ad
952 1221 1133 1260 Eustoch.
1166 1222 1234 1262 22.
1267 1221 1298 1259 Ι.
1328 1234 1365 1272 p.
1391 1221 1456 1261 93.
1485 1219 1536 1261 H.
1585 1219 1641 1257 0⁸
1668 1216 1816 1256 barba-

277 1299 367 1322 rum
398 1293 433 1322 et
455 1300 612 1336 procax
631 1294 667 1324 et
694 1290 738 1325 in
766 1290 945 1326 convicia
975 1302 1126 1340 semper
1156 1296 1371 1327 armatum.

389 1354 434 1394 V.
467 1356 519 1395 16
544 1378 601 1384 -—-
630 1358 694 1398 18.
753 1357 914 1395 Scilicet
940 1364 985 1394 ut
1013 1371 1092 1395 non
1120 1379 1175 1385 -—
1203 1357 1343 1396 sordet.
1397 1357 1464 1396 Uti
1498 1355 1556 1394 his
1594 1353 1718 1392 verbis
1752 1351 1816 1390 ille

277 1424 397 1474 nugis
426 1431 608 1462 armatus
644 1438 689 1463 ex
716 1426 862 1464 ratione
891 1426 1041 1464 chiasmi
1079 1426 1239 1465 Horatio
1272 1426 1400 1464 usitati
1426 1425 1516 1477 (16,
1544 1421 1630 1473 40)
1656 1421 1815 1472 loquens

277 1491 489 1542 inducitur,
518 1493 571 1530 ita
595 1506 630 1535 v.
663 1492 728 1534 19.
756 1494 823 1535 20.
860 1494 1041 1532 nonnulla
1072 1495 1240 1545 ipsarum
1267 1506 1450 1544 nugarum
1479 1490 1650 1543 exempla
1682 1489 1815 1542 profe-

276 1564 423 1598 runtur.
471 1561 588 1599 Vides
615 1561 753 1611 igitur,
786 1575 897 1613 quam
925 1563 962 1599 in
986 1563 1234 1614 explicatione
1262 1568 1393 1600 nostra
1419 1560 1545 1599 omnia
1567 1562 1656 1611 apte
1678 1557 1815 1596 cohae-

277 1633 384 1667 reant
408 1633 448 1667 et
474 1629 524 1666 ad
553 1630 733 1668 amussim
761 1631 832 1668 sibi
850 1632 1121 1682 respondeant.
1163 1628 1562 1669 Accommodatissime
1578 1630 1706 1666 autem
1727 1625 1814 1665 tuiis

277 1695 437 1734 hominis
457 1697 579 1735 animo
600 1698 829 1749 ingenioque
854 1699 971 1737 verba
990 1703 1285 1751 componuntur,
1314 1701 1356 1736 ut
1374 1697 1496 1749 Epod.
1519 1698 1586 1746 17,
1615 1694 1814 1746 56—-59-

279 1767 319 1801 et
341 1763 427 1803 Liv.
453 1766 494 1814 9,
525 1767 591 1816 11,
622 1767 660 1807 9.
699 1767 812 1805 Plura
842 1767 1013 1819 exempla
1037 1767 1179 1806 dabunt
1215 1766 1382 1805 Schmid.
1413 1766 1463 1804 ad
1490 1765 1527 1803 h.
1555 1764 1579 1802 l.
1606 1763 1747 1804 Heind.
1775 1765 1816 1800 et

279 1830 398 1869 Orell.
431 1832 479 1869 ad
508 1833 588 1871 Sat.
614 1836 651 1883 1,
683 1836 722 1884 1,
755 1835 849 1875 108.
878 1837 917 1884 2,
949 1837 988 1886 5,
1017 1837 1080 1876 18.
1110 1835 1236 1872 Halm.
1264 1835 1312 1873 ad
1343 1834 1423 1874 Cic.
1449 1847 1507 1886 pr.
1546 1833 1648 1870 Sest.
1677 1833 1720 1888 7,
1748 1830 1814 1870 17.

280 1898 365 1938 coll.
389 1899 555 1950 Kriiger.
597 1900 715 1950 ,‚Lat.
745 1901 813 1938 Gr.
841 1903 860 1950 §
891 1904 986 1943 571.
1030 1905 1213 1940 Pretium
1242 1925 1299 1930 —
1324 1901 1452 1939 sordet
1480 1902 1504 1939 i.
1535 1915 1568 1939 e.
1598 1899 1814 1951 „illam-di·

280 1968 391 2006 cendi
419 1967 632 2006 libertatem
655 1982 732 2006 non
761 1970 1013 2018 dimitterem,
1059 1971 1203 2009 etiamsi
1231 1970 1370 2007 silentii
1399 1971 1522 2021 pretio
1554 1982 1674 2008 annos
1702 1980 1815 2021 prae-

278 2036 413 2074 teritos
443 2037 562 2086 (non,
593 2041 634 2074 ut
663 2036 724 2073 alii
753 2036 964 2086 explicant,
993 2037 1145 2087 longam
1172 2042 1211 2075 et
1243 2038 1398 2075 senilem
1423 2042 1586 2077 aetatem
1614 2035 1815 2088 consequi)

279 2103 477 2156 possem.“
531 2105 645 2145 Hom.
669 2104 712 2145 Il.
742 2106 782 2152 9,
814 2103 895 2145 444
922 2118 1007 2155 sqq.
1046 2106 1189 2143 Contra
1216 2106 1280 2156 qui
1313 2113 1358 2143 ut
1381 2120 1460 2144 non
1489 2106 1615 2144 deleto
1652 2105 1813 2142 interro-

280 2173 442 2223 gationis
471 2174 579 2223 signo
610 2186 693 2211 cum
723 2172 847 2211 verbis
878 2173 1053 2210 extremis
1082 2174 1261 2223 jungunt:
1299 2174 1452 2223 „nolim
1485 2186 1630 2213 merere
1655 2172 1814 2211 alteram

281 2245 464 2291 aetatem,
492 2246 533 2279 ut
560 2254 635 2280 non
664 2241 775 2279 liceat
806 2240 916 2288 mihi,
954 2241 1057 2291 quod
1084 2242 1163 2279 fere
1191 2241 1341 2293 placet,
1374 2242 1579 2281 defendere
1606 2246 1644 2280 et
1668 2245 1711 2279 ut
1735 2253 1812 2279 non

280 2310 368 2347 mihi
390 2311 572 2362 imprimis
601 2309 697 2348 fides
725 2308 948 2347 habeatur.“
989 2307 1157 2347 Priorem
1186 2314 1311 2348 autem
1331 2310 1613 2362 explicationem
1631 2307 1815 2361 particula

393 2458 430 2505 *)
457 2460 571 2495 Recte
598 2459 690 2494 vidit
709 2458 916 2502 Lambinus,
943 2470 1046 2505 prop.
1073 2470 1163 2504 nug.
1192 2469 1271 2493 esse
1294 2463 1428 2504 pugnat
1447 2471 1511 2505 pro
1531 2458 1654 2504 nugis,
1674 2457 1756 2502 vel,
1782 2455 1815 2491 ιὶ

282 2516 360 2562 quis
380 2516 496 2560 malit,
522 2522 724 2562 propugnat
742 2528 807 2562 pro
826 2517 949 2560 nugis,
970 2521 1008 2550 at
1029 2515 1164 2549 erravit
1182 2515 1218 2549 in
1235 2515 1378 2550 alteram
1398 2522 1550 2562 partem,
1574 2526 1677 2561 quum
1698 2522 1814 2550 σηπο-

281 2579 336 2607 tus
355 2574 462 2619 nugis
482 2575 646 2619 conjungi
667 2579 819 2609 vetaret.
863 2574 999 2608 Contra
1022 2572 1192 2616 Graqm'us
1206 2580 1400 2618 praeeunte
1415 2573 1638 2616 Scholiasta,
1662 2571 1814 2606 Torren-

282 2629 367 2673 tius,
395 2630 566 2665 Dat-erius
583 2636 795 2677 propugnat
819 2631 982 2664 absolute
1010 2629 1227 2675 accipientes
1249 2631 1359 2665 verba
1382 2642 1473 2677 nug.
1496 2635 1655 2665 armatus
1672 2627 1814 2671 conjun-

283 2687 399 2728 genda
418 2687 570 2731 docent,
591 2694 630 2721 ut
649 2687 749 2721 homo
770 2686 908 2721 rixosus
929 2692 967 2721 et
987 2687 1228 2721 contentiosus
1249 2687 1350 2732 nugis
1371 2687 1471 2732 quasi
1492 2691 1645 2721 armatus
1662 2683 1698 2718 in
1721 2692 1812 2717 cans

283 2751 361 2784 pum
381 2743 551 2778 deductus
567 2744 699 2778 urbane
714 2745 880 2788 fingatur.
920 2744 1092 2787 cruquius
1106 2743 1215 2788 igitur
1228 2750 1436 2790 propugnat
1456 2743 1628 2789 explicat:
1649 2734 1813 2783 ηπθθμᾶ·

284 2807 404 2841 χετοιι,
430 2811 468 2833 se
489 2806 786 2846 propugnatorem
803 2806 841 2843 et
858 2801 956 2834 velut
974 2801 1237 2845 antesignanum
1260 2802 1295 2835 in
1316 2802 1426 2847 prima
1441 2802 1518 2835 acie
1536 2796 1681 2838 statuit,
1701 2793 1812 2828 Dm-

283 2853 373 2887 rius:
404 2856 461 2898 „il
481 2856 645 2902 s'oppose
666 2859 686 2890 ἐι
706 2863 803 2902 tout,
831 2858 857 2892 il
878 2858 1020 2902 disputo
1039 2858 1084 2891 de
1105 2858 1224 2892 tout.“
1269 2859 1320 2893 De
1339 2869 1374 2893 v,
1395 2865 1626 2903 propugnare
1644 2850 1718 2886 vid.
1736 2850 1812 2884 Ma-

285 2914 359 2942 nut.
379 2912 423 2945 ad
444 2911 522 2946 Cic.
544 2925 596 2958 pr.
618 2914 714 2948 sest.
730 2915 786 2958 69,
812 2911 891 2949 144.
916 2915 972 2949 ed.
990 2914 1105 2949 Halm.
