1910 3138
270 160 274 164 ’
301 194 387 239 2³4

857 199 1260 246 {HORATII

1768 202 1824 246 74

364 326 555 373 Fortiter
589 326 823 386 absumptis
856 325 1048 372 urbanus
1077 330 1219 389 eoepit
1250 330 1416 390 haberi,

366 405 535 454 Scurra
564 419 738 467 vaguS,
773 419 859 450 non
894 407 965 465 qui
996 410 1161 452 eertum
1193 422 1407 469 praesepe
1439 410 1624 467 teneret,
1648 413 1650 415 ’

283 538 291 545 ⁰
362 486 609 545 lmpransus
642 499 730 530 non
764 486 833 545 qui
867 487 1005 532 civem
1040 486 1283 534 dinosceret
1312 489 1455 549 hoste,
1484 524 1485 529 ,

363 564 595 622 Quaelibet
627 567 671 611 in
705 567 897 625 quemvis
933 566 1164 626 opprobria
1196 567 1364 630 fingere
1395 569 1574 636 sgssvus,

295 700 348 736 his
366 713 451 738 mss.
478 702 707 738 consentiunt
732 702 813 739 edd.
843 703 934 737 Ven.
953 701 1037 738 477.

292 758 350 793 79.
379 759 446 795 83..
469 761 526 795 86.
560 759 662 794 Flor.
686 757 770 797 482.
803 758 914 796 Loch.
941 755 1038 803 498„

292 819 419 850 contra
439 816 581 852 Meuius
603 817 686 852 edd.
711 818 804 852 Ven.
822 814 906 854 492.
935 815 1038 862 Lips.

291 868 374 909 492.
390 874 447 909 98.
467 872 549 909 502.
570 874 650 909 Ald.
669 873 752 910 501.
769 875 826 910 19.
842 875 940 910 Junt.
955 871 1038 909 514.

293 930 352 964 19.
382 930 533 977 Argent.
554 930 635 966 515.
661 931 744 966 Asc.
767 931 849 967 519.
870 931 919 968 al.
938 931 1037 965 mult.

291 985 473 1022 Maenius.
484 988 566 1022 edd.
582 989 670 1023 Ven.
683 980 765 1024 481.
781 988 944 1024 Britann.
958 987 1040 1025 520.

291 1043 417 1079 Lamb.
436 1044 568 1079 Mutet.
586 1046 696 1091 Cruq.
720 1046 830 1080 Torr.
852 1046 899 1081 al.
933 1046 1042 1080 Cete-

290 1111 368 1135 rum
407 1113 533 1136 novam
568 1101 755 1148 epistolam
781 1103 838 1137 hic
867 1101 1042 1147 incipiunt

290 1169 375 1193 mss.
397 1159 508 1193 Torr.
537 1168 628 1194 omn.
656 1160 816 1205 praefixo
837 1159 875 1194 in
894 1159 1039 1206 quibus-

291 1215 372 1249 dam
388 1214 513 1250 titulo:
537 1215 593 1250 De
610 1215 756 1250 Maenio
775 1218 903 1263 guloso
925 1222 958 1251 et
975 1217 1039 1250 im-

288 1273 462 1318 pudente,
492 1274 629 1307 Bersm.
662 1284 739 1307 sex.
770 1274 883 1308 Pulm.
914 1273 1036 1319 quinq.

289 1328 381 1362 Bad.
403 1329 436 1363 1.
460 1329 496 1363 3.
528 1330 650 1364 Comb.
671 1329 715 1364 C.
736 1331 782 1365 D.
804 1332 848 1365 F.
871 1331 918 1364 G.
943 1327 1039 1378 (cum

289 1384 398 1420 inser.
422 1387 469 1420 ad
486 1385 663 1430 Meuium)
683 1398 745 1423 ms.
765 1399 825 1422 un.
840 1398 898 1433 ap.
913 1387 1039 1422 Barth.

290 1441 401 1487 (Adv.
421 1442 481 1487 37,
502 1444 579 1488 22.)
601 1443 722 1478 Guelf.
740 1446 773 1481 2.
793 1444 828 1479 3.
851 1441 886 1478 4.
915 1443 1036 1478 Berol.

290 1500 325 1534 2.
346 1499 494 1534 Corbei.
510 1499 616 1535 Dess.
638 1512 728 1535 omn.
750 1501 861 1536 Goth.
882 1502 986 1536 Gott.
1004 1501 1037 1535 1.

289 1557 323 1592 2.
346 1556 425 1590 cod.
447 1556 598 1594 Mentel.
626 1569 709 1593 mss.
739 1556 842 1604 Lips.
872 1570 936 1593 ms.
966 1558 1039 1592 Ru-

289 1612 397 1647 dolst.
417 1617 455 1647 et
474 1626 565 1649 omn.
593 1614 736 1650 Monac.
757 1619 909 1661 excepto
928 1626 991 1650 ms,
1010 1615 1035 1648 f.

288 1679 378 1713 uno,
399 1670 461 1704 alii
481 1682 556 1705 cum
574 1671 740 1717 inscript.
759 1674 801 1707 de
815 1674 933 1707 eodem
946 1699 955 1716 ,
978 1671 1039 1706 alii

289 1727 339 1760 ad
365 1728 532 1772 eundem,
561 1727 620 1762 aiii
652 1730 699 1763 ad
724 1729 884 1764 Meuium
913 1728 973 1763 vel
998 1734 1038 1762 ut

289 1782 369 1817 cod.
399 1783 549 1819 Mentel.
573 1787 621 1819 ad
636 1784 793 1820 Mevium
812 1783 917 1820 litera
936 1797 961 1820 η
980 1797 1038 1820 su-

287 1850 450 1886 perscr.,
485 1846 680 1886 sequuntur
711 1842 791 1876 edd.
831 1854 890 1888 ap.
915 1842 1038 1879 Maitt.

289 1900 328 1931 et
376 1896 465 1930 Ven.
499 1894 583 1932 477.
610 1899 668 1932 79.
697 1900 754 1933 81.
787 1899 846 1934 83.
877 1900 935 1935 86.
971 1899 1040 1935 520

288 1950 487 1997 (Britann.)
511 1952 612 1999 Lips.
637 1951 719 1989 492.
736 1955 795 1989 98.
811 1954 893 1991 502.
924 1955 1037 1990 Loch.

287 2006 372 2044 498.
403 2009 545 2047 Thann.
564 2010 680 2045 Paris.
718 2009 801 2046 503.
830 2012 929 2046 Junt.
955 2009 1037 2046 514.

289 2066 348 2102 19.
381 2065 530 2112 Argent.
566 2065 648 2102 515.
692 2066 775 2102 Asc.
812 2066 892 2102 519.
935 2068 1035 2103 Glar.

288 2121 545 2170 Henricopetr.
564 2125 597 2158 1.
619 2123 666 2159 al.
693 2124 782 2168 (non
797 2124 898 2168 Ald.)
923 2124 980 2159 Ita
995 2123 1037 2158 li-

288 2180 404 2215 brarii
418 2179 511 2227 lapsi
531 2184 614 2216 sunt
634 2179 705 2215 Od.
727 2182 760 2224 1,
781 2181 817 2225 7,
833 2179 890 2216 15.
914 2181 1034 2226 Epist.

291 2239 325 2282 1,
343 2238 380 2283 7,
399 2234 477 2282 46„
500 2239 566 2273 sed
584 2248 705 2273 veram
725 2237 959 2283 conjungendi
977 2250 1038 2272 ra-

289 2294 422 2329 tionem
442 2295 500 2330 hic
518 2295 602 2330 tuiti
621 2299 703 2329 sunt
727 2298 875 2340 praeter
895 2299 1036 2329 ceteros

289 2351 436 2396 hamb„
455 2352 503 2386 H.
524 2352 673 2398 Steph.,
696 2350 855 2396 Marcil.,
876 2351 1038 2386 Torren-

289 2408 384 2452 tius,
426 2409 487 2454 qui
519 2409 665 2444 Petrum
696 2409 897 2443 Victoriam
930 2409 1034 2454 (Var.

289 2466 391 2500 lectt.
416 2462 458 2509 4,
479 2467 534 2510 6.)
560 2465 614 2501 illi
636 2466 752 2501 errori
780 2465 1036 2512 subscripsisse

290 2527 390 2556 recte
405 2522 567 2558 miratur.
599 2523 738 2558 Delirat
753 2529 870 2558 autem
884 2533 960 2557 cum
974 2533 1037 2557 sua

290 2578 522 2624 disssinctione
529 2580 750 2614 Praedicov=
766 2581 975 2624 Phaeaxque
982 2591 1037 2614 re-

290 2635 394 2678 verti,
415 2635 581 2671 Maenius
597 2642 658 2675 ut‚·
677 2657 733 2663 —-
751 2637 866 2671 Rebus
882 2641 951 2671 ete.

348 2691 392 2725 V.
415 2693 472 2727 27.
502 2693 658 2727 urbanis.
687 2694 757 2728 Ms.
786 2693 884 2729 Mon.
915 2693 940 2729 l.
969 2691 1039 2728 Ed.

292 2745 454 2782 Praedic.
472 2749 668 2794 (absumtis,
683 2750 828 2785 urbanis
841 2748 870 2784 e.
885 2752 920 2785 11.
933 2750 1040 2784 Seur-

293 2812 355 2841 ra3
386 2805 492 2848 vag.)
517 2825 574 2830 —
603 2806 650 2840 V.
677 2808 733 2842 28.
766 2807 825 2850 qui
848 2819 932 2841 non.
967 2806 1037 2842 Ms.

295 2857 415 2891 Guelf.
432 2860 466 2892 3.
485 2880 538 2886 -—
553 2862 671 2896 civem.
692 2862 744 2896 Ik.
760 2859 795 2897 4.
816 2869 918 2898 certe.
938 2863 1037 2898 Mon.

292 2912 316 2947 1.
344 2919 475 2948 eertum
494 2927 566 2951 ποη
584 2918 653 2962 qui.
683 2919 788 2964 Conj.
811 2920 963 2965 Cuning.
987 2939 1034 2946 -

1770 564 1825 607 30

1082 701 1129 741 V.
1150 702 1209 739 29.
1236 703 1444 750 lupranm.
1471 704 1531 740 lta
1548 713 1630 738 mse.
1651 700 1771 736 Berol.
1791 700 1827 734 1.

1084 763 1123 794 et
1139 759 1239 805 Lips.
1261 771 1352 796 omn.
1381 760 1466 796 Jam
1483 771 1648 807 pransum.
1675 757 1774 793 Mon.
1800 756 1827 791 l.

1084 835 1140 844 —-
1157 827 1223 852 nee
1243 817 1314 861 qui.
1350 817 1423 852 Ma.
1450 817 1575 853 Bet-ol.
1602 817 1638 852 2.
1669 813 1770 850 Mon.
1800 813 1826 847 l.

1082 873 1179 908 Edd.
1207 874 1297 909 Ven.
1316 871 1398 909 477.
1420 875 1479 910 79.
1506 875 1565 910 81.
1593 872 1653 909 83.
1681 873 1740 908 86.
1769 871 1827 906 92.

1084 931 1185 966 Flor.
1207 927 1290 968 482.
1314 932 1415 977 Lips.
1434 927 1518 967 492.
1536 931 1596 966 98.
1615 927 1697 966 502.
1716 927 1827 963 Loeh-

1086 988 1227 1022 Thann.
1249 988 1295 1023 al.
1321 989 1427 1023 civem
1443 999 1518 1023 non
1532 987 1602 1032 qui.
1631 986 1738 1031 Conj.
1756 985 1829 1019 Cu-

1085 1045 1183 1090 ning.
1205 1045 1312 1080 vicem
1333 1057 1401 1092 pro
1427 1045 1547 1080 civem.
1578 1042 1651 1078 Ma.
1669 1042 1770 1077 Mon.
1788 1040 1827 1076 b.

1085 1102 1165 1146 (sed
1192 1114 1286 1137 corr.
1311 1113 1433 1136 manus
1455 1100 1665 1145 recentior.)
1690 1098 1748 1134 eui
1764 1102 1828 1133 at.

1083 1159 1155 1194 Ms.
1173 1159 1318 1194 Corbei.
1329 1178 1386 1185 —-·
1399 1160 1604 1194 dinosceret.
1618 1155 1710 1192 Mas.
1720 1155 1830 1190 Torr-

1084 1215 1206 1262 quinq.
1227 1216 1281 1253 Ik.
1304 1217 1336 1250 1.
1369 1215 1484 1249 Oreu.
1498 1213 1623 1249 bSEd.
1643 1212 1766 1248 Berol.
1794 1212 1829 1248 2.

1082 1273 1187 1306 Dess.
1216 1272 1251 1308 3.
1283 1272 1394 1306 Goth.
1425 1271 1547 1306 Guelf.
1577 1270 1612 1304 3.
1643 1271 1678 1307 1.
1714 1267 1830 1314 (den.)

1082 1330 1181 1364 Mon.
1209 1329 1234 1363 l.
1265 1326 1380 1375 (den.)
1414 1326 1514 1374 hips.
1550 1339 1642 1362 omn.
1676 1329 1714 1361 et
1746 1325 1829 1359 cod.

1083 1386 1232 1422 Mentel.
1248 1386 1344 1420 Edd.
1361 1385 1463 1431 Lips.
1478 1385 1560 1421 492.
1576 1385 1634 1419 98.
1650 1384 1732 1419 502.
1747 1382 1828 1417 Ald.

1083 1443 1166 1480 501.
1193 1448 1232 1478 et
1259 1442 1317 1477 ed.
1348 1446 1423 1476 vet.
1452 1453 1511 1488 ap.
1538 1441 1659 1479 Μαῖα,
1687 1438 1830 1474 Reduxi

1083 1501 1174 1534 hanc
1193 1500 1357 1545 orthogr.
1379 1500 1424 1533 ab
1445 1496 1590 1546 optimis
1616 1507 1700 1532 mse.
1724 1496 1829 1531 libris

1083 1556 1216 1604 ubique
1245 1555 1458 1602 exhibitam,
1490 1554 1574 1590 vide
1594 1554 1762 1594 Oudend.
1782 1553 1829 1588 ad

1082 1614 1189 1660 Apul.
1214 1613 1306 1648 Met.
1334 1613 1400 1648 IX.
1428 1625 1464 1659 p.
1484 1608 1568 1648 604.
1596 1614 1636 1646 et
1659 1610 1829 1646 Hildebr.

1082 1670 1173 1710 ibid.
1200 1682 1237 1717 p.
1258 1672 1340 1706 761.
1369 1667 1470 1719 (coll.
1497 1669 1627 1718 Burm..
1644 1668 1691 1704 ad
1717 1667 1828 1702 ovid.

1082 1729 1174 1763 Met.
1205 1728 1269 1772 13,
1301 1725 1382 1762 835.
1418 1737 1490 1762 non
1519 1726 1593 1770 11.)
1612 1724 1756 1761 Munek.
1783 1722 1830 1760 td

1085 1785 1253 1831 Fuigent.
1276 1783 1431 1829 Mythol.
1450 1785 1482 1818 I.
1513 1781 1628 1829 praef.
1658 1794 1696 1828 p.
1716 1781 1753 1817 3.
1773 1780 1828 1829 (p.

1084 1842 1165 1879 597.
1182 1842 1238 1876 ed.
1250 1841 1412 1885 staver.)
1425 1841 1530 1875 Hess.
1543 1840 1590 1875 nd
1604 1838 1695 1874 Tae.
1707 1839 1828 1873 Gom.

1085 1901 1142 1935 20.
1162 1899 1200 1933 in
1219 1899 1304 1933 Var-
1326 1899 1447 1932 Lectt.
1466 1897 1532 1932 ΠΙ.
1558 1909 1596 1944 p.
1617 1893 1675 1932 25.
1693 1895 1828 1930 Deder.

1085 1957 1130 1990 ad
1149 1957 1245 1990 Dict.
1268 1956 1368 1990 Cret.
1389 1954 1432 1999 3,
1453 1954 1510 1990 23.
1537 1965 1574 2000 p.
1594 1951 1677 1992 334.
1705 1952 1828 1988 Herm.

1084 2013 1169 2047 Var.
1198 2011 1360 2046 Lection.
1389 2011 1492 2046 Pers.
1515 2022 1551 2056 p.
1572 2012 1649 2054 20.,
1677 2019 1724 2045 ex
1742 2019 1828 2044 ms.

1085 2080 1225 2115 quoque
1243 2071 1459 2114 receperunt
1477 2067 1614 2102 Hauth.
1628 2067 1771 2102 inPers.
1791 2064 1827 2111 5,

1082 2122 1139 2162 24.
1172 2123 1252 2161 105.
1288 2126 1426 2160 obhar.
1454 2124 1493 2158 in
1519 2124 1648 2159 Boeth.
1681 2122 1827 2158 Consol.

1080 2182 1170 2228 phil.
1191 2183 1230 2226 1,
1253 2182 1271 2215 1
1285 2207 1295 2224 ‚
1318 2181 1374 2215 13.
1404 2192 1441 2226 p.
1462 2181 1498 2215 3.
1527 2185 1564 2214 et
1589 2180 1628 2214 in
1653 2179 1826 2214 Prudent.
1906 2196 1910 2208 ι

1079 2238 1213 2274 Perist.
1237 2239 1300 2281 10,
1321 2237 1425 2271 1137.
1454 2237 1558 2271 conf.
1586 2235 1630 2271 C.
1657 2235 1826 2271 Schneid.
1897 2267 1910 2286 ,ἶ

1081 2294 1291 2330 Elementrl.
1313 2306 1350 2340 p.
1366 2290 1448 2328 547.
1683 2338 1691 2343 κ

1136 2352 1181 2386 V.
1203 2351 1262 2386 30.
1280 2352 1426 2396 fingere
1444 2354 1570 2385 certus.
1598 2348 1689 2383 Mes.
1713 2348 1826 2395 Cruq.
1905 2363 1910 2395 j

1082 2410 1116 2453 1,
1137 2409 1218 2443 duo.
1239 2409 1274 2443 7.
1302 2407 1338 2442 3.
1373 2406 1443 2441 Ed.
1473 2407 1584 2452 ctuq.
1614 2405 1737 2450 (Asm
1765 2409 1828 2440 aut
1906 2397 1910 2429 ἶ

1080 2471 1198 2501 suetus
1211 2464 1248 2499 in
1262 2462 1445 2510 explicat„
1466 2462 1587 2498 nescio
1601 2466 1729 2507 autem,
1747 2470 1827 2497 num
1904 2499 1905 2503 ,

1080 2524 1148 2558 hoe
1176 2534 1221 2556 ex
1239 2533 1301 2556 ms.
1334 2520 1426 2555 libro
1455 2517 1680 2570 sumpserit).
1706 2521 1827 2566 figere

1080 2591 1214 2615 saevus.
1254 2578 1324 2613 Ms.
1351 2578 1487 2613 Bersm.
1516 2589 1577 2612 un.
1610 2576 1704 2613 Ede.
1733 2576 1823 2610 can.

1083 2637 1167 2671 San.
1201 2636 1279 2681 (qui
1311 2635 1398 2679 des.)
1437 2635 1557 2670 Merv.
1590 2633 1684 2669 Phil.
1714 2631 1823 2667 Baok.
1899 2637 1903 2642 '

1084 2693 1206 2737 Sivry.
1237 2692 1389 2738 Dorigh.
1420 2691 1528 2726 Daru.
1569 2690 1666 2734 [Non
1693 2692 1750 2723 est
1778 2699 1823 2722 ex

1083 2749 1159 2784 solo
1179 2748 1399 2795 typographi
1419 2759 1562 2790 errore,
1581 2750 1622 2780 ut
1635 2745 1686 2779 ait
1698 2743 1821 2788 Jones]

1082 2807 1258 2852 stringere
1285 2817 1431 2842 saevus..
1459 2805 1565 2847 Conj.
1600 2801 1648 2836 N.
1679 2799 1821 2843 Heius„

1082 2867 1207 2898 contra
1224 2874 1323 2909 quem
1334 2862 1430 2906 vulg.
1445 2859 1515 2895 def.
1526 2857 1707 2902 Bentlejuz
1716 2860 1823 2902 ffun-

1084 2921 1166 2956 dere
1182 2932 1275 2956 saev-
1306 2919 1410 2963 Conj.
1430 2914 1618 2951 Schrader.
1640 2915 1675 2949 in
1695 2914 1821 2949 Emen-
