1910 3138
88 190 171 233 129

548 185 688 226 LlBRI
708 186 738 225 Ι.
768 185 1028 225 EPISTOLA
1048 185 1147 225 XVI.

1531 182 1616 226 289

156 314 242 372 Qui
272 314 424 359 melior
455 325 610 374 servo,
649 315 720 371 qui
751 313 924 358 liberior
957 313 1012 356 sit
1048 325 1226 372 avaruS,

151 392 204 438 ln
232 393 367 437 triviis
399 391 532 437 fixum
567 406 695 451 quum
728 405 778 436 se
815 391 995 436 demittit
1030 391 1083 436 ob
1115 404 1275 450 assem,

129 461 253 516 ‘Non
289 470 414 517 video
423 487 438 530 3
473 486 574 516 nam
611 473 681 530 qui
715 472 883 530 cupiet,
920 472 1083 514 metuet
1116 482 1307 528 quoque3
1341 440 1471 528 perro

1557 472 1613 514 65

152 549 237 606 Qui
272 553 466 596 metuens
499 553 641 611 vivet,
679 551 786 596 llber
822 550 923 594 mihi
956 562 1042 593 non
1077 549 1160 592 erit
1193 562 1398 606 unquam.

83 687 128 721 C.
142 681 189 722 Ῐ).
209 685 324 721 Orell.
338 686 459 722 bSEc.
480 686 586 721 Rern.
606 687 651 721 D.
671 687 717 720 E.
738 685 784 719 F.
799 685 826 718 f.

83 744 132 780 G.
151 742 272 779 Guelf.
293 744 326 778 2.
346 743 382 778 3.
402 740 439 778 4.
466 743 586 778 Berol.
608 745 640 778 1.
666 744 770 777 Dess.
790 747 828 775 et

82 798 182 846 Lips.
210 811 300 835 οιιιιι.
333 800 444 834 Goth.
476 800 581 835 Gott.
612 802 644 834 1.
679 799 826 834 Corbei.

83 857 188 893 Conf.
206 857 312 891 Serv.
333 857 379 890 ad
400 857 496 900 Virg.
511 858 602 891 Aen.
616 853 653 900 4,
666 855 748 891 550.
770 857 827 899 10,

81 913 165 950 473.
188 913 291 947 cort.
310 913 356 947 ad
374 912 508 947 Lucan.
528 914 563 956 7,
579 909 659 948 574.
680 917 717 947 et
737 922 827 958 quae

85 969 191 1004 attuli
210 968 254 1003 ad
275 969 338 1014 13,
356 970 391 1004 7.
419 969 627 1015 Quanquam
642 974 744 1012 sunt,
765 968 825 1014 qui

82 1027 195 1060 verba
218 1036 290 1059 una
309 1025 324 1059 s·
342 1025 454 1060 scribi
475 1026 607 1070 velint,
634 1026 672 1060 in
698 1024 825 1072 quibus

82 1082 242 1128 syllabae
255 1077 370 1116 06-
383 1094 450 1117 con
468 1102 515 1108 —
534 1084 596 1117 sub
616 1083 744 1116 breves
763 1087 825 1116 aut

82 1138 243 1184 syllabae
255 1138 312 1172 lit.
326 1138 607 1185 {praecedentes
622 1150 685 1173 sua
698 1145 825 1173 natura

82 1196 209 1240 longae
224 1195 321 1236 sint3
347 1196 412 1230 sed
431 1206 550 1230 verum
564 1197 636 1241 jam
654 1195 748 1229 vidit
765 1196 824 1230 Jo.

81 1251 175 1286 Mar.
202 1251 351 1287 Manius
373 1251 412 1286 in
439 1252 557 1298 Triga
585 1252 755 1298 Opuscul.
785 1263 822 1296 p.

79 1305 163 1344 489.
186 1327 236 1333 —
258 1307 304 1343 V.
327 1308 386 1343 63.
423 1309 492 1352 Qui
509 1309 589 1344 mel.
614 1330 662 1337 —
686 1309 746 1353 qui
764 1308 823 1344 lib.

80 1364 202 1399 Libris
222 1375 305 1399 mss.
331 1376 435 1410 quum
460 1365 624 1409 afiorum,
650 1371 724 1399 tum
749 1364 823 1399 suis

78 1420 192 1467 ipsius
212 1433 234 1456 a
251 1420 327 1455 1³·oe
343 1421 494 1456 laudatis
512 1422 602 1457 adde
617 1421 743 1456 Barth.
756 1421 782 1455 l.
798 1421 822 1455 l.

79 1478 135 1512 lk.
159 1480 193 1513 1.
218 1476 255 1512 4.
283 1477 399 1513 Orell.
417 1479 501 1514 bSc.
522 1479 630 1513 Bern.
652 1479 695 1512 D.
712 1479 759 1512 Ε.
778 1477 823 1512 F.

80 1534 243 1569 Ambrae.
259 1533 342 1580 aliq.
358 1535 478 1572 Guelf.
500 1537 533 1570 1.
548 1537 581 1571 2.
596 1535 633 1569 3.
651 1534 770 1568 Berol.
787 1535 822 1568 1.

22 1594 37 1601 “
80 1591 187 1626 Dess-
201 1591 236 1626 2.
249 1590 285 1624 3.
305 1591 416 1625 Goth.
433 1593 535 1627 Gott.
553 1594 586 1626 1.
613 1590 710 1637 Lips.
734 1593 768 1625 1.
789 1592 822 1627 2.

80 1647 195 1682 θοι-ν.
219 1648 253 1681 1.
273 1648 307 1682 2.
337 1647 481 1684 Corbei.
503 1647 653 1682 Mentel.
670 1647 770 1682 Mon.
791 1659 822 1681 a.

80 1704 119 1740 b.
135 1715 166 1739 c.
183 1701 218 1737 d.
236 1703 263 1737 f.
279 1702 304 1737 i.
331 1704 390 1738 Ita
414 1703 593 1750 Porphyr.
621 1704 714 1739 Edd.
743 1704 822 1738 Bri-

80 1765 178 1794 tann.
204 1758 240 1793 in
257 1760 346 1795 Ven.
365 1759 448 1797 520.
467 1761 589 1796 Lamb.
611 1758 697 1809 (qui
715 1761 823 1795 resti-

78 1816 166 1861 tuit)
187 1815 297 1862 Cruq.
316 1816 406 1852 Min.
426 1817 558 1854 Bersm.
578 1818 686 1854 Talb.
706 1817 823 1855 Bentl.

78 1877 119 1907 et
135 1884 210 1907 rec.
240 1874 315 1917 Quo
329 1875 409 1910 mel.
423 1893 479 1899 —
495 1886 563 1918 quo
577 1874 635 1908 lib.
649 1874 763 1910 Orell.
774 1875 821 1910 Ε.

79 1927 186 1963 Bam.
201 1929 284 1964 fic.
299 1930 388 1964 Bad.
405 1933 438 1966 1.
455 1930 578 1966 Ambr.
589 1931 635 1965 D.
649 1930 768 1965 Berol.
786 1932 820 1967 2.

80 1984 186 2020 Dess.
204 1987 237 2020 1.
267 1986 370 2020 Gott.
392 1989 424 2022 2.
451 1988 570 2025 Guelf,
592 1985 629 2022 4.
660 1988 760 2032 Lips.
783 1987 819 2023 3.

79 2040 178 2076 Mon.
203 2054 236 2076 e.
261 2053 297 2086 g.
324 2044 436 2086 (corr.
459 2045 534 2088 qui)
562 2044 586 2079 l.
609 2055 653 2079 m.
688 2045 821 2090 probat

79 2096 203 2142 Barth.
224 2098 317 2133 Adv.
335 2099 393 2142 37,
410 2101 466 2135 22.
486 2100 578 2137 Edd.
598 2101 694 2145 vulg.
715 2101 821 2135 etiam

80 2153 211 2188 Mutet.
234 2155 344 2189 Torr.
366 2156 452 2190 Dae.
488 2157 556 2201 Qui
571 2158 651 2191 mel.
678 2177 727 2182 —
753 2169 819 2201 quo

79 2210 137 2244 tit.
164 2210 254 2244 Mas.
282 2216 359 2245 tres
383 2212 496 2247 Paris.
524 2213 584 2256 (L.
609 2224 643 2250 z.
669 2214 722 2256 N)
750 2213 818 2247 Ed.

80 2265 169 2304 Ven.
187 2262 269 2301 481.
300 2268 376 2310 Quo
399 2269 481 2307 mel.
503 2288 552 2294 —
580 2270 640 2313 qui
658 2270 718 2303 lib.
750 2269 818 2303 Ed.

82 2319 194 2355 chub.
210 2340 259 2347 —
276 2325 399 2358 servo?
411 2345 466 2350 —
480 2326 539 2360 εἰει
554 2337 653 2360 avar.
669 2326 731 2360 Sic
744 2327 820 2359 fere

82 2375 166 2410 dist.
185 2377 267 2414 edd.
287 2383 377 2412 vett.
413 2379 583 2415 Pithoeus
597 2381 633 2414 in
649 2381 705 2415 ed.
722 2381 817 2418 Med.

81 2427 166 2465 474.
188 2432 258 2465 sic:
289 2433 451 2468 liberior?
477 2437 519 2471 sit
542 2441 689 2471 avarus!
714 2443 750 2471 et
774 2438 819 2471 ad

82 2485 272 2531 marginem
295 2489 458 2534 scripsitz
486 2492 621 2538 „quasi
641 2492 746 2537 dicat,
766 2494 819 2526 ni-

82 2542 192 2576 hilo.“
226 2542 348 2576 Omnis
368 2556 468 2579 error
486 2559 530 2580 ex
543 2550 654 2582 verbo
670 2550 729 2592 qui
740 2561 819 2594 per—

82 2610 204 2645 peram
217 2598 398 2633 intellecto
413 2607 510 2635 onus
527 2607 593 2646 est,
611 2604 685 2640 vid.
701 2605 817 2638 Bentl.

82 2656 128 2690 ad
150 2656 228 2690 Sat.
253 2656 294 2698 1,
319 2655 359 2697 3,
388 2657 467 2693 128.
511 2658 589 2693 coll.
613 2661 747 2699 Gemh.
777 2661 821 2694 ad

83 2711 233 2753 Quintil.
251 2712 336 2746 lust.
354 2711 388 2755 9,
405 2708 438 2754 4,
454 2713 487 2746 6.
517 2713 663 2760 Forbig.
687 2717 730 2751 ad
751 2717 821 2750 Lu-

82 2771 171 2802 eret.
200 2769 218 2802 1
232 2793 242 2811 ,
267 2768 348 2802 701.
377 2767 482 2802 Web.
501 2769 545 2803 ad
560 2770 640 2804 Juv.
663 2773 721 2815 13,
740 2769 818 2807 141.

82 2821 186 2859 Kritz
199 2824 245 2857 ad
260 2823 347 2858 Sall.
366 2823 444 2858 cat.
463 2823 521 2869 51,
535 2821 591 2861 24.
608 2829 727 2872 —fit
750 2828 817 2862 Ms.

84 2877 149 2913 Fe.
166 2890 222 2913 un.
239 2899 295 2906 —
310 2892 429 2915 avaro.
456 2881 574 2915 Guelf.
593 2883 623 2914 1.

139 2933 278 2970 Hoiwr.
305 2937 354 2971 11.

928 684 972 717 V.
996 681 1053 719 64.
1077 683 1133 719 65.
1170 684 1256 719 Cum
1278 684 1510 729 tritaer‘z‘sfioeun
1528 697 1611 725 aesc.

872 741 975 786 Conj.
993 740 1142 786 Cuning.
1159 759 1216 766 —
1233 741 1294 785 qui
1303 752 1351 775 se.
1374 740 1445 775 Ed.
1462 741 1613 778 Enberf.

871 798 1019 841 (tacite)
1037 817 1086 822 —
1104 797 1254 832 dimittit.
1280 797 1370 831 Mss.
1394 798 1463 832 duo
1478 799 1611 833 Bet-sm.

870 854 934 889 Fe.
954 856 988 899 2,
1004 854 1038 888 h.
1055 855 1108 888 1k.
1124 851 1160 888 4.
1179 853 1292 888 Orell.
1309 855 1354 888 Ε.
1371 866 1400 888 e.
1419 866 1476 900 pr.
1492 855 1612 890 Guelf.

871 913 904 947 2.
929 911 964 946 3.
991 907 1026 945 4.
1056 911 1160 945 Dess.
1187 913 1220 945 1.
1251 910 1364 945 Dorv.
1390 913 1423 946 1.
1454 911 1554 958 Lips.
1580 913 1612 946 1.

871 968 1016 1002 Corbei.
1057 968 1159 1002 Sant.
1196 967 1294 1001 Mon.
1327 979 1358 1002 c.
1390 968 1418 1005 f.
1446 979 1481 1013 g.
1512 969 1537 1002 i.
1568 980 1613 1003 m.

869 1026 978 1058 Bern.
1005 1025 1050 1058 D.
1077 1024 1119 1058 E.
1146 1025 1172 1058 f.
1202 1023 1294 1058 Edd.
1323 1025 1421 1059 Med.
1446 1022 1528 1060 476.
1555 1026 1613 1060 77.

870 1081 1014 1115 Cadom.
1025 1078 1105 1116 480.
1124 1081 1212 1114 Ven.
1230 1077 1310 1115 477.
1329 1081 1387 1115 79.
1404 1082 1460 1116 81.
1478 1081 1613 1116 Biedm.

869 1138 956 1172 Duc.
973 1137 1019 1172 al.
1050 1137 1220 1180 dimittat,
1244 1137 1424 1181 demittat,
1447 1139 1613 1173 demittet.

869 1193 957 1229 Mss-
982 1194 1029 1230 al.
1052 1212 1108 1221 —
1131 1194 1173 1227 ob
1190 1194 1328 1228 assem?
1352 1193 1421 1228 Με.
1438 1194 1502 1229 Fe.
1522 1197 1560 1238 2,
1578 1195 1612 1229 h.

868 1270 925 1276 —
939 1251 982 1285 V.
996 1249 1052 1286 65.
1079 1261 1228 1295 quoque:
1243 1250 1292 1294 (;)
1303 1261 1423 1296 porro.
1440 1251 1521 1285 Asc.
1532 1251 1613 1286 519.

869 1307 1026 1342 Lambin.
1054 1313 1091 1341 et
1115 1306 1197 1341 edd.
1222 1307 1318 1351 vulg.
1344 1318 1479 1352 quoque
1491 1319 1611 1354 porro.

868 1364 962 1398 Edd.
991 1364 1082 1410 pqu.
1111 1368 1201 1398 vett.
1226 1368 1265 1397 ut
1290 1364 1387 1398 Med.
1410 1360 1491 1399 474.
1524 1365 1613 1398 Ven.

867 1418 950 1456 479.
976 1422 1032 1456 81.
1063 1420 1143 1455 Ald.
1169 1418 1251 1455 501.
1280 1420 1335 1454 19.
1365 1421 1462 1455 Junt.
1481 1418 1612 1456 14.19.

869 1478 1000 1512 Verum
1014 1478 1060 1512 H.
1081 1488 1221 1523 qnoque
1237 1476 1441 1522 Stephanus
1463 1477 1557 1511 vidit
1575 1477 1613 1511 in

867 1534 981 1569 Diatr.
1008 1546 1078 1568 sec.
1104 1546 1142 1579 p.
1162 1530 1242 1568 149.
1272 1533 1377 1568 Conf.
1393 1535 1551 1580 Herzog.
1569 1535 1614 1568 ad

869 1591 956 1626 Sall.
973 1591 1055 1628 Cat.
1070 1587 1129 1633 46,
1145 1592 1178 1626 2.
1580 1587 1610 1625 Ι.

924 1649 967 1683 V.
983 1648 1041 1682 66.
1060 1647 1160 1681 vivet.
1186 1646 1275 1681 Mss.
1296 1646 1409 1680 Pulm.
1425 1651 1463 1680 et
1476 1646 1612 1680 Bersm.

868 1716 958 1738 omn.
989 1709 1065 1738 tres
1089 1715 1146 1748 ap.
1171 1703 1317 1737 Canter.
1351 1702 1470 1747 (Nov.
1492 1703 1612 1737 Lectt.

865 1759 902 1805 4,
920 1761 997 1802 12.)
1017 1760 1142 1794 Oberl.
1159 1759 1201 1794 C.
1217 1760 1263 1794 D.
1284 1759 1352 1794 duo
1372 1772 1429 1806 ap.
1448 1761 1550 1795 Cort.
1568 1760 1614 1794 ad

866 1817 998 1852 Lucan.
1021 1818 1054 1860 2,
1070 1816 1148 1853 259.
1173 1817 1238 1850 Fe.
1262 1818 1296 1860 1,
1317 1828 1348 1851 a.
1367 1817 1402 1851 d.
1421 1828 1454 1850 e.
1474 1818 1509 1860 2,
1526 1828 1557 1850 c.
1575 1817 1610 1851 h.

866 1874 890 1908 i.
912 1875 948 1919 3,
964 1886 994 1908 c.
1012 1872 1046 1917 5,
1061 1885 1091 1907 a.
1114 1874 1149 1917 7,
1165 1884 1197 1907 a.
1214 1873 1267 1906 lk.
1286 1875 1319 1908 1.
1336 1875 1372 1909 6.
1393 1873 1506 1908 Orell.
1519 1873 1610 1907 bEc.

867 1931 987 1966 Guell'.
1010 1932 1042 1966 2.
1063 1930 1097 1964 3.
1118 1926 1154 1964 4.
1186 1929 1306 1964 Berol.
1330 1932 1361 1965 1.
1385 1931 1417 1966 2.
1449 1931 1552 1965 Dess.
1576 1936 1614 1963 et

866 1988 966 2033 Lips.
985 1998 1074 2022 omn.
1094 1987 1203 2021 Goth.
1221 1987 1325 2020 Gott.
1344 1989 1376 2022 1.
1395 1989 1427 2022 2.
1447 1987 1558 2020 Dorv.
1577 1988 1610 2020 2.

866 2045 945 2079 cod.
969 2043 1115 2078 Mentel.
1135 2054 1218 2092 mqs.
1240 2043 1339 2077 Mon.
1361 2054 1452 2077 omn.
1468 2047 1613 2087 praeter

865 2101 964 2145 duos,
985 2100 1088 2133 Bern.
1111 2100 1155 2134 Ε.
1179 2099 1220 2133 F.
1238 2101 1262 2133 f.
1282 2101 1327 2133 G.
1350 2100 1511 2133 Ambros.
1533 2098 1612 2142 plu-

864 2159 939 2191 rim.
982 2157 1075 2190 Edd.
1113 2156 1258 2190 Cadom.
1290 2153 1370 2190 480.
1414 2155 1501 2188 Ven.
1528 2151 1610 2188 492.

865 2214 986 2248 Lamb.
1011 2214 1121 2258 Cruq.
1145 2213 1190 2245 H.
1211 2213 1339 2256 steph.
1361 2211 1447 2244 Min.
1471 2211 1608 2243 Bersm.

866 2271 977 2303 Chab.
1011 2269 1102 2302 Tan.
1134 2269 1224 2302 Fab.
1257 2267 1363 2300 Talb.
1395 2266 1479 2300 Dae.
1504 2267 1609 2299 Baxt.

867 2327 968 2370 Traj.
1004 2325 1049 2358 ad
1081 2324 1193 2358 Rhen.
1231 2323 1311 2357 713.
1358 2323 1438 2357 Jon.
1473 2321 1607 2356 Sandb.

866 2383 974 2415 Gesn.
1012 2381 1136 2414 Comb.
1176 2379 1317 2412 Wakef.
1356 2377 1442 2411 Bad.
1486 2378 1608 2413 Wetz.

865 2438 977 2471 Zeun.
995 2437 1060 2469 Fe.
1079 2437 1129 2470 lk.
1143 2436 1246 2469 Both.
1266 2435 1364 2468 Pott.
1382 2433 1483 2468 Jahn.
1500 2434 1606 2468 Doer.

865 2495 982 2527 Schm.
1023 2491 1111 2525 Zell.
1151 2490 1311 2524 Hoched.
1356 2490 1460 2523 Web.
1509 2491 1606 2526 Pasa.

865 2550 972 2583 Mein.
996 2547 1147 2581 Braunh.
1171 2546 1304 2590 Charp.
1326 2546 1437 2581 Orell.
1452 2546 1606 2582 Dillenb.

865 2605 957 2638 vt'vt't.
977 2604 1066 2637 Mss.
1082 2604 1134 2638 lk.
1151 2599 1186 2636 4.
1202 2602 1234 2636 5.
1254 2602 1364 2635 Orell.
1383 2603 1422 2636 S.
1440 2603 1558 2643 6αοΙῂ
1573 2607 1606 2639 1.

866 2660 983 2694 Berol.
1005 2662 1036 2693 1.
1060 2660 1100 2702 (a
1120 2660 1154 2692 2.
1174 2658 1239 2701 m.)
1259 2658 1420 2693 Rudolst.
1442 2659 1550 2694 Dorv.
1573 2663 1606 2696 1.

866 2716 962 2749 Mon.
983 2715 1006 2748 l.
1024 2725 1068 2748 m.
1090 2714 1184 2748 Vict.
1200 2715 1308 2753 Bern,
1323 2715 1366 2749 D.
1386 2716 1547 2751 Ambros.
1561 2717 1606 2752 F.

866 2771 957 2804 Edd.
983 2770 1074 2816 pqu.
1102 2774 1176 2804 vet.
1206 2771 1311 2805 etiam
1339 2772 1470 2807 Muret-
1496 2773 1606 2810 Fabr.

868 2828 976 2862 Torr.
1011 2826 1153 2860 Maroll.
1193 2827 1322 2862 Zurck.
1361 2829 1478 2864 Bentl.
1514 2831 1606 2866 Cun-

868 2883 950 2917 San.
981 2882 1097 2918 Merv.
1126 2883 1216 2917 Phil.
1244 2884 1374 2919 Franc.
1401 2886 1507 2922 Bask.
1527 2889 1606 2922 Val.

1176 2933 1228 2975 19
1272 2938 1335 2990 (9)
