1910 3138
138 162 194 203 ⁷7
241 158 520 202 comNT.
541 159 595 198 {N
613 159 738 201 HOR.
756 159 854 200 LlB.
876 159 904 197 1.
942 158 1107 200 EPlST.
1126 157 1534 197 DUODEV1cEsm.
1582 155 1665 197 425

137 273 189 310 de
220 272 331 313 Adul.
363 276 404 312 et
436 272 557 311 Amic.
588 271 713 311 Discr.
750 271 815 311 Vl.
849 285 887 323 p.
922 271 1016 313 198.
1043 271 1091 309 R.
1129 269 1150 311 ὁ
1184 267 1228 311 δὲ
1261 267 1384 319 κόλαξ
1414 265 1478 311 αἰεὶ
1511 285 1664 322 μνημο-

139 336 370 384 νεύων,ιοῦ
396 337 444 380 ια’
474 337 637 393 δεύτερα
664 339 811 392 λέγειν,
849 337 1011 390 ὑφίεται
1046 341 1098 395 τῇ
1132 335 1334 391 ὁμοιότητι
1363 340 1435 390 τῆς
1469 333 1664 388 ἰσότητος,

137 403 343 460 {nicom
366 410 572 461 πανταχοῦ
598 407 666 448 καὶ
692 403 999 455 ἀπολείπεσθαι,
1028 404 1132 458 πλὴν
1151 409 1233 447 ταῖν
1255 403 1423 455 φαύλων
1445 403 1662 459 ὁμολογῶν.

246 475 291 517 V.
322 475 386 517 15.
418 477 485 517 16.
525 475 646 514 Alter
670 499 726 504 —
751 482 946 513 armatus.
996 474 1171 522 „Contra
1193 474 1315 523 alter,
1344 475 1370 512 i.
1396 485 1429 514 e.
1458 472 1520 511 ille
1538 485 1664 511 moro-

134 557 200 586 sus
230 548 269 582 et
297 544 480 594 agrestis,
510 544 558 582 de
588 557 651 591 re,
693 557 790 594 quae
815 543 948 581 nullius
978 543 1058 580 fere
1090 542 1266 580 momenti
1296 550 1375 589 est,
1409 539 1510 580 litem
1538 545 1664 579 movet

134 615 174 649 et
201 624 271 662 pro
295 610 441 654 frivolis
469 611 581 650 rebus
602 616 748 663 pugnat
775 611 917 648 frivolis
937 623 1029 648 usus
1048 609 1323 659 argumentis.“
1368 607 1517 648 Dicitur
1537 613 1665 648 autem

135 679 262 716 ris-ari
295 678 344 716 de
378 678 479 717 lana
517 680 683 729 caprina
717 683 759 716 ut
795 677 884 727 περὶ
914 675 1011 718 ὄνου
1037 679 1150 725 σκιᾶς
1181 677 1348 729 (Erasm.
1378 675 1526 727 Adagg.
1556 678 1597 725 1,
1621 676 1663 724 3,

133 747 200 788 53.
227 745 386 788 Lucian.
414 728 589 786 Hermot.
625 745 713 796 71.)
743 747 792 784 de
821 746 932 784 rebus
961 746 1158 784 levissimis
1187 749 1252 783 aut
1279 757 1376 796 quae
1404 744 1517 795 plane
1541 743 1663 782 nullae

131 818 231 852 sunt.
274 812 418 851 Lanam
447 814 544 851 enim
574 827 711 866 caprae
741 814 880 853 habere
909 814 1022 865 vulgo
1059 827 1135 851 non
1172 813 1413 859 dicebautur3
1450 811 1536 849 hine
1560 811 1663 862 apud

132 881 219 919 Liv.
257 883 334 930 22,
377 882 399 920 1
415 908 427 930 ,
467 881 531 921 13.
572 882 669 920 inter
696 883 871 933 prodigia
896 882 986 919 illud
1020 895 1203 932 „capras
1232 879 1394 917 lanatas
1423 878 1663 930 quibusdam

124 949 304 998 ,ἴα-ἰαῦ(
334 948 509 989 refertur.
557 949 679 987 Aliter
712 950 776 988 leti
805 955 847 989 ut
870 950 1019 1002 Ulpiau.
1058 950 1095 986 in
1125 949 1158 987 1.
1210 949 1257 985 Si
1282 955 1356 985 aut
1383 947 1482 984 lana
1509 948 1528 996 §
1556 946 1664 984 Lana

130 1016 208 1066 leg.
236 1015 279 1054 ff.
322 1015 389 1053 De
415 1015 559 1068 legati-c
583 1025 618 1054 et
633 1017 772 1066 fideic.
800 1018 846 1059 3:
888 1016 1012 1054 Lami
1041 1015 1178 1068 legatci
1205 1016 1323 1052 etiam
1354 1014 1574 1065 leporinam
1602 1013 1664 1051 la-

132 1098 229 1122 nam
264 1091 303 1122 et
339 1086 568 1122 anserinam
597 1092 636 1122 et
672 1086 881 1137 caprinam
916 1085 1030 1132 crgdo
1065 1085 1265 1122 contineri.
1324 1083 1366 1120 lu
1403 1082 1527 1120 verbis
1556 1095 1663 1132 seqq.

129 1157 237 1192 tanta
264 1158 305 1191 et
329 1153 587 1203 distinguendi
616 1157 654 1190 et
682 1153 952 1204 interpretandi
984 1153 1184 1190 diversitas
1215 1153 1344 1202 utique
1373 1163 1448 1188 non
1474 1150 1663 1187 invenire-

129 1226 214 1270 tur,
244 1220 277 1259 si
300 1221 530 1272 interpretes
558 1220 676 1260 verba
703 1221 757 1258 sic
784 1221 958 1258 ordinare
987 1220 1067 1258 ausi
1096 1227 1249 1258 essent:
1279 1219 1520 1269 Propugnat
1542 1218 1663 1268 nugis

130 1294 313 1326 armatus
337 1288 459 1339 nugi-r
493 1292 535 1326 ut
569 1288 648 1326 od.
681 1291 728 1338 1,
756 1288 805 1337 3,
833 1290 872 1329 6.
922 1287 1055 1325 Debes
1092 1286 1310 1339 Virgilium
1325 1285 1485 1334 finibus
1513 1285 1663 1322 Atticis

132 1355 301 1395 Reddas
319 1354 556 1393 incolumem
576 1369 741 1407 precor,
766 1355 830 1393 ubi
856 1355 974 1394 verba
1001 1356 1125 1394 media
1139 1355 1224 1404 fin.
1247 1354 1376 1395 Attio.
1405 1359 1443 1392 et
1470 1354 1519 1391 ad
1547 1352 1662 1390 debes

133 1427 175 1462 et
198 1422 250 1462 ad
275 1421 422 1461 reddas
450 1427 553 1461 recte
582 1423 711 1461 retulit
738 1421 1029 1474 Dillenburger
1038 1421 1090 1475 *).
1137 1423 1188 1461 Et
1209 1425 1291 1474 quis
1315 1427 1395 1474 est,
1425 1423 1490 1472 qui
1508 1421 1661 1459 liberta-

133 1495 209 1529 tem
239 1495 376 1543 poetae
403 1490 441 1528 in
468 1494 654 1528 structura
680 1503 740 1531 vv,
771 1504 888 1541 prop.
922 1492 1041 1542 nugi-s
1068 1505 1138 1542 pro
1161 1505 1280 1542 prop.
1307 1504 1384 1541 pro
1417 1491 1536 1541 nugis
1561 1490 1661 1540 (Cic.

133 1560 248 1598 offic.
279 1561 318 1606 1,
350 1558 419 1607 19,
448 1560 488 1599 2.
519 1557 634 1596 Tusc.
663 1557 704 1607 5,
731 1559 797 1604 27,
827 1559 895 1598 79.
924 1559 973 1596 de
1007 1559 1150 1599 invent.
1180 1561 1219 1608 1,
1250 1559 1308 1606 1.)
1336 1558 1480 1596 exiliter
1507 1558 1556 1595 ad
1584 1558 1662 1596 cal-

132 1627 238 1664 culos
266 1637 404 1677 prosae
425 1626 604 1663 orationis
629 1624 808 1663 revocet?
855 1625 1002 1670 Quodsi
1031 1627 1130 1665 illam
1159 1627 1206 1664 ab
1226 1627 1350 1663 animo
1374 1630 1439 1663 tuo
1460 1626 1660 1677 impetrare

130 1707 207 1739 non
233 1693 401 1744 poteris,
437 1693 487 1730 ad
511 1693 618 1730 aliam
649 1693 920 1743 interpretandi
949 1695 1132 1732 rationem
1169 1706 1290 1744 aeque
1316 1693 1477 1732 Horatio
1507 1695 1660 1744 dignam

130 1762 330 1800 deducaris
370 1760 560 1811 oportebit
587 1761 665 1810 ita,
709 1766 751 1799 ut
784 1762 971 1809 dicamus,
1006 1769 1243 1814 propugnat
1280 1763 1402 1813 nugis
1437 1761 1537 1800 idem
1574 1774 1660 1799 esse

130 1829 241 1879 quod?
258 1835 421 1880 pugnat
439 1842 518 1879 pro
547 1830 678 1880 nugis.
720 1829 784 1867 Sic
802 1831 842 1879 6,
863 1831 900 1870 1.
940 1829 1142 1867 dotalibus
1170 1837 1311 1867 emetat
1334 1831 1467 1881 agris,
1494 1830 1561 1878 15,
1593 1830 1658 1869 10.

129 2001 392 2046 „Abbandlung
405 2013 476 2036 von
499 2002 567 2037 den
587 2003 851 2038 Pantomimeu“
874 2011 944 2039 etc.
974 2005 1156 2048 Hamburg
1182 2000 1283 2038 1749.
1315 2015 1350 2048 p.
1373 2006 1450 2046 10.‚
1472 2001 1657 2048 Grysarin

128 2058 436 2103 ,‚Schulzeitung“
460 2060 563 2099 1832.
591 2060 637 2094 ΙΙ.
662 2072 698 2105 p.
719 2060 816 2103 332„
844 2061 989 2107 Ziegler
1010 2062 1082 2105 „de
1106 2059 1223 2093 Mimis
1248 2059 1504 2094 Romanorum“
1529 2071 1564 2104 p.
1586 2060 1656 2101 22„

130 2125 323 2160 quanquam
339 2115 447 2149 dicit:
467 2115 608 2161 „prima
622 2116 738 2150 mutio
754 2123 833 2152 erat
844 2144 854 2159 ‚
876 2130 919 2151 ne
932 2117 1101 2151 imitando
1118 2118 1281 2150 Actorem
1298 2117 1490 2160 (secundae
1505 2115 1657 2160 partes),

128 2170 266 2206 etiamsi
281 2177 447 2217 possent,
471 2173 663 2207 vincerent.
693 2173 771 2208 Nisi
792 2174 843 2207 ita
857 2174 1093 2219 intelligamus
1105 2198 1115 2216 ,
1135 2172 1266 2217 frigida
1281 2173 1415 2207 omnino
1436 2178 1513 2206 erat
1533 2172 1658 2205 adula-

128 2222 213 2261 tor-'is
232 2234 269 2262 et
285 2230 518 2263 secundarum
540 2229 779 2275 comparatio,
800 2242 901 2276 quam
920 2231 1007 2264 Hor.
1029 2229 1274 2263 instituerat.“
1319 2230 1374 2263 De
1395 2228 1499 2262 simili
1519 2237 1658 2272 compa-

126 2282 266 2318 ratione
287 2284 379 2323 confi
395 2285 526 2319 Heind.
543 2287 585 2320 ad
608 2287 685 2322 Sat.
709 2289 739 2329 1,
759 2288 792 2330 9,
817 2285 877 2322 46.
900 2287 1040 2320 Ruhnk.
1057 2286 1101 2319 ad
1124 2286 1272 2319 Terent.
1292 2286 1384 2319 Eun.
1407 2286 1440 2326 1,
1454 2286 1487 2327 2,
1511 2285 1569 2318 71.
1596 2284 1657 2318 Ja-

126 2339 207 2374 coh.
227 2341 272 2374 ad
287 2341 432 2375 Lucian.
450 2341 620 2386 Alexand.
635 2345 691 2381 12,
709 2355 745 2388 p.
764 2343 822 2378 31.
845 2349 882 2377 et
902 2343 946 2376 de
968 2342 1147 2376 actoribus
1164 2341 1358 2386 primarum
1374 2347 1407 2375 et
1425 2342 1657 2374 secundm-um

125 2395 278 2439 partium
298 2397 435 2432 omnino
453 2398 627 2446 Bo'ttn'ger.
655 2400 788 2444 Opusc.
808 2411 843 2444 p.
859 2399 926 2433 311
949 2410 1026 2444 sqq.
1049 2403 1087 2431 et
1106 2399 1144 2432 C.
1166 2398 1229 2430 Fr.
1250 2397 1445 2431 Hermann.
1478 2395 1655 2442 Disputat.

128 2450 174 2484 de
187 2451 439 2488 distributione
453 2465 677 2498 personarum
693 2455 786 2489 inter
800 2454 992 2490 histriones
1008 2460 1078 2488 etc.
1099 2453 1286 2497 Marburg.
1304 2451 1407 2488 1840.

239 2505 276 2550 *)
298 2506 434 2542 Similia
451 2511 609 2557 exempla
628 2511 729 2545 verbi
744 2512 851 2545 semel
872 2510 980 2556 positi
1004 2515 1041 2544 et
1066 2509 1121 2543 bis
1143 2507 1364 2552 intelligendi
1390 2508 1592 2553 collegimus
1617 2509 1654 2543 in

127 2562 278 2597 Excurs.
300 2563 344 2597 ad
364 2565 399 2608 7,
416 2565 471 2600 18.
490 2576 528 2609 p.
543 2564 612 2603 402
628 2579 702 2612 sqq.
726 2572 763 2601 et
781 2567 826 2600 ad
848 2570 902 2610 11,
919 2568 975 2602 26.
997 2578 1033 2611 p.
1052 2566 1142 2609 158„
1163 2565 1368 2610 quibuscum
1387 2565 1481 2599 conf.
1501 2565 1653 2600 Dillenb.

127 2618 172 2652 ad
193 2619 263 2653 Od.
283 2620 314 2661 1,
329 2619 387 2662 31,
403 2620 436 2656 9.
450 2617 485 2662 4,
504 2623 537 2663 1,
554 2624 611 2658 12.
633 2623 749 2667 Epist.
767 2625 798 2666 1,
816 2625 850 2666 2,
865 2622 923 2657 65.
944 2623 1164 2666 Peerlkamp.
1186 2621 1229 2655 ad
1250 2620 1320 2655 Od.
1335 2619 1370 2664 4,
1385 2622 1419 2664 8,
1437 2623 1468 2658 1.
1484 2623 1518 2656 2.
1537 2620 1651 2657 Lfibk.

127 2674 173 2708 ad
190 2675 260 2709 Od.
281 2674 316 2718 3,
338 2673 392 2719 14,
415 2675 472 2710 13.
493 2673 550 2710 14.
574 2678 702 2712 Heind.
723 2680 766 2712 ad
784 2679 861 2711 Sat.
880 2680 909 2720 1,
926 2677 961 2722 5,
980 2679 1037 2712 77.
1061 2677 1170 2711 Bach.
1196 2677 1240 2711 ad
1266 2677 1375 2712 Ovid.
1402 2677 1489 2714 Met.
1510 2679 1544 2723 2,
1569 2675 1651 2715 496.

127 2729 240 2774 Seyff.
261 2731 304 2766 ad
322 2730 398 2766 Cic.
420 2731 518 2766 Lael.
540 2733 575 2777 3,
598 2735 652 2768 12.
673 2746 708 2779 p.
726 2734 784 2768 59.
814 2734 899 2767 Inde
919 2733 1115 2778 explicabis
1131 2734 1219 2768 Tac.
1239 2733 1328 2768 Anu.
1349 2732 1385 2777 4,
1406 2731 1464 2779 40,
1482 2736 1515 2770 2.
1542 2736 1603 2779 qui
1617 2742 1652 2771 te

125 2785 231 2821 invito
255 2794 488 2834 perrumpunt
514 2789 734 2833 omnibusque
758 2791 801 2823 de
824 2791 925 2824 rebus
945 2791 1147 2833 consulunt,
1179 2790 1240 2824 ubi
1265 2790 1430 2825 Heinsius
1454 2797 1487 2825 te
1508 2791 1650 2827 invium

130 2841 199 2886 legi
217 2843 347 2880 maluit.
