2034 3224
413 181 468 222 48

989 176 1377 220 ΗΟΒΑΤΙΙ

1904 186 1959 228 48

479 307 636 368 Reges
674 311 716 350 et
752 318 906 367 regum
939 306 1031 350 vita
1065 306 1350 366 praecurrere
1385 309 1564 354 amicos.

481 385 654 434 Cervus
689 398 844 443 equum
882 397 1030 444 pugna
1061 385 1214 431 melior
1248 387 1540 433 communibus
1574 388 1716 434 herbis

478 466 701 524 Pellebat,
744 464 880 508 donec
914 463 1053 508 minor
1086 464 1131 509 in
1169 467 1405 513 certamine
1438 467 1575 528 longo
1623 487 1625 490 ⁴

1903 473 1955 514 35

475 545 724 605 Imploravit
759 556 864 602 opes
897 542 1081 588 hominis
1114 534 1369 605 frenumque
1401 547 1588 607 recepit:

476 623 572 673 Sed
604 625 827 683 postquam
859 622 1002 667 victor
1034 624 1203 669 violens
1229 623 1434 670 discessit
1467 626 1527 670 ali
1557 627 1700 687 hoste,

475 704 575 750 Non
611 703 795 761 equitem
831 702 988 763 dorso,
1023 715 1110 748 non
1143 701 1314 749 frenum
1344 704 1508 764 depulit
1535 717 1636 751 cre.

474 781 575 842 Sic,
612 781 682 840 qui
712 783 963 843 paupen'em
996 782 1162 826 veritus
1197 783 1368 842 potiore
1408 783 1598 831 metallis
1648 802 1653 813 ·-

470 862 695 908 Libertate
729 863 878 922 caret,
914 860 1131 907 dominum
1162 862 1282 907 vehit
1314 862 1545 923 improbus,
1565 865 1697 923 atque

402 1022 439 1057 d.
468 1040 523 1048 —
551 1020 775 1067 praecedere.
826 1019 918 1055 ΜΒΒ.
952 1018 1050 1066 quid.
1093 1030 1153 1066 ap.

403 1078 528 1113 hamb.
553 1077 780 1124 praecellere.
821 1076 893 1112 ΜΒ.
923 1075 1062 1111 Bersm.
1091 1087 1151 1112 un.

398 1134 539 1182 praebe
552 1133 638 1179 (sed
652 1131 793 1168 corr-in
805 1132 1070 1179 praecanere).
1081 1132 1152 1167 ΜΒ.

858 1189 964 1235 Conj.
995 1189 1152 1235 Cuning.

400 1192 500 1227 Mon.
523 1202 562 1236 g.
582 1193 818 1236 praevertere.

403 1267 453 1274 —
470 1248 517 1282 V.
537 1243 598 1282 34.
625 1256 790 1293 pugnae.
823 1246 886 1281 Sic
915 1246 1073 1291 conjecit
1100 1246 1150 1281 N.

399 1303 571 1339 Heinsius
582 1329 593 1347 ‚
618 1303 683 1338 sed
697 1303 796 1348 vulg.
815 1314 888 1338 scr.
910 1308 1012 1338 recte
1027 1303 1151 1338 defen-

399 1360 456 1396 dit
468 1360 669 1405 Bentlejus.
692 1379 741 1386 —
764 1359 918 1395 civilibus
940 1360 1038 1395 herb.
1077 1359 1148 1394 ΜΒ.

398 1416 523 1452 Guelf.
533 1418 565 1453 2.
574 1436 632 1444 —-
645 1416 690 1451 V.
701 1416 760 1456 36,
768 1419 956 1462 fraenum,
961 1419 1148 1462 fraenum.

395 1473 490 1508 Illud
498 1485 564 1509 ms.
575 1472 731 1519 Lips.2.,
741 1474 811 1508 hoc
821 1473 950 1518 Goth„
965 1472 1031 1508 sed
1043 1473 1090 1507 cf.
1104 1473 1148 1508 C.

397 1530 572 1566 Schneid.
588 1529 801 1566 Elementrl.
817 1542 856 1579 p.
873 1526 933 1566 54.
953 1534 993 1565 et
1009 1529 1147 1565 Osann.

395 1587 442 1622 ad
456 1587 564 1633 Apul.
581 1587 627 1622 de
639 1588 864 1634 Diphthong.
879 1599 918 1634 p.
933 1587 1015 1623 138.

449 1643 496 1679 V.
512 1644 571 1680 37.
601 1644 711 1680 victor
726 1645 870 1680 violens.
890 1643 982 1679 Mss.
1003 1646 1043 1678 et
1064 1642 1146 1678 edd.

394 1700 494 1746 vulg.
518 1700 629 1736 victor
651 1701 800 1736 violam.
822 1701 894 1735 Ed.
910 1701 1023 1736 Fabr.
1050 1703 1147 1735 teste

393 1757 627 1793 Bersmanno.
644 1757 776 1793 violem
783 1757 903 1794 fictor.
923 1757 1015 1793 Mss.
1030 1757 1145 1792 Pulm.

395 1817 427 1850 1.
442 1815 478 1850 7.
495 1814 565 1849 duo
581 1825 641 1860 ap.
660 1815 773 1850 Torr.
789 1814 903 1861 (quod
924 1814 959 1850 ei
983 1826 1055 1850 ιιοιι
1072 1814 1147 1849 dis-

392 1870 525 1918 plicet)
542 1882 602 1906 un.
617 1882 676 1917 ap.
690 1871 830 1908 Bersm.
861 1872 908 1906 al.
936 1883 996 1918 ap.
1021 1871 1144 1907 Bentl.

393 1928 462 1963 Fe.
478 1930 514 1974 2,
529 1928 566 1964 h.
582 1927 618 1973 5,
634 1940 667 1964 e.
682 1929 718 1963 9.
735 1941 768 1964 a.
797 1929 963 1964 Hoched.
982 1929 1021 1964 b.
1045 1928 1143 1963 Edd.

394 1985 501 2031 Traj.
535 1985 582 2020 ad
614 1986 730 2020 Rhen.
758 1986 842 2021 713.
868 1985 1033 2021 Hoched.
1063 1985 1144 2032 (qui

392 2041 488 2086 def.)
505 2041 606 2077 victo.
623 2042 734 2077 Gesn.
753 2042 804 2088 3.‚
830 2042 895 2077 sed
920 2054 990 2090 quo
1016 2041 1144 2077 ordine

392 2097 537 2134 dubium
550 2102 619 2144 est,
634 2103 769 2134 utrum:
785 2100 916 2134 violens
928 2100 1030 2144 victo,
1047 2099 1144 2147 quod

390 2155 482 2191 dicit
503 2156 603 2201 Fea,
624 2167 688 2191 an:
706 2156 815 2191 victor
833 2156 940 2201 victo,
961 2155 1015 2191 uti
1038 2159 1144 2203 putat

391 2213 573 2248 Valartus.
595 2213 694 2253 ¹Hoc
726 2212 867 2259 quidem
887 2213 970 2249 edd.
991 2213 1139 2249 Cadom.

390 2266 474 2306 480.
506 2271 599 2305 Cun.
615 2269 702 2304 San.
724 2269 845 2305 Merv.
874 2270 971 2306 Phil.
1001 2271 1139 2306 Sandb.

390 2327 501 2361 Bask.
526 2327 660 2362 Franc.
682 2326 781 2361 Sivr.
805 2326 899 2362 Bod.
914 2327 1025 2362 Daru.
1046 2329 1141 2363 Gar-

391 2383 491 2427 gall„
515 2385 650 2429 probat
673 2383 795 2419 Burm.
820 2383 867 2419 ad
888 2383 998 2419 Anth.
1028 2384 1093 2420 lat.
1107 2385 1138 2420 1.

392 2450 427 2482 p.
446 2436 505 2473 45.
533 2440 683 2475 violento
700 2440 861 2476 abscessit
873 2442 917 2475 ab
937 2441 1046 2481 hoste.
1068 2441 1140 2476 Ed.

391 2493 527 2528 Bersm.
543 2497 674 2532 violens
686 2497 775 2532 victo
790 2499 826 2532 d.
841 2509 876 2532 a.
890 2498 927 2532 Ιι.
943 2497 1138 2533 Ed.Bent1.

391 2549 472 2595 (qui
493 2550 586 2596 def.)
623 2553 710 2588 victo
739 2554 878 2600 sonipes
905 2555 940 2590 d.
967 2565 1003 2588 a.
1017 2554 1054 2590 Ιι.
1081 2554 1141 2588 vel

391 2605 521 2640 domito
550 2607 657 2641 victor
682 2611 717 2643 d.
739 2622 773 2644 α.
788 2611 823 2646 h.
870 2610 975 2656 Conj.
1003 2610 1139 2656 Bentl„

391 2666 517 2696 contra
530 2662 716 2707 disputant
734 2667 844 2701 Jones
870 2672 907 2701 et
932 2667 1021 2702 Fea·
1050 2667 1140 2702 m'cto

389 2716 552 2751 vitulam.
588 2719 691 2763 conj.
713 2721 770 2755 Jo.
788 2723 951 2759 Clericus
969 2723 1008 2758 in
1032 2723 1139 2759 Frie-

390 2773 482 2807 dem.
498 2777 536 2807 et
554 2772 710 2809 Seebod.
725 2776 830 2813 Misc.
853 2780 952 2815 critt.
975 2781 1079 2817 1822.
1104 2780 1136 2815 I.

388 2827 424 2863 3.
455 2840 491 2874 Ρ.
522 2826 606 2863 544.
632 2834 670 2863 et
697 2831 820 2878 Clerq.
852 2848 920 2871 van
949 2837 1061 2872 Jever
1092 2837 1137 2872 ad

389 2885 523 2920 Lucan.
541 2887 573 2928 1,
589 2886 623 2920 8.
646 2886 703 2921 ed.
721 2887 827 2924 Web.
847 2891 875 2925 l.
896 2903 933 2938 p.
947 2892 1004 2930 25.
1029 2893 1139 2930 victor

1895 865 1953 909 40

1204 1019 1343 1057 Violens
1371 1021 1482 1066 (nom.
1511 1021 1660 1068 propr.)
1689 1004 1801 1068 θόιῇ.
1823 1021 1951 1058 ‘Peerl-

1198 1078 1318 1124 kamp.
1340 1078 1380 1112 in
1405 1075 1948 1127 Bib1.crit.n0v.n.p.1⁷

1197 1134 1333 1168 Locum
1362 1145 1484 1169 sanum
1511 1135 1759 1181 depravarunt
1790 1126 1950 1171 homiues

1197 1190 1330 1226 critici.
1347 1191 1454 1226 Conf.
1468 1192 1595 1227 Jacob.
1606 1191 1950 1239 inSeebod.„K1-it.

1197 1247 1446 1284 Bibl.“1829.
1474 1261 1512 1294 p.
1532 1244 1617 1284 418.

1252 1304 1298 1340 V.
1315 1297 1374 1340 38.
1391 1315 1456 1339 nec
1458 1308 1622 1352 frenum.
1635 1303 1778 1340 M'sdk.
1789 1303 1825 1340 5.
1842 1305 1947 1340 sant.

1194 1372 1362 1408 regnum.
1390 1360 1463 1396 Ma.
1491 1361 1596 1408 Lips.
1621 1363 1656 1399 2.
1688 1352 1730 1407 (ιι
1755 1362 1790 1398 1.
1803 1361 1873 1406 ιιι.)
1896 1380 1942 1387 -

1192 1416 1293 1463 pellit
1307 1417 1351 1452 ab
1365 1428 1439 1454 ore.
1472 1417 1544 1453 ΜΒ.
1569 1411 1638 1453 Fe.
1667 1417 1706 1462 7,
1737 1417 1776 1462 b.
1806 1415 1948 1465 περ-ἣ.

1194 1473 1294 1509 Μοιι.
1311 1485 1344 1510 e.
1362 1493 1420 1501 —
1433 1474 1478 1509 V.
1491 1474 1551 1510 39.
1577 1474 1620 1509 82·
1637 1474 1710 1519 qui.
1728 1466 1826 1518 Ειιςι.
1841 1471 1946 1520 mys.

1193 1527 1276 1567 492.
1289 1530 1398 1566 Both.
1421 1530 1500 1577 (ιι)
1520 1530 1717 1576 Βισᾳι-
1733 1534 1851 1574 met:
1874 1531 1949 1578 (ι’)

1194 1587 1258 1622 Sic
1269 1587 1360 1622 male
1375 1587 1464 1625 dist.
1480 1587 1565 1635 aliq.
1590 1582 1675 1624 edil.
1697 1591 1740 1624 ut
1762 1587 1848 1624 Asc.
1863 1584 1947 1632 519,

1193 1656 1309 1691 neque
1322 1645 1460 1680 rectius
1483 1645 1676 1681 θὼΡεαο·
1703 1642 1789 1690 δὴ,
1816 1641 1945 1699 qul·-

1191 1688 1310 1744 carel3
1325 1701 1414 1747 (=‚)
1438 1703 1590 1737 utdom.
1607 1700 1946 1750 camdenus-

1192 1769 1306 1805 quens
1324 1757 1431 1794 verbi
1453 1758 1601 1794 carenda·
1618 1752 1681 1794 sit.
1705 1778 1759 1785 —
1753 1757 1943 1805 Queat.

1191 1815 1263 1850 ΜΒ.
1276 1815 1382 1850 Desa.
1401 1817 1436 1851 1.
1450 1815 1676 1854 —metallo.
1689 1798 1894 1868 Mmsts,
1909 1808 1942 1849 ἰ.

1191 1872 1342 1907 Santeu.
1359 1889 1408 1898 -—
1427 1872 1473 1911 V
1487 1867 1548 1906 40.
1563 1872 1673 1907 vehet.
1702 1867 1794 1906 ΜΒΒ.
1806 1874 1846 1906 et
1860 1870 1943 1908 edd.

1190 1929 1289 1974 vulg.
1319 1928 1424 1964 vehit.
1478 1927 1570 1962 Mes.
1601 1927 1721 1963 Bentl.
1750 1928 1786 1964 6.
1815 1924 1876 1975 15,
1904 1926 1942 1963 b.

1192 1985 1388 2021 oberlmc
1421 1983 1694 2030 Fe.‚.,.5f9a
1724 1983 1949 2031 fruguum.

1190 2043 1331 2078 Levan.
1352 2050 1412 2088 ap.
1436 2042 1624 2076 Boi-mans.
1639 2041 1768 2079 Guelf.
1795 2042 1830 2076 1.
1853 2039 1895 2079 2
1904 2037 1940 2076 4.

1188 2099 1290 2155 Μοιι.
1309 2099 1346 2134 b.
1363 2110 1395 2133 c.
1412 2109 1445 2133 e.
1465 2096 1616 2132 senten.
1631 2096 1816 2144 Porphyr.
1828 2097 1940 2133 ined.

1187 2157 1272 2192 Bas.
1287 2154 1359 2192 580
1373 2154 1456 2199 (sed
1469 2153 1586 2190 idem
1574 2165 1615 2189 m
1631 2165 1698 2190 ms.
1715 2153 1783 2190 ch.
1798 2149 1858 2201 ai).
1873 2153 1940 2189 Re.

1188 2218 1227 2249 et
1241 2224 1300 2259 ap.
1319 2211 1483 2252 Hoched.
1497 2211 1628 2256 vehet).
1647 2209 1745 2245 Edd.
1761 2209 1938 2248 Bu.527.

1186 2270 1246 2306 31.
1265 2265 1325 2305 45.
1347 2267 1406 2305 55.
1428 2267 1572 2314 Gryph.
1588 2266 1672 2303 537.
1703 2267 1830 2303 Colon.
1854 2264 1937 2303 541.

1186 2327 1326 2362 Erasm.
1356 2322 1438 2361 541.
1484 2319 1657 2359 Richatd.
1694 2322 1778 2360 550.
1809 2325 1938 2360 Jmck.

1185 2384 1269 2420 709.
1286 2381 1382 2428 (vid.
1410 2380 1565 2426 Cuning.
1588 2379 1777 2416 Animadv.
1795 2383 1835 2428 Ρ.
1858 2381 1937 2426 76).

1185 2439 1306 2475 Bentl.
1335 2437 1416 2484 (qui
1436 2438 1530 2482 def.)
1564 2436 1687 2472 Maitt.
1717 2437 1809 2473 Cun.
1849 2437 1935 2474 San.

1186 2495 1306 2532 Merv.
1345 2494 1438 2529 Phil.
1474 2493 1611 2529 Sandb.
1646 2493 1802 2539 Frauc„
1823 2494 1936 2530 Buk.

1186 2553 1284 2588 Sivr.
1299 2551 1454 2586 Haberf.
1469 2551 1582 2586 Dara.
1600 2549 1759 2586 Schmid.
1775 2550 1934 2587 Meinok.

1187 2609 1302 2644 Orell.
1323 2608 1428 2643 Hanc
1454 2619 1524 2642 scr.
1554 2607 1779 2644 defendimus
1808 2610 1848 2650 et
1863 2600 1937 2654 ipsi

1184 2666 1222 2700 in
1258 2665 1417 2700 Seebod.
1452 2664 1578 2709 „lh-it.
1611 2664 1738 2700 Bibl.“
1771 2661 1878 2700 1823.
1894 2673 1933 2709 Ρ.

1186 2723 1276 2759 1012
1298 2726 1407 2768 atque
1424 2721 1462 2756 in
1478 2721 1534 2756 ed.
1551 2723 1585 2756 1.
1602 2732 1640 2767 p.
1656 2717 1730 2765 64„
1751 2719 1935 2755 nobiscnm

1184 2779 1297 2814 sentit
1315 2778 1516 2813 Weichert.
1530 2777 1570 2814 in
1588 2777 1727 2812 Pmlas.
1741 2774 1773 2811 Ῑ.
1794 2776 1839 2812 de
1865 2777 1934 2821 Qu.

1183 2835 1271 2871 Hor.
1287 2835 1400 2881 Epist.
1425 2847 1463 2882 p.
1480 2834 1539 2872 23.
1559 2831 1718 2869 oranius
1741 2843 1812 2867 scr.
1834 2827 1935 2868 'vehet

1184 2904 1229 2927 ex
1245 2904 1347 2938 seqq.
1370 2891 1519 2927 Fut-‚uris
1532 2893 1647 2926 ortam
1661 2891 1777 2936 putat.
1800 2907 1857 2916 --
1869 2887 1934 2924 im-
