1910 3138
112 216 168 265 ⁷5

479 227 482 230 <
553 213 692 254 me
720 213 749 252 1.
806 211 1067 253 ans-rom
1093 195 1176 253 xv.

1547 213 1639 258 2³5

176 339 392 386 Pernicies
426 343 472 384 et
503 341 739 400 tempestae
772 340 1106 400 barathrumque
1136 340 1325 402 mucelli,

185 419 394 478 Quicquid
431 418 673 478 quaesitu-at
703 421 843 465 ventri
879 420 1066 465 donabat
1099 417 1253 466 avaro.

175 500 263 546 me
295 501 367 544 ubi
401 500 614 558 nequitiae
647 498 882 545 fautoribus
918 503 963 543 et
995 498 1149 543 timidis
1181 500 1244 544 nil

174 579 266 624 Aut
297 579 472 639 paulum
507 579 776 638 abstulerat,
812 580 983 639 patinas
1019 579 1231 623 coenabat
1264 580 1402 624 omasi

125 677 131 682 ·
173 658 367 712 vnket
400 659 614 719 agninae,
649 658 783 702 tribus
815 658 930 701 ursis
965 657 1077 716 quod
1110 659 1217 702 satis
1251 659 1393 717 esset3

107 827 199 863 datt-
233 828 318 866 libr.
346 827 537 863 Leovard.
559 827 663 863 1776.
699 839 737 873 p.
771 824 845 871 74„

38 911 42 925 Ι
106 886 315 930 comprobat
330 883 456 925 Riedel
471 883 516 918 ad
531 884 650 929 Epist.
667 885 701 927 2,
718 885 751 927 1,
767 885 847 920 220.

105 941 295 987 Ingeniosa
307 941 369 976 illa
383 941 540 986 quidem,
555 941 620 975 sed
633 940 771 975 minime
785 953 848 975 ue-

105 996 262 1032 cessaria
295 999 510 1043 conjectura.
550 1017 599 1023 —
639 997 684 1031 V.
712 997 773 1032 31.
806 1009 848 1031 ae

104 1060 211 1100 temp.
244 1054 338 1089 Edd.
357 1055 447 1090 Cun.
467 1055 553 1089 San.
573 1053 689 1088 Merv.
715 1054 846 1088 Frane.

104 1111 214 1146 Bask.
244 1109 351 1160 (777)
376 1111 528 1155 Dorigh.
557 1127 613 1138 ·-
648 1111 849 1145 baratrum-

80 1211 82 1213 >
105 1178 182 1211 que.
222 1168 312 1203 Mas.
330 1165 438 1202 mess.
461 1178 552 1202 omn.
572 1169 611 1201 et
629 1167 734 1200 Gott.
756 1168 789 1201 1.
812 1168 846 1202 2.

104 1223 271 1259 Rudolnt..
290 1228 329 1258 et
348 1225 428 1259 cod.
447 1223 597 1258 Mentel.
634 1223 729 1257 Edd.
755 1227 845 1257 vett.

102 1279 219 1327 plerq.
237 1292 330 1316 omn.
353 1281 409 1315 De
423 1279 603 1315 scribendi
617 1280 755 1314 ratione
771 1279 847 1324 [ba-

103 1341 258 1372 rcarum
275 1337 374 1383 Lips.
390 1339 424 1372 1.
439 1337 491 1382 3.]
511 1339 558 1372 cf.
574 1336 692 1371 Burin.
707 1337 753 1371 ad
767 1335 845 1370 Val.

101 1392 162 1427 1³¹1.
173 1394 209 1438 2,
220 1395 277 1430 86.
287 1400 326 1428 et
335 1393 484 1438 For-big.
500 1394 545 1428 ad
553 1393 706 1428 'Lam-et.
717 1393 752 1436 3,
763 1393 844 1428 967.

161 1449 204 1484 V.
222 1450 282 1486 32.
306 1451 474 1486 donabat.
492 1451 582 1485 Mss.
598 1455 636 1484 et
650 1450 731 1485 edd.
746 1449 845 1494 vulg.

102 1506 265 1542 donaret.
283 1507 374 1542 Mss.
394 1512 435 1540 ut
451 1507 620 1540 videntur
637 1506 691 1540 lk.
705 1503 741 1540 4.
757 1505 791 1540 5.
809 1507 844 1540 6.

103 1566 142 1596 et
158 1562 238 1597 eod.
254 1562 406 1598 Mentel.
433 1563 490 1596 Ita
508 1564 554 1597 de
572 1563 775 1607 conjectura
790 1561 846 1596 ed.

102 1618 244 1662 Bentl.,
278 1630 380 1664 quem
413 1624 608 1664 sequuntur
636 1619 726 1652 Cun.
757 1619 843 1653 San.

103 1674 185 1720 (qui
199 1674 290 1719 def.)
307 1675 410 1719 ij.
430 1675 475 1708 ad
493 1675 609 1710 Rhen.
624 1675 706 1710 713.
726 1675 845 1709 Merv.

102 1731 195 1766 Phil.
211 1732 342 1766 Franc.
357 1731 479 1776 Sivry.
495 1732 602 1767 Bask.
618 1733 706 1776 (777
722 1736 772 1766 et.
786 1732 844 1766 ed.

102 1787 219 1822 Paris.
247 1787 336 1831 752)
368 1787 512 1826 Wakef.
541 1789 660 1823 Wetz.
687 1787 844 1839 Baberf.

102 1843 255 1890 Dorigh.
275 1844 328 1878 Ik.
352 1848 388 1878 et
405 1848 502 1879 teste
521 1845 673 1890 Cuning.
696 1845 752 1880 ed.
774 1845 843 1879 Ca-

101 1899 193 1935 dom.
221 1897 305 1935 480.
340 1902 504 1936 donarat.
543 1902 633 1936 Mss.
667 1901 779 1947 eruq.
807 1902 842 1946 1,

102 1968 125 1991 a
137 1974 194 1983 «-
206 1957 243 1991 d.
265 1957 376 1992 Pulm.
391 1958 427 1992 7.
451 1957 585 1993 Bersm.
602 1962 699 2003 quat.
716 1957 842 1993 oberl.

102 2013 147 2048 C.
177 2013 222 2048 Ι).
253 2013 378 2048 Comb.
405 2014 450 2047 F.
477 2015 595 2049 Bentl.
613 2013 650 2048 4.
678 2015 712 2050 2.
741 2015 774 2050 6.
805 2018 843 2048 et

102 2063 270 2116 complut.
293 2070 341 2104 al.
363 2071 474 2104 Gesn.
496 2072 530 2105 1.
550 2071 584 2107 3.
609 2071 686 2116 (ille
705 2076 761 2104 est
778 2082 843 2106 no·

77 2136 81 2138 ’
101 2127 178 2160 ste'r
194 2128 300 2161 Gott.
320 2126 371 2170 1.)
389 2125 479 2164 Bad.
502 2128 534 2161 1.
553 2127 620 2162 Fe.
642 2129 675 2172 1,
694 2138 728 2161 a.
752 2128 793 2171 (a
807 2130 840 2162 1.

100 2182 164 2227 m.)
183 2183 220 2217 b.
240 2183 276 2217 k.
295 2183 321 2218 i.
340 2195 376 2228 p.
396 2194 425 2216 r.
444 2187 474 2221 t.
498 2184 534 2227 (a
553 2185 587 2220 2.
607 2185 670 2228 ιιι.)
689 2195 722 2220 z.
744 2185 784 2227 2,
806 2196 839 2219 e.

101 2246 135 2274 e.
153 2238 181 2273 i.
201 2239 237 2283 3,
258 2251 291 2274 a.
309 2240 337 2273 f.
358 2238 393 2283 5,
416 2250 449 2273 a.
469 2251 503 2274 e.
523 2241 560 2284 (a
574 2242 607 2276 2.
623 2243 684 2283 ιιι.)
705 2240 732 2274 f.
751 2241 786 2284 6,
808 2252 839 2275 a.

99 2295 139 2329 b.
164 2295 262 2330 Pott.
282 2296 451 2342 complut.
474 2296 587 2331 Orell.
609 2296 654 2331 E.
680 2296 718 2330 in
741 2296 842 2331 varia

101 2350 186 2384 lect.
208 2352 327 2386 Guelf.
343 2354 377 2388 2.
398 2351 502 2387 Deus.
523 2354 556 2388 1.
580 2354 614 2387 2.
635 2352 734 2398 Lips.
750 2353 784 2387 1.
806 2355 840 2388 2.

103 2404 137 2439 3.
157 2404 255 2440 Mon.
274 2407 309 2441 d.
327 2408 354 2441 i.
373 2408 431 2442 Ex
449 2407 515 2442 hac
530 2409 708 2454 scriptura
725 2413 765 2442 ut
779 2409 842 2443 im-

102 2460 225 2506 primis
244 2470 340 2497 suam
357 2463 542 2498 lectionem
569 2465 675 2498 finxit
698 2466 842 2498 Bentle-

100 2517 177 2561 J'us,
199 2517 253 2550 ita
271 2528 366 2552 suam
382 2519 567 2562 Praedia:
592 2521 706 2554 ventri
721 2526 762 2555 ut
779 2522 842 2555 ‹10-

103 2578 209 2607 nuret
225 2584 344 2608 avaro.
374 2574 420 2607 At
433 2574 523 2608 hane
542 2576 752 2610 sententiam
770 2575 845 2621 pri-

105 2627 159 2662 ori
172 2628 208 2662 in
224 2628 413 2663 dinumeret
427 2631 571 2664 exeunti
585 2631 728 2666 similem
743 2631 844 2666 reddi

103 2695 175 2719 non
193 2690 250 2718 est
269 2695 377 2729 opus,
398 2694 499 2728 quum
519 2686 606 2720 baec
623 2698 689 2732 per
708 2699 747 2721 se
767 2688 844 2721 sola

105 2744 255 2776 constet.
293 2739 366 2774 sed
391 2740 551 2774 similiter
576 2747 728 2777 erratum
758 2743 843 2777 alias

105 2806 243 2842 quoque
264 2801 337 2841 est,
367 2796 442 2831 vid.
462 2796 618 2830 Ellendt.
637 2797 681 2832 ud
703 2798 779 2834 Cic.
799 2799 844 2833 de

107 2852 172 2886 Or.
191 2853 235 2896 3,
254 2852 321 2897 31,
350 2853 430 2889 123.
458 2857 496 2887 et
521 2853 633 2898 eiusd.
661 2854 842 2899 explicatt.

76 2918 79 2919 ⁷
106 2907 151 2942 ad
170 2909 204 2954 2,
223 2910 279 2954 27,
303 2910 383 2946 116.
410 2909 452 2945 Si
473 2909 558 2955 qnid
575 2910 771 2945 mutandum
789 2921 845 2945 ee-

1579 659 1636 702 35

892 830 967 871 set,
996 837 1067 861 sor.
1092 827 1248 863 donared
1274 827 1503 874 praeferrem.
1529 828 1636 864 eous.

890 883 1041 918 Becher.
1064 884 1174 919 Obos.
1189 883 1227 918 in
1239 883 1324 929 aliq.
1338 884 1430 920 Hor.
1445 884 1515 920 loc.
1528 883 1637 931 Ῑιῖος-

891 939 981 975 nitz.
998 939 1101 976 1830.
1116 951 1152 986 p.
1168 942 1224 975 10.
1239 945 1278 975 et
1292 941 1462 976 Seebodii
1480 941 1639 987 „Arebiv

891 997 919 1031 f.
938 996 1032 1032 Phil.
1049 1007 1086 1031 u.
1100 997 1288 1042 Paedng.“
1307 998 1412 1033 1833.
1432 1009 1468 1044 p.
1483 998 1566 1034 588.
1582 1017 1635 1025 —

890 1054 937 1087 V.
961 1052 1021 1088 33.
1060 1064 1103 1087 we
1125 1053 1264 1088 aaziae.
1299 1055 1396 1089 Edd.
1429 1056 1521 1091 Cun.
1550 1055 1638 1091 Su.

891 1110 1010 1144 Merv.
1036 1109 1170 1144 Franc.
1198 1110 1308 1146 Bask.
1335 1111 1459 1156 Sin-y.
1484 1111 1636 1157 Dorigh.

890 1166 1045 1201 umidis.
1062 1165 1150 1201 Mea.
1166 1166 1250 1212 aliq.
1265 1179 1325 1213 ap.
1336 1168 1460 1203 Lamb.
1472 1173 1511 1203 et
1523 1168 1638 1203 Orell.

891 1221 928 1257 d.
945 1222 1025 1267 (sed
1042 1224 1156 1269 corr.)
1176 1223 1364 1259 Edd.Asc.
1385 1225 1486 1260 Gla.
1504 1226 1639 1260 Vaseo-

892 1290 969 1313 sau.
1003 1280 1115 1325 Cruq.
1149 1281 1233 1325 (sed
1261 1282 1420 1327 explicat
1447 1281 1574 1316 timidi·
1599 1281 1636 1316 in

891 1333 1150 1386 Commenta.)
1178 1328 1331 1380 lanio-3
1361 1342 1489 1373 eontra
1514 1338 1637 1384 dispu-

890 1397 969 1427 tant
998 1393 1040 1427 P.
1067 1393 1268 1439 Victorius,
1299 1395 1490 1430 Lambinus
1518 1400 1557 1429 et
1585 1396 1635 1430 Η.

891 1449 1094 1495 Stephanus
1123 1450 1259 1495 (Diatr.
1289 1453 1435 1487 secund.
1463 1463 1501 1498 p.
1531 1452 1634 1495 138).

889 1506 944 1539 De
982 1505 1188 1541 confusione
1223 1508 1408 1554 utriusque
1442 1507 1544 1543 verbi
1585 1509 1634 1544 ef.

889 1562 1010 1596 Bentl.
1026 1567 1065 1596 et
1080 1563 1192 1598 Orell.
1208 1565 1254 1599 ad
1266 1564 1310 1598 A.
1326 1566 1369 1600 Ρ.
1386 1566 1468 1600 197.
1486 1565 1635 1600 Binum.

890 1619 935 1652 ad
956 1619 1124 1653 Laetant.
1144 1620 1231 1655 Inst.
1253 1620 1287 1664 5,
1307 1623 1363 1664 11,
1387 1624 1443 1657 10.

944 1675 991 1709 V.
1017 1673 1077 1710 34.
1101 1675 1160 1711 35.
1194 1677 1377 1712 attulerat.
1412 1678 1485 1713 Μι.
1510 1677 1636 1714 Berol.

890 1732 925 1764 1.
939 1750 991 1756 —-
1011 1738 1176 1777 patenas.
1212 1734 1267 1768 Ik.
1282 1732 1318 1768 5.
1336 1735 1478 1770 tabulae
1494 1735 1634 1782 quidam

888 1791 984 1822 teste
1002 1788 1172 1824 Lambino
1191 1789 1332 1834 legunt3
1357 1791 1391 1826 ia
1408 1792 1504 1826 haud
1525 1792 1634 1827 dubie

889 1843 1094 1879 Turnebum
1111 1846 1305 1892 intelligit,
1327 1848 1388 1894 qui
1406 1849 1452 1882 de
1470 1850 1634 1895 paropsi-

887 1900 992 1935 dibus
1015 1902 1126 1946 (Λᾶν.
1140 1904 1175 1947 6,
1192 1903 1248 1939 25.
1268 1905 1326 1947 18,
1341 1905 1401 1940 23.
1417 1907 1451 1949 2,
1469 1906 1526 1941 19.
1547 1906 1629 1940 coll.

886 1957 1062 1992 Athenae.
1081 1959 1123 2002 9,
1145 1961 1179 1994 1.
1209 1971 1245 2005 p.
1264 1960 1335 1996 367
1348 1972 1428 2007 sqq.
1457 1963 1634 2007 casaub.)

886 2014 1072 2059 cogitavit.
1093 2033 1143 2041 —
1166 2017 1342 2060 aequabat
1358 2029 1426 2064 pro
1450 2020 1634 2062 coenabat,

887 2069 913 2105 i.
934 2083 968 2106 e.
998 2071 1142 2117 penitus
1180 2073 1401 2118 devorabat,
1441 2073 1486 2107 de
1515 2074 1635 2118 conje-

887 2134 990 2162 ctura
1011 2126 1069 2163 ed.
1088 2128 1363 2174 Dorighello.-—-
1386 2129 1429 2163 V.
1447 2128 1506 2164 35.
1528 2129 1633 2175 agni-

887 2195 968 2219 nae.
992 2185 1082 2219 Mss.
1098 2185 1221 2220 Lamb.
1238 2185 1321 2230 aliq.
1338 2181 1448 2230 Cniq.
1466 2187 1499 2228 1,
1516 2186 1631 2220 a-d,

886 2238 922 2275 4.
944 2240 979 2275 9.
1002 2242 1037 2276 2.
1056 2241 1092 2275 3.
1111 2246 1150 2275 et
1168 2243 1244 2286 ejus
1260 2241 1497 2284 scholiastes,
1517 2242 1631 2276 Palm.

886 2298 920 2331 2.
939 2299 995 2331 10.
1016 2297 1098 2342 aliq.
1118 2309 1176 2342 ap.
1196 2298 1357 2332 Turneb.
1379 2298 1488 2342 (Adv.
1505 2299 1538 2340 6,
1555 2297 1631 2341 25.)

886 2357 924 2386 et
942 2353 1049 2387 Talb.
1070 2358 1109 2386 et
1128 2354 1252 2397 Torr.,
1270 2354 1407 2387 Bersm.
1429 2364 1488 2388 uu.
1504 2353 1630 2389 Oberl.

886 2409 932 2442 D.
952 2409 1077 2442 Comb.
1097 2409 1143 2443 F.
1172 2410 1238 2443 Fe.
1260 2411 1302 2452 1,
1323 2421 1354 2443 a.
1375 2410 1413 2444 b.
1446 2410 1488 2454 (a
1508 2412 1541 2445 1.
1560 2410 1629 2456 m.)

887 2475 919 2497 e.
939 2476 975 2508 g.
997 2465 1032 2498 k.
1054 2465 1094 2508 (a
1108 2466 1142 2499 2.
1158 2466 1221 2508 ιιι.)
1241 2476 1277 2509 p.
1295 2466 1335 2508 2,
1358 2477 1391 2500 c.
1411 2477 1445 2500 e.
1461 2466 1502 2509 (a
1514 2462 1550 2502 1.
1563 2465 1629 2516 ιιι.)

886 2520 913 2553 f.
935 2521 975 2563 (a
991 2522 1025 2554 1.
1042 2520 1106 2562 m.)
1126 2519 1151 2553 i.
1174 2521 1214 2563 (a
1228 2522 1261 2556 2.
1277 2521 1342 2564 m.)
1356 2521 1392 2566 3,
1407 2532 1441 2556 a.
1457 2522 1498 2567 (a
1512 2525 1547 2558 1.
1561 2525 1628 2569 ιιι.)
1674 2549 1678 2554 »

888 2574 923 2617 5,
949 2586 983 2608 a.
1010 2576 1051 2619 (ιι
1074 2577 1108 2610 1.
1133 2578 1197 2620 ιιι.)
1229 2576 1255 2609 f.
1272 2577 1306 2619 6,
1335 2586 1368 2611 a.
1391 2578 1427 2622 7,
1455 2591 1489 2615 a.
1523 2580 1624 2616 Pott.

889 2630 1067 2676 (exceptis
1085 2642 1166 2665 mss.
1183 2634 1215 2666 1.
1230 2633 1266 2667 6.
1280 2633 1315 2667 7.
1331 2635 1387 2670 12.
1403 2636 1460 2670 18.
1475 2635 1533 2671 19.
1549 2638 1628 2682 21.)

888 2687 982 2731 plur.
1011 2688 1067 2721 lk.
1088 2688 1121 2720 1.
1148 2683 1184 2722 4.
1220 2688 1333 2723 Orell.
1361 2690 1420 2727 bd.
1447 2690 1568 2729 Berul.
1590 2694 1624 2730 1.

888 2743 992 2776 Dess.
1014 2745 1047 2778 2.
1066 2743 1179 2778 Dorv.
1200 2744 1233 2778 1.
1253 2745 1305 2789 (in
1324 2749 1453 2794 marg.)
1470 2749 1569 2787 Mon.
1586 2751 1624 2786 b.

888 2798 925 2841 (a
942 2809 1044 2832 manu
1062 2803 1194 2834 recent.
1215 2811 1318 2836 corn·
1334 2803 1372 2837 in
1399 2805 1527 2852 aguda-¹
1547 2819 1622 2843 eum

888 2853 1022 2889 κιαι..
1050 2855 1164 2899 „scih
1190 2858 1358 2900 omnim
1383 2873 1418 2896 ο.
1444 2852 1550 2900 conf.
1574 2865 1624 2901 n.

890 2910 1018 2957 soeph.
1037 2909 1153 2948 Diatr.
1172 2925 1244 2950 κο.
1267 2927 1304 2962 p.
1323 2916 1404 2954 139.
1422 2917 1491 2955 Ed.
1509 2921 1622 2967 princ.
