1910 3138
0 1146 5 1153 .
0 898 8 1126 .-.-.=--=1-w;—ae
0 774 9 851 -qu-

107 175 165 220 0⁶
210 175 491 218 oomNT.
510 175 569 217 IN
586 177 711 217 HOR.
731 176 831 217 Lm.
851 177 880 217 1.
913 177 1079 218 EPIST.
1101 177 1508 219 DuonssvlcRsm.
1549 175 1635 218 433

106 288 268 341 opibus,
293 293 336 329 ut
360 302 473 342 opum
498 291 620 342 gratia
648 290 808 329 stultitia
834 291 948 342 vulgo
977 291 1160 330 habeatur
1178 305 1250 344 pro
1268 291 1501 344 sapientia-‘⁶
1551 290 1635 329 110-

107 370 190 396 rum
212 358 542 409 interpretationes
564 360 619 396 ita
644 363 830 411 temperat
855 359 1126 412 Dua-ingim,
1150 364 1192 399 ut
1214 360 1394 412 explicet:
1421 358 1528 408 „noli
1551 371 1633 396 me-

107 437 195 463 cun
227 425 455 466 contendere
469 425 531 477 *),
567 439 655 465 nam
691 439 764 476 ego
797 439 880 464 sum
909 427 1039 476 dives,
1075 428 1181 479 cnjus
1218 440 1312 479 opes
1339 426 1535 466 stultitiam
1562 425 1633 464 ad-

105 492 278 543 mittunt,
303 493 364 532 vel
386 494 567 533 stultitiae
590 494 782 546 praesidio
800 498 900 533 sunt.
904 494 933 517 “
978 493 1184 533 Laudant'
1173 496 1356 546 imprimis
1375 495 1493 536 Isocr.
1512 492 1633 531 Areo·

105 571 196 610 wg-
222 573 263 611 p·
295 561 391 604 279.
430 562 519 600 Wlf.
563 562 706 602 Αἴτιον
735 559 780 602 δὲ
813 558 966 601 τούτων
998 561 1128 611 ἐστίν,
1168 578 1230 603 οτι
1256 565 1338 602 τῶν
1366 555 1537 614 ἀγαθᾶν
1563 559 1633 600 καὶ

105 629 187 668 τῶν
203 629 342 668 κακοῖν
364 624 484 668 οὐδὲν
503 624 599 669 αὐτὸ
616 630 712 668 καθ’
732 645 828 670 αυτο
848 630 1131 682 παραγίγνεται
1151 633 1234 677 τοῖς
1252 625 1507 682 ἀνθρώποις,
1534 621 1634 668 alud

106 694 358 736 συντέτακται
385 695 454 736 καὶ
483 699 781 737 συνακολουθεῖ
810 701 894 744 τοῖς
929 694 1027 748 pao?
1060 692 1251 745 πλούτοις
1287 695 1357 737 καὶ
1391 700 1477 744 ταῖς
1512 695 1634 736 δυνα-

106 762 252 811 στείαις
280 761 399 804 ἄνοια
425 763 491 805 καὶ
520 761 616 816 μετὰ
645 761 791 816 ταύτης
822 760 1035 805 ἀκολασία·
1064 768 1150 812 ταῖς
1175 763 1220 805 δὲ
1244 763 1415 812 ἐνδείαις
1444 762 1513 803 καὶ
1543 766 1634 812 ταῖς

106 824 362 882 ταπεινότησι
389 829 631 884 σωφροσύνη
661 831 728 872 καὶ
755 828 971 884 μετριότης.
1015 833 1138 874 Plaut.
1159 833 1279 873 Stich.
1306 835 1346 882 2,
1375 833 1416 881 1,
1441 833 1510 873 28.
1558 830 1633 868 Se-

106 898 263 936 cundus
278 899 475 950 jbrtunas
502 900 638 937 decent
663 899 871 951 superbiae
879 915 896 947 ;
924 901 1022 939 adde
1039 901 1196 952 Rupert.
1215 901 1264 938 ad
1283 900 1368 938 Juv.
1390 902 1456 948 11,
1475 899 1558 940 174
1575 922 1632 928 —-

108 967 203 1008 176.
237 967 334 1005 Cum
360 972 491 1006 nostra
522 969 832 1019 interpretatione
867 968 967 1006 haud
1005 968 1242 1007 incommode
1269 967 1507 1020 comparabis
1543 967 1635 1006 Sall.

106 1034 193 1072 Cat.
218 1035 297 1086 52,
331 1036 382 1085 9,
423 1034 647 1086 respublica
670 1035 829 1084 firma,
871 1037 1077 1087 opulentia
1109 1035 1401 1088 neglegentiam
1439 1033 1635 1072 tolerabat

106 1106 146 1141 et
175 1101 312 1151 53‚5
314 1103 431 1153 .(ib.
460 1103 613 1154 cort.)
626 1102 853 1154 respublica
885 1105 1164 1156 nmgnitudine
1196 1106 1478 1155 imperatorum
1514 1109 1635 1154 atque

106 1171 413 1222 magistratuum
440 1172 541 1207 vitia
567 1170 826 1209 sustentabat.
870 1172 979 1210 Publ.
1007 1174 1094 1223 Syr.
1119 1174 1217 1215 898·
1271 1171 1349 1210 Ubi
1373 1172 1501 1221 coepit
1522 1180 1634 1221 pau-

102 1252 177 1288 per
201 1238 363 1276 divitem
393 1240 572 1285 imitari,
597 1240 720 1290 perit.
773 1238 982 1282 Democrit.
1022 1240 1160 1293 (Orell.
1188 1240 1331 1292 Opusc.
1359 1251 1486 1289 graec.
1514 1238 1543 1278 I.
1570 1249 1631 1274 nr.

106 1304 174 1347 54.
201 1319 239 1358 p.
271 1307 368 1355 100)
425 1301 591 1362 Τελευτᾷ
618 1304 694 1360 yolo
720 1306 778 1354 εἷς
805 1309 1043 1358 κακοδοξίαν
1068 1324 1199 1361 κακην
1225 1306 1251 1348 o‘
1277 1302 1634 1360 παρεκτεινόμενος

105 1375 161 1428 τῷ
183 1374 397 1426 κρείσσονι.
440 1374 602 1412 phaedr.
634 1377 679 1424 1,
710 1374 774 1415 24.
802 1398 861 1404 -
887 1376 934 1414 V.
962 1377 1032 1418 30.
1065 1377 1176 1414 Arta
1202 1376 1312 1413 decet
1337 1386 1483 1411 sanum
1511 1374 1634 1410 comi-

107 1448 184 1479 tem
202 1449 297 1493 toga
309 1470 325 1488 ‚
353 1443 378 1480 i.
406 1456 442 1483 e.
467 1443 646 1491 amicum,
672 1443 735 1492 qui
764 1443 880 1481 cliens
905 1444 1020 1482 officii
1048 1444 1107 1483 vel
1126 1444 1279 1482 honoris
1304 1454 1416 1479 causa
1432 1444 1633 1491 patronum

106 1509 146 1548 in
174 1510 267 1548 urbe
292 1511 556 1562 prosequitur,
595 1509 679 1551 coll.
714 1510 797 1548 Sat.
827 1513 877 1560 2,
903 1512 953 1560 5,
983 1513 1070 1560 17.,
1106 1524 1182 1548 11011
1209 1510 1382 1547 comitem
1411 1509 1448 1546 in
1483 1507 1630 1557 itinere,

107 1589 219 1627 quem
254 1578 409 1628 quidem
447 1577 606 1627 intelligi
642 1577 720 1616 vult
761 1578 972 1630 Cruquizw.
1037 1605 1066 1627 „
1077 1576 1382 1628 Metaphoricos,
1431 1576 1570 1626 inquit,
1608 1588 1631 1613 a

219 1730 260 1779 *J
284 1736 501 1771 Contendere
519 1737 712 1772 Torrentio
732 1744 788 1772 est
807 1738 1028 1773 contentiose
1046 1746 1154 1780 agere
1174 1747 1217 1769 ac
1231 1736 1372 1781 jurgari
1396 1747 1473 1771 cum
1491 1735 1632 1781 potenti

109 1791 240 1836 amico,
260 1791 361 1826 immo
381 1798 438 1828 est
454 1799 591 1829 certare
613 1794 870 1838 „wetteifern“
889 1794 1078 1839 [Dfintzcrt
1106 1791 1188 1835 „Du
1207 1792 1323 1827 darfst
1345 1793 1428 1827 dich
1449 1792 1550 1828 nicht
1567 1793 1632 1828 mit

107 1849 174 1883 mir
190 1848 415 1893 vergleicheu
433 1849 602 1896 wollen‘q
624 1856 663 1885 ut
681 1863 718 1886 v.
740 1851 800 1886 31.
834 1849 1039 1886 Torrentius
1064 1854 1179 1883 autem
1202 1849 1453 1885 sententiarum
1473 1850 1631 1885 ordinem

107 1904 161 1940 sic
180 1905 383 1940 constitnit:
413 1931 437 1949 „
447 1905 609 1952 divitem,
638 1908 670 1942 si
686 1908 766 1953 plus
792 1908 886 1940 forte
910 1905 1108 1950 sapientiae
1126 1911 1189 1940 aut
1206 1906 1352 1940 virtutis
1370 1906 1494 1941 minori
1511 1906 1631 1941 inesse

108 1962 282 2005 fateatur,
305 1962 342 1997 id
362 1962 605 2008 perfunctorie
618 1969 675 2008 et,
696 1964 788 2009 quod
806 1964 924 2008 aJnnt,
943 1961 1032 1996 dicis
1049 1972 1177 2005 cansa,
1196 1970 1236 1997 nt
1250 1963 1294 1997 de
1313 1963 1398 1998 filiis
1417 1964 1630 1997 materculae

107 2017 240 2062 solent,
259 2018 396 2054 facere:
417 2030 484 2053 non
499 2021 593 2065 quod
605 2021 687 2056 ideo
700 2019 834 2054 moneri
848 2031 887 2053 se
904 2019 949 2053 de
967 2019 1066 2052 vitiis
1078 2045 1091 2064 ‚
1114 2030 1204 2065 quae
1224 2019 1260 2054 in
1278 2020 1414 2065 maguis
1429 2020 1556 2065 opibus
1573 2025 1630 2053 to-

107 2075 275 2109 lerandae
294 2075 385 2120 sint,
406 2076 590 2121 patiatur“
607 2083 677 2111 etc.
717 2075 895 2111 Di'intzer:
926 2074 1051 2119 „Mein
1067 2076 1264 2120 Vermfigen
1282 2077 1333 2110 ist
1348 2088 1386 2111 so
1406 2087 1527 2121 gro-ss,
1548 2075 1629 2109 dass

107 2130 165 2166 ich
181 2131 268 2166 nach
286 2132 459 2167 Niemand
478 2133 601 2167 Etwas
619 2143 663 2166 zu
682 2131 805 2177 fragen
819 2132 995 2173 brauche3
1014 2131 1072 2166 ich
1092 2132 1183 2166 kann
1198 2144 1238 2166 so
1251 2132 1439 2166 lasterhaft
1457 2132 1533 2166 sein
1547 2158 1557 2175 ,
1578 2131 1631 2166 als

108 2186 167 2222 ich
184 2188 297 2222 wiu.“
330 2188 503 2233 Subjieit,
522 2189 720 2234 improbata
742 2189 930 2224 Wielandii
942 2188 1237 2234 interpretatione
1256 2188 1364 2232 (‚,1ch
1382 2188 1443 2222 bin
1458 2187 1553 2222 reich
1569 2199 1631 2233 ge-

109 2253 180 2288 nug
197 2256 237 2279 es
251 2246 540 2288 auszuhalten“):
559 2245 717 2288 „Niclit‚
738 2245 819 2279 weil
834 2245 898 2278 der
910 2244 1029 2278 Client
1045 2256 1083 2279 es
1102 2245 1201 2278 nicht
1217 2245 1401 2279 anshalten
1414 2246 1505 2278 kann
1516 2270 1527 2286 ‚
1549 2256 1630 2278 son-

31 2297 34 2299 *
109 2301 196 2334 dem
215 2302 296 2335 weil
317 2313 356 2335 er
377 2300 450 2335 sich
471 2300 559 2335 nach
578 2301 657 2335 dem
675 2300 777 2336 dives
803 2301 932 2335 amicus
950 2300 1087 2334 richten
1106 2302 1241 2335 muss.“
1291 2300 1435 2334 Minime
1455 2300 1631 2346 gentium!

22 2372 34 2391 a
109 2356 220 2390 Dives
238 2357 327 2391 enim
347 2369 388 2391 ex
407 2363 523 2391 mente
541 2357 687 2392 Horatii
706 2357 770 2392 hoc
791 2357 987 2400 existimat,
1017 2356 1153 2390 divitiis
1171 2367 1235 2390 sua
1257 2356 1348 2390 vitia
1370 2357 1632 2402 qualiacumque

109 2412 183 2445 sint
201 2412 300 2457 quasi
323 2413 534 2457 sustentari,
555 2414 649 2458 quod
670 2425 769 2448 secus
785 2413 850 2447 fiat
866 2413 901 2447 iu
917 2412 1128 2458 pauperibus
1143 2412 1266 2457 longos
1279 2412 1509 2450 imitantibus.
1544 2412 1632 2454 Qui-

110 2469 176 2502 bus
195 2468 285 2501 enim
310 2469 424 2502 cultus
446 2471 557 2514 major
576 2481 683 2504 censu
707 2470 773 2513 sit,
802 2481 863 2503 eos
892 2470 1175 2513 quandocumque
1206 2469 1444 2513 pessumdari,
1475 2469 1513 2503 id
1537 2469 1630 2515 quod

110 2530 183 2558 tum
199 2535 243 2557 ex
258 2524 416 2568 exemplo
435 2525 530 2558 illius
549 2525 696 2560 hominis
711 2525 808 2560 beati
821 2536 855 2558 v.
871 2525 916 2560 32
929 2525 1065 2567 —36.‚
1083 2530 1156 2558 tum
1171 2535 1191 2556 e
1205 2525 1283 2558 Sat.
1300 2526 1333 2568 2,
1347 2524 1383 2567 3,
1397 2526 1467 2561 307
1480 2545 1535 2551 —-
1549 2526 1631 2563 324.

113 2579 299 2614 evincitur.
348 2579 397 2612 Et
426 2579 492 2614 hoc
519 2581 706 2616 admonere
729 2593 770 2616 eo
791 2581 902 2624 magis
920 2581 1032 2614 visum
1052 2586 1108 2614 est
1124 2580 1377 2625 necessarium,
1397 2592 1466 2628 quo
1490 2582 1631 2628 saepius

113 2636 310 2679 acciderat,
331 2642 370 2668 ut
389 2635 458 2669 viri
476 2637 596 2670 summi
615 2648 636 2670 a
650 2636 876 2671 sublevandis
894 2635 1137 2679 inferioribus,
1159 2646 1262 2682 quum
1281 2648 1342 2671 eos
1359 2648 1423 2673 suo
1437 2651 1477 2674 se
1490 2639 1629 2675 modulo

112 2691 226 2726 metiri
241 2691 377 2726 nescios
391 2690 583 2734 vidissent,
599 2698 636 2726 et
649 2699 885 2727 avocarentur
900 2698 937 2726 et
951 2693 1227 2727 deterrerentur.
1249 2693 1440 2730 Suadam
1456 2700 1570 2732 autem
1583 2708 1628 2732 ex

113 2759 208 2782 more
228 2747 375 2782 divitum
394 2759 458 2793 per
476 2746 740 2792 euphemismum
760 2748 966 2794 explicabis.
1020 2749 1072 2782 Re
1090 2749 1142 2783 ita
1162 2755 1362 2795 comparata
1381 2751 1462 2797 pati
1475 2756 1533 2787 est
1549 2765 1629 2799 penu

106 2807 223 2848 serre,
254 2806 425 2848 tolerare,
445 2810 484 2838 ut
504 2801 560 2845 14,
583 2805 639 2839 17.
669 2804 738 2839 od.
758 2804 794 2848 3,
814 2801 870 2849 24,
888 2802 946 2839 43.
978 2804 1116 2840 Ruhnk.
1140 2806 1185 2840 ad
1205 2806 1354 2843 Terent.
1373 2808 1397 2844 1.
1415 2807 1441 2843 l.
1461 2809 1563 2846 Cort.
1582 2811 1628 2845 ad

114 2859 243 2896 Lucan.
263 2863 297 2904 2,
317 2860 397 2896 559.
419 2859 452 2905 5,
474 2861 554 2896 778.
576 2861 611 2903 6,
627 2860 686 2895 93.
