1910 3138
297 229 381 274 376
455 231 738 273 coMMENT.
758 231 815 271 IN
834 222 1691 276 HoR.L1B.1.EPIsT.sEPT.1›Ecffl.
1760 236 1815 278 28

297 344 439 388 ὁποῖον
466 341 519 385 ἂν
545 342 758 397 πορισθείη
798 341 925 398 ῥᾷστα
961 342 1030 384 καὶ
1057 345 1114 399 τῷ
1150 343 1379 401 κτησαμένῳ
1405 342 1615 400 πράγματα
1631 344 1698 395 ὥς
1725 343 1817 387 ἕλικ’-

297 426 408 466 χιστα
435 410 632 465 παρέχον·
665 413 809 452 τοῦτον
834 408 909 465 γοῖρ
938 407 1055 463 ἅρκεῖ
1074 427 1161 465 μοι,
1189 425 1312 463 neque
1339 413 1562 454 Tertulliani
1586 415 1635 453 de
1662 414 1755 454 Pau.
1775 414 1814 455 5.

295 480 358 518 At
386 481 488 517 enim
515 479 647 530 pallio
685 479 791 517 nihil
824 479 1065 532 expeditius,
1110 481 1266 517 etiamsi
1299 480 1469 532 duplex,
1508 482 1616 535 quod
1652 482 1818 520 Cratetis

295 561 400 586 more
434 561 634 599 nusquam
658 548 856 586 vestiendo
884 549 1142 599 componitur.
1203 549 1376 587 Pannus
1403 553 1526 588 autem
1551 554 1595 589 ut
1620 561 1682 588 res
1708 549 1817 587 vilior

296 615 501 666 chlamydi
525 628 558 654 v.
584 617 652 658 31.
682 616 907 668 opponitur;
937 617 990 654 sic
1016 616 1116 668 apud
1146 617 1316 655 Graecos
1343 613 1491 670 χλαμύς
1517 620 1558 656 et
1583 611 1707 669 ῥάκος
1728 629 1820 655 con-

295 685 410 722 traria
445 687 558 735 sunt,
593 685 670 728 vid,
705 698 786 723 van
819 685 984 722 Heusde
1021 686 1061 724 in
1091 685 1201 724 Stud.
1232 685 1328 724 critt.
1356 685 1396 722 in
1429 685 1475 724 C.
1504 683 1624 724 Lucil.
1654 698 1694 736 p.
1721 683 1818 726 299.

296 756 335 791 et
365 753 414 790 de
441 753 576 803 panni
611 766 681 791 usu
714 752 892 793 Schmid.
927 753 976 791 ad
1003 752 1043 791 h.
1071 753 1095 796 l.
1127 753 1211 792 coll.
1255 752 1391 791 Heins-
1419 752 1468 790 ad
1498 751 1610 795 Ovid.
1641 746 1747 793 F‘ast.
1777 753 1818 801 2,

295 820 391 862 572.
433 820 483 862 O.
511 820 622 861 Jahn.
652 821 702 858 ad
724 821 831 859 Pers.
861 818 902 870 4,
932 822 999 862 21.
1037 820 1080 858 In
1109 833 1188 858 rem
1211 820 1368 859 Lucian.
1396 820 1422 862 l.
1452 820 1477 862 l.
1505 819 1545 861 5.
1575 818 1631 861 ἔτι
1657 818 1701 861 δὲ
1732 815 1820 872 ἰμά-

294 903 381 929 τιον
411 892 550 942 φορεῖς
587 884 706 929 οὐδὲν
734 887 1019 941 ἐπιεικέστερον
1047 883 1239 942 ἐκλήρου.
1284 888 1377 929 lbid.
1409 890 1475 931 17.
1512 884 1668 930 Οὐκοῦν
1703 884 1750 928 τό
1775 902 1821 941 γε

295 953 393 1009 ἐμόν
422 959 553 1009 σχῆμα
585 952 763 998 τοιοῦτόν
793 956 921 1006 ἐστιν,
948 978 1005 985 -
1030 978 1079 985 —
1109 958 1284 1011 τρίβωνα
1308 956 1408 1010 ἔχειν
1435 962 1508 998 etc.
1550 955 1664 1008 Diog.
1690 954 1820 998 Laert.

295 1025 336 1076 4,
366 1025 432 1067 51.
472 1030 511 1064 et
549 1025 684 1063 Stallb.
719 1026 769 1064 ad
806 1024 903 1064 Plat.
942 1024 1085 1062 Phaed.
1124 1026 1162 1066 9.
1198 1039 1235 1076 p.
1263 1023 1331 1066 48.
1360 1024 1411 1065 D.
1455 1024 1516 1064 De
1551 1025 1736 1065 sententia
1763 1024 1820 1065 D.

296 1094 459 1131 Heinsii
483 1094 606 1132 Poeta
634 1093 818 1132 Cercidae
849 1094 887 1131 in
916 1092 1129 1131 Menambis
1154 1093 1425 1144 lepidissimum
1444 1093 1666 1132 versiculum
1690 1105 1822 1144 respe-

295 1162 349 1200 xit
378 1161 511 1213 (Diog.
541 1160 671 1202 Laert.
700 1163 740 1212 6,
770 1163 866 1211 76):
909 1158 954 1201 ‘O
981 1156 1283 1214 βακτροφόρας,
1322 1161 1634 1215 διπλοιείματος,
1665 1161 1823 1215 αἰθερι-

296 1226 453 1283 βόσκας.
497 1228 550 1267 At
575 1230 614 1268 in
639 1242 681 1268 re
711 1229 908 1267 notissima
937 1229 1019 1279 quis
1048 1233 1126 1278 est,
1156 1229 1219 1280 qui
1247 1242 1316 1280 pro
1337 1234 1528 1281 comperto
1550 1230 1708 1277 habeat,
1733 1229 1821 1281 quid

295 1310 513 1350 expressum
541 1297 611 1336 sit!
639 1319 695 1325 —
723 1297 770 1339 V.
798 1299 864 1340 26.
893 1297 999 1333 vitae
1022 1297 1090 1334 νὶα
1118 1310 1328 1347 conversa,
1355 1298 1382 1334 ἰ.
1409 1311 1442 1338 e.
1471 1301 1613 1336 mutata
1638 1301 1679 1336 ut
1707 1296 1754 1338 A.
1772 1296 1817 1337 P.

301 1366 504 1404 Conversis
538 1365 680 1403 studiis
708 1372 819 1402 aetas
846 1366 1082 1418 animmque
1109 1365 1249 1403 virilis.
1312 1365 1490 1404 Ceterum
1527 1367 1635 1404 vitae
1670 1365 1739 1402 νέα
1777 1368 1820 1402 ut
1856 1406 1861 1411 ,

295 1435 381 1474 Juv.
413 1437 481 1487 18,
513 1434 606 1475 103.
635 1438 674 1473 et
700 1434 798 1472 infra
826 1435 892 1483 18,
923 1435 1016 1475 103.
1045 1435 1184 1471 semita
1213 1435 1332 1471 vitae.
1379 1433 1533 1474 Lucret.
1554 1436 1595 1483 2,
1617 1434 1682 1475 10.
1709 1433 1820 1470 viam

290 1502 496 1554 palanteis
523 1515 707 1554 quaerere
732 1503 848 1541 vitae.
891 1502 970 1541 Cic.
1001 1502 1049 1541 de
1077 1502 1162 1543 Fin.
1193 1499 1234 1552 5,
1259 1503 1301 1552 6,
1329 1502 1392 1544 15.
1419 1503 1525 1540 vitae
1546 1502 1627 1540 via.
1678 1500 1735 1539 Id.
1762 1512 1822 1552 pr.

296 1573 400 1610 Sest.
430 1572 499 1621 67,
530 1569 626 1612 140.
654 1571 703 1609 de
743 1570 855 1610 Offie.
890 1572 928 1621 1,
957 1571 1027 1621 32,
1054 1572 1147 1612 118.
1189 1571 1326 1612 Parad.
1356 1570 1397 1621 5,
1422 1571 1463 1620 1,
1492 1569 1531 1611 5.
1569 1568 1693 1608 Tacit.
1721 1567 1820 1606 Anu.

299 1641 338 1687 1,
366 1639 434 1689 54,
464 1640 504 1680 3.
535 1639 604 1690 (ib.
633 1639 811 1691 Rupert.)
839 1653 993 1677 morum
1021 1640 1102 1677 via.
1146 1638 1294 1677 Delect.
1323 1637 1454 1689 Epigr.
1481 1649 1538 1688 gr.
1566 1635 1615 1687 4,
1653 1636 1758 1685 109,
1778 1631 1820 1674 4.

297 1706 446 1756 ἔδειξας
466 1729 515 1735 -
544 1708 646 1760 ζωῆς
668 1704 785 1760 οἷμον
805 1704 1089 1760 ἐλαφροτάτην.
1120 1706 1295 1745 Aeschin.
1319 1707 1426 1745 Socr.
1451 1705 1550 1744 Dial.
1567 1705 1609 1754 3,
1629 1705 1669 1745 8.
1697 1701 1727 1756 ἦ
1748 1703 1823 1743 τοῦ

297 1776 390 1829 βίου
419 1773 524 1823 ὁδός·
568 1776 604 1814 T
609 1776 742 1827 hucyd.
767 1778 805 1827 1,
837 1778 931 1818 122.
971 1774 1060 1816 ὁδοὶ
1097 1778 1170 1816 τοῦ
1205 1773 1391 1827 πολέμου.
1434 1773 1547 1814 Conf.
1580 1773 1744 1824 interpp·
1771 1769 1821 1809 ad

298 1843 381 1882 Act.
409 1843 547 1895 Apost.
578 1842 645 1894 14,
677 1846 742 1884 16.
771 1844 891 1896 Epist.
916 1844 1048 1885 Jacob.
1079 1846 1117 1895 1,
1143 1846 1181 1886 8.
1216 1843 1256 1894 5,
1286 1844 1353 1884 20.

408 1911 455 1950 V.
478 1912 531 1954 27
559 1933 610 1941 --
642 1914 708 1954 29.
739 1912 859 1948 Alter
870 1925 1122 1963 purpureum
1142 1917 1214 1952 etc.
1244 1911 1287 1949 In
1311 1911 1533 1949 sententiam
1554 1907 1668 1959 Diog.
1689 1905 1820 1945 Laert.

298 1983 339 2031 2,
369 1981 436 2020 67.
475 1974 538 2020 διό
573 1994 667 2019 ποτε
702 1977 937 2033 Στράτωνα,
979 1979 1021 2019 οἰ
1051 1977 1094 2019 δὲ
1135 1974 1359 2029 Πλάτωνα,
1394 1975 1495 2033 πρός
1530 1973 1652 2018 αὐτὸν
1681 1975 1820 2023 εἰπεῖν,

298 2046 373 2089 Σοὶ
404 2044 515 2102 μόνῳ
541 2045 696 2087 δέδοται
721 2046 788 2086 καὶ
816 2043 995 2099 χλαμύδα
1014 2050 1155 2100 φορεῖν
1181 2044 1248 2086 καὶ
1273 2042 1408 2098 ῥάκος.
1452 2044 1641 2085 Plutarch.
1662 2045 1711 2082 de
1729 2043 1822 2081 For-

297 2117 356 2154 tit.
397 2120 436 2154 et
469 2116 607 2154 virtut.
647 2115 827 2157 Alexand.
854 2115 936 2154 Vll.
974 2128 1012 2166 p.
1038 2114 1134 2155 306.
1175 2109 1428 2167 Ἀρίστιππον
1466 2109 1716 2164 θαυμάζουσι
1751 2106 1823 2151 τὸν

297 2179 572 2237 Σωκρατικὸν,
611 2178 670 2223 ὅτι
698 2182 766 2224 καὶ
794 2183 956 2236 τρίβωνι
983 2185 1077 2236 λιτῷ
1100 2180 1167 2222 καὶ
1202 2183 1385 2237 Μιλησίᾳ
1421 2176 1590 2234 χλαμύδι
1618 2175 1819 2232 χριόμενος

299 2247 349 2292 δι’
380 2247 617 2304 ἀμφοτέρων
638 2248 767 2305 ἐτήρει
789 2249 833 2293 τό
862 2250 1068 2304 εὔσχημον.
1110 2249 1267 2290 Lucian.
1287 2250 1352 2287 Bis
1381 2249 1514 2287 Aecus.
1537 2248 1604 2289 23.
1634 2243 1726 2298 ἐμᾶς
1741 2243 1819 2299 yolo

299 2319 322 2363 ὁ
350 2315 451 2373 ἆνήρ
481 2315 786 2373 (Ἀρίστιππος),
823 2317 876 2367 ὥς
905 2318 1010 2360 ἔστιν
1040 2316 1142 2374 ὄρᾷν
1181 2314 1260 2359 ἀπὸ
1290 2320 1372 2357 ταῖν
1401 2311 1612 2368 στεφάνων
1643 2314 1714 2370 ,καὶ
1746 2316 1820 2366 τῆς

298 2388 549 2442 πορφυρίδος
574 2387 641 2428 καὶ
666 2391 745 2429 τῶν
773 2384 924 2442 μύρων.
951 2387 1052 2426 Max.
1078 2387 1170 2438 Tyr.
1192 2388 1232 2436 7,
1262 2388 1301 2426 9.
1331 2399 1370 2437 p.
1399 2387 1465 2426 26.
1495 2384 1620 2423 Diibn.
1649 2381 1693 2424 ‘O
1714 2377 1822 2434 'Apt-

299 2468 466 2504 στιππος
505 2455 656 2504 ἐκεῖνος
682 2457 901 2510 πορφυρίδι
938 2451 1226 2508 ἀμπισχόμενος
1253 2452 1321 2494 καὶ
1351 2451 1494 2505 μύροις
1519 2447 1723 2505 χριόμενος
1748 2445 1822 2503 ούχ

297 2519 419 2576 ἧττον
447 2526 520 2564 τοῦ
551 2523 767 2578 Διογένους
803 2521 1034 2578 ἐσωφρόνει.
1085 2521 1244 2562 Tertull.
1282 2521 1390 2572 Apol.
1417 2519 1485 2561 46.
1514 2519 1750 2570 Aristippus
1776 2518 1820 2555 in

295 2606 480 2643 purpura
502 2591 576 2629 sub
604 2607 755 2645 magna
774 2593 990 2646 gravitatis
1017 2591 1220 2642 superficie
1247 2595 1467 2640 nepotatur.
1486 2609 1542 2615 -—
1561 2587 1606 2625 V.
1626 2589 1692 2629 29.
1722 2587 1823 2624 Per-

300 2673 438 2697 sonam
454 2660 566 2711 firet
592 2665 664 2699 etc.
708 2662 765 2700 Ita
790 2661 875 2699 Liv.
904 2663 945 2709 3,
973 2661 1042 2710 36,
1075 2661 1112 2701 1.
1155 2658 1232 2698 Ille
1244 2657 1349 2707 finis
1378 2656 1517 2708 Appio
1543 2654 1698 2694 alienae
1726 2665 1818 2704 per-

300 2740 418 2764 sonae
434 2728 631 2778 ferendae
651 2730 749 2781 fuit.
803 2729 883 2767 Cic.
914 2729 1030 2769 Tusc.
1051 2729 1091 2779 5,
1122 2729 1189 2778 26,
1217 2727 1284 2768 73.
1326 2727 1526 2777 Epicurus
1556 2719 1820 2760 tantum'nOdO

301 2794 433 2831 induit
450 2809 662 2846 personam
682 2797 926 2848 philosophi.
971 2797 1052 2835 Cic.
1084 2796 1124 2835 in
1148 2795 1277 2834 Pison.
1307 2796 1375 2845 29,
1405 2795 1474 2835 71.
1519 2787 1820 2839 Philosophiam

303 2862 373 2910 qui
400 2863 606 2912 profitetur
615 2892 630 2910 ‚
671 2866 954 2916 gravissimam
991 2863 1091 2902 mihi
1131 2863 1318 2902 sustinere
1351 2871 1560 2913 personam
1594 2855 1814 2908 profitetur·

302 2927 353 2968 id·
378 2942 435 2979 pr-
460 2931 606 2972 Muren.
636 2931 685 2981 3,
714 2933 751 2973 6.
783 2946 841 2984 pr.
871 2932 964 2972 san.
993 2933 1035 2982 3,
1065 2933 1104 2973 8.
1133 2932 1182 2970 de
1220 2931 1329 2970 offic.
1361 2931 1408 2979 1,
1436 2927 1503 2976 28,
1531 2926 1599 2966 97.
1627 2924 1696 2973 30,
1724 2923 1817 2963 107.
