1910 3138
109 138 137 180 1
222 131 502 189 W.
516 132 575 175 m
593 132 719 173 HOR-
736 131 838 172 LIB.
859 134 889 172 1.
937 131 1100 173 EPlsT.
1121 130 1280 173 TERT.
1304 130 1482 172 nEcm.
1541 128 1621 173 167

105 259 363 306 Quam
383 257 547 297 carmina
577 260 618 294 et
643 269 719 308 quo
752 261 923 307 tempore
946 257 995 295 ad
1023 254 1233 309 Augustum
1257 256 1484 310 perferenda
1511 269 1621 295 cura-

104 324 370 375 venftkoeta,
398 322 614 365 difficillime
634 323 872 375 dijudicatur.
928 322 988 362 De
1009 321 1232 362 carminibus
1258 322 1375 375 ipsis,
1404 335 1620 374 quanquam

102 393 179 438 ᾤ
199 393 327 444 poesis
358 403 501 442 genera
526 404 605 430 non
632 390 876 441 excluserim,
915 392 1118 430 secundum
1147 403 1183 428 v.
1218 390 1283 434 17.
1312 388 1380 440 (cs.
1411 393 1540 427 annot.
1568 390 1618 427 ad

101 460 144 510 1,
170 461 210 510 1,
240 461 280 502 1.
313 460 381 501 10.
411 460 482 510 19,
505 456 574 501 42.
611 458 771 498 Passov.
793 459 845 498 N.
878 458 993 511 264.)
1019 457 1182 497 dubim-i
1205 469 1283 496 non
1306 461 1449 508 potest.
1505 457 1557 495 At
1579 458 1616 495 in
1668 479 1670 482 v

99 526 166 569 uli
198 540 242 566 re
273 540 389 578 quum
420 527 559 566 veritas
589 526 675 577 ipsa
710 527 828 565 limari
865 532 1048 578 nequeat,
1088 537 1134 565 ea
1170 524 1260 564 mihi
1294 524 1507 575 conjectura
1538 523 1616 562 veri

97 593 252 635 similior
278 595 426 635 videtur
453 607 562 644 esse,
602 606 677 644 qua
704 599 783 632 tres
813 595 1016 632 carminum
1046 594 1131 632 libri
1157 593 1305 644 priores
1332 603 1391 630 ao.
1421 591 1519 632 785.
1549 605 1615 629 ex-

96 666 210 706 eunte
241 661 301 700 vel
335 675 397 701 ao.
426 662 522 703 736.
558 662 608 699 ad
634 662 844 711 Augustum
879 662 985 699 missi
1019 661 1212 710 dicuntur,
1248 659 1298 697 cf.
1335 657 1504 696 Kirchn.
1538 659 1615 705 Qu.

96 728 190 768 Hor.
221 730 257 778 §.
294 730 363 772 65.
401 743 439 780 p.
466 729 535 770 37.
586 728 813 780 Grotefend.
842 729 880 766 in
920 728 1060 780 „A11g.
1086 726 1333 778 Eucyclop.“
1368 725 1417 763 X.
1454 730 1547 764 sect.
1575 727 1613 773 2,

95 809 134 847 1»—
153 795 251 839 475.
297 795 370 835 Alii
384 795 423 847 ²³)
449 796 571 835 aliter.
614 796 673 835 De
701 797 786 849 ipsa
812 796 1010 848 Epistulae
1047 795 1235 834 sententia
1268 793 1463 844 eleganter
1491 792 1614 831 disse-

202 955 245 1000 *)
263 957 319 991 De
347 956 514 1002 Epistola
538 967 609 991 non
633 957 719 991 ficta
738 957 901 1002 disputat
929 957 971 990 G.
995 955 1179 990 Pannonia·
1195 954 1244 990 N.
1266 955 1355 996 2823
1385 955 1480 990 conf.
1499 953 1614 988 *etin

97 1012 223 1047 Weber
241 1013 266 1047 Ι.
284 1013 310 1048 l.
326 1012 469 1058 p.309;
492 1013 533 1048 G.
557 1013 736 1048 Fra-uun
763 1013 882 1057 (Fut.
908 1012 1001 1047 Hor.
1024 1023 1061 1056 p.
1090 1011 1148 1046 68.
1175 1010 1275 1055 205.)
1302 1010 1490 1046 Horatium
1519 1009 1611 1045 hanc

92 1067 293 1115 Epistulam
310 1074 462 1104 exeunte
479 1080 537 1104 ao.
551 1069 634 1104 730.
654 1068 714 1103 vel
732 1069 896 1115 sequenti
913 1067 948 1103 in
969 1067 1073 1111 villa,
1093 1078 1196 1112 quum
1215 1067 1286 1101 tria
1304 1067 1492 1102 carminum
1510 1067 1611 1101 volu-

91 1125 186 1160 mina
206 1126 376 1162 missurus
405 1130 521 1170 esset,
550 1125 739 1171 scripsisse
764 1126 943 1171 opinatur.
997 1125 1110 1165 Quam
1133 1136 1202 1158 non
1223 1125 1268 1158 ab
1290 1123 1382 1158 omni
1404 1130 1506 1170 parte
1527 1123 1612 1158 mihi

90 1181 264 1227 probetur
278 1181 360 1216 Viri
378 1181 572 1216 doctissimi
591 1183 812 1227 conjectura,
840 1181 916 1216 dixi
936 1181 975 1215 in
992 1180 1112 1215 Jahnii
1138 1181 1260 1215 NJbb.
1290 1178 1394 1216 1843.
1425 1179 1611 1224 XXXVII,

89 1234 126 1272 4.
142 1234 184 1284 'p'-
203 1237 274 1274 355
291 1250 371 1285 sqq.
398 1238 574 1282 rra-kin,
603 1249 703 1283 quem
729 1245 924 1284 sequuntur
949 1236 1204 1282 Dillenburger
1232 1250 1270 1283 p.
1290 1239 1350 1272 21.
1380 1242 1418 1270 et
1445 1237 1611 1272 screabat

90 1294 263 1338 0,er
288 1295 348 1330 die
369 1295 614 1340 chronologia
640 1296 706 1330 der
730 1296 867 1330 Horu.
897 1294 1160 1338 Dichtungen“
1188 1306 1226 1339 p.
1258 1295 1326 1329 179
1345 1295 1421 1339 sq.)
1450 1293 1611 1339 praeivit

89 1350 339 1387 heb-mnu
352 1352 493 1396 („Hall.
514 1351 610 1397 Allg.
629 1353 703 1387 Lit.
722 1353 846 1387 Zeit.“
869 1351 971 1387 1836.
995 1352 1043 1385 N.
1062 1352 1141 1385 110.
1160 1362 1196 1395 p.
1217 1349 1317 1395 259.)
1345 1351 1424 1393 „lm
1445 1350 1609 1384 October

88 1407 179 1446 udor
194 1409 291 1450 Nov-
318 1409 382 1444 des
409 1402 628 1444 Jahres‘734
654 1410 724 1456 gab
749 1410 799 1445 Η.
829 1409 892 1444 das
919 1412 1017 1444 erste
1043 1407 1144 1442 Buch
1170 1407 1290 1441 seiner
1314 1407 1438 1441 Briefe
1464 1407 1607 1450 hernus,

87 1464 378 1512 nach'Angustus
398 1466 647 1511 Geburtstage
669 1464 722 1514 (5,
742 1467 778 1500 9.
800 1466 871 1510 vgl.
887 1465 957 1499 Dio
974 1465 1077 1499 Cass.
1097 1461 1156 1506 54,
1176 1465 1231 1508 8.)
1252 1464 1325 1498 und
1343 1465 1410 1497 ebe
1430 1475 1470 1498 er
1491 1463 1609 1497 selbst

87 1519 166 1555 sein
182 1517 243 1556 45.
262 1521 363 1558 Jahr.
384 1521 566 1556 vollendet
583 1522 684 1556 hatte
705 1523 782 1566 (20,
798 1522 895 1566 27.):
912 1521 977 1555 mit
991 1521 1092 1555 einer
1109 1521 1474 1565 vorausgescbickten
1485 1520 1607 1554 Probe

88 1576 155 1611 der
172 1589 288 1612 neuen
307 1579 471 1623 Gattung
491 1578 591 1612 ward
610 1590 648 1613 es
667 1579 747 1612 dem
765 1578 975 1621 Maecenas,
996 1582 1087 1611 statt
1107 1577 1206 1611 eines
1224 1589 1297 1611 von
1314 1577 1385 1611 ihm
1403 1577 1605 1621 begehrteu

86 1634 365 1678 Jambeubuchs‚
395 1634 597 1679 gewidmet.
649 1635 734 1670 Nun
751 1635 802 1669 ist
819 1636 880 1669 die
898 1634 1042 1670 Fiction
1068 1633 1131 1668 des
1159 1634 1219 1668 13.
1237 1635 1302 1668 Br.
1313 1660 1324 1678 ‚
1352 1634 1412 1668 die
1429 1634 1519 1668 aber
1537 1645 1606 1668 nur

86 1690 243 1735 Bentley
259 1690 442 1736 begriffen
456 1690 520 1726 hat
541 1691 655 1737 (deun
672 1691 732 1727 die
749 1692 919 1727 Neuereu
938 1690 1058 1726 finden
1074 1690 1212 1726 wieder
1229 1702 1267 1725 v.
1290 1691 1347 1726 18.
1366 1691 1479 1726 nitere
1493 1702 1603 1736 porro

87 1757 180 1791 ganz
198 1747 311 1782 leicht
327 1748 601 1792 verstindlich),
623 1749 705 1783 dass
726 1749 805 1783 dem
821 1748 990 1791 Vinnius,
1010 1748 1076 1782 der
1092 1748 1155 1781 bei
1171 1749 1313 1792 August
1331 1758 1375 1781 zu
1394 1748 1482 1781 thun
1500 1748 1602 1781 hatte

87 1802 144 1847 (v.
159 1802 197 1837 3.
215 1803 246 1837 εἰ
260 1804 395 1849 poscet)
414 1805 487 1854 und
504 1804 611 1839 schon
631 1806 695 1839 auf
710 1806 788 1839 dem
802 1806 920 1850 Wege
938 1805 1027 1839 nach
1040 1805 1131 1838 Rom
1144 1816 1222 1838 war
1242 1805 1366 1849 (porro
1380 1804 1501 1847 vaae),
1521 1803 1601 1838 eine

86 1859 320 1896 wiederholte
333 1860 549 1907 Anweisung
566 1862 843 1907 uachgeschickt
859 1861 951 1896 wird
960 1887 971 1904 ‚
988 1861 1059 1895 wie
1073 1873 1115 1897 er
1128 1861 1306 1895 volumina
1320 1861 1510 1894 carminum
1527 1872 1600 1894 von

84 1916 209 1951 Horas
237 1916 316 1951 dem
339 1916 518 1961 Augustus
542 1917 776 1954 fiberreichen
802 1918 882 1953 soll.
929 1918 1047 1952 Weun
1074 1928 1145 1953 uun
1170 1918 1312 1961 Horu,
1341 1916 1411 1951 wie
1434 1929 1514 1951 man
1540 1918 1599 1951 die

31 1983 34 1985 ’
84 1972 215 2008 Worte
233 1973 326 2008 doch
344 1973 490 2008 nehmeu
507 1985 623 2019 mass,
657 1976 757 2010 seine
785 1975 865 2010 drei
890 1974 1033 2010 Biicher
1062 1975 1168 2010 oden
1192 1986 1238 2008 an
1263 1975 1404 2019 August
1429 1975 1494 2007 auf
1520 1974 1598 2007 dem

83 2028 287 2074 Landwege
305 2030 466 2065 schickte
483 2031 568 2077 (per
586 2032 699 2067 clivos
712 2032 854 2067 flumina
866 2031 1014 2077 lamas),
1035 2043 1075 2065 so
1094 2036 1226 2066 musste
1245 2031 1309 2065 das
1323 2030 1414 2064 nach
1432 2031 1511 2064 dem
1526 2031 1598 2063 An-

81 2085 169 2131 hng
197 2085 267 2120 des.
285 2086 414 2122 Jahtes
432 2087 503 2122 730
531 2089 603 2123 und
628 2100 695 2123 vor
722 2089 801 2123 dem
827 2088 973 2124 Winter
993 2088 1063 2123 732
1091 2087 1311 2133 geschehen:
1344 2088 1436 2120 denn
1464 2086 1598 2118 vorher

72 2141 156 2177 >mul
172 2143 327 2177 nachher
345 2155 421 2179 war
439 2143 578 2189 August
591 2144 691 2179 nicht
707 2145 745 2180 in
762 2145 919 2180 Italien“
948 2149 1019 2179 etc.
1039 2144 1080 2177 In
1100 2144 1247 2178 eandem
1264 2142 1475 2177 sententiam
1494 2139 1597 2185 pedi-

83 2198 150 2233 bu
169 2199 240 2235 ivit
259 2200 330 2235 Gn.
347 2200 393 2236 E.
418 2199 542 2235 Weber
563 2201 587 2235 l.
607 2201 632 2235 l.
651 2214 690 2247 p.
707 2203 787 2237 228.
808 2202 890 2236 307.
928 2202 1066 2235 contra
1082 2200 1271 2237 Mer-helius
1289 2199 1461 2243 (Quaest.
1483 2197 1593 2230 ovid.

83 2252 184 2291 trist.
207 2267 246 2300 p.
268 2255 330 2300 25)
357 2255 522 2290 Vinnium
540 2258 587 2292 ad
604 2258 807 2303 Principem
828 2259 865 2292 in
884 2257 1010 2292 Sicilia
1032 2259 1319 2297 commorantem,
1350 2258 1538 2298 antequam
1556 2253 1593 2286 in

84 2308 269 2346 orientem
284 2312 389 2356 sigua
404 2318 586 2357 moveret,
603 2314 746 2349 missum
758 2320 875 2360 putat.
913 2314 969 2348 De
983 2313 1163 2347 sententia
1176 2310 1350 2346 Danu-eri
1369 2309 1422 2354 (p.
1441 2310 1499 2343 81.
1514 2309 1594 2351 86.)

84 2363 173 2399 haec
189 2365 356 2410 Epistola
372 2369 473 2414 quasi
491 2381 607 2405 comes
625 2371 728 2405 tertii
747 2371 935 2405 carminum
952 2369 1039 2404 libri
1060 2369 1106 2404 ad
1124 2368 1319 2411 Augustum
1351 2377 1408 2400 ao.
1429 2365 1512 2399 731.
1534 2365 1594 2399 vel

84 2419 169 2454 732.
187 2421 287 2455 missi
304 2423 386 2458 fnit.
410 2424 601 2461 Veia-laerta
620 2426 705 2471 (1.1.
722 2438 759 2472 p.
776 2423 840 2475 83)
859 2425 1042 2460 admodum
1068 2421 1313 2468 improbabilis
1339 2421 1484 2454 videtur
1500 2421 1594 2455 17·ae-

83 2475 202 2520 laudi,
227 2476 284 2511 cni
301 2478 348 2513 ad
365 2489 403 2513 V.
422 2481 457 2514 2.
476 2482 668 2516 assentitur
690 2483 939 2527 Haberffcldus,
968 2480 1125 2527 opinatio
1137 2505 1147 2522 ‚
1177 2478 1309 2524 quippe
1328 2477 1388 2522 qui
1406 2477 1463 2511 rei
1479 2477 1590 2512 libta-

83 2531 162 2566 riae
181 2532 275 2577 apud
292 2533 468 2568 Romanos
488 2537 627 2573 ratione
645 2550 686 2572 ac
708 2543 836 2574 natura
853 2548 976 2584 parum
995 2539 1187 2582 perspecta
1207 2534 1251 2567 de
1272 2533 1422 2579 Satiris,
1449 2533 1590 2580 Epodis

84 2594 124 2622 et
147 2588 263 2622 tribus
292 2588 450 2623 Odarum
474 2590 597 2636 libris,
622 2605 692 2629 uno
716 2595 851 2639 junctis
875 2593 1072 2634 volumine,
1100 2590 1251 2635 cogitet.
1287 2589 1463 2636 Intelligit
1477 2590 1591 2636 igitur

83 2650 249 2690 poemata
263 2645 433 2690 quaedam
445 2657 512 2691 per
528 2647 636 2690 otium
650 2655 689 2684 et
700 2651 806 2686 animi
822 2661 927 2684 causa
940 2648 1073 2695 passim
1089 2646 1284 2692 composita
1296 2651 1371 2691 aut,
1387 2647 1480 2693 quod
1494 2647 1589 2682 veri-

84 2700 232 2736 similius
250 2701 318 2745 sit,
343 2702 464 2736 sinon
490 2714 629 2748 omnes,
654 2712 755 2741 certe
774 2704 977 2747 nonnullas,
1006 2715 1093 2749 quas
1122 2702 1227 2749 paulo
1253 2707 1339 2750 post
1355 2702 1469 2749 primo
1495 2716 1588 2739 com-

83 2756 210 2801 plexus
227 2758 321 2793 libro
341 2756 514 2802 ediderit,
536 2759 717 2804 epistolas.
751 2762 856 2796 Conf.
879 2761 917 2795 C.
941 2761 1081 2794 Passum
1101 2759 1152 2795 N.
1170 2755 1251 2796 254.
1278 2757 1396 2795 Aliter
1415 2760 1461 2795 de
1484 2761 1586 2796 libris

85 2812 223 2858 quidem
240 2814 359 2849 missis
383 2814 495 2849 sentit
522 2814 751 2854 walahum
769 2818 835 2862 (Π.
865 2828 901 2862 p.
923 2816 1046 2861 2310:
1078 2815 1141 2862 „n
1169 2816 1235 2851 dut
1264 2829 1309 2852 eu
1336 2817 1446 2858 meme
1470 2821 1588 2866 temps
