1910 3138
305 239 389 282 448
423 239 704 281 COMMENT.
727 239 783 278 IN
800 238 926 281 HOR.
949 237 1048 277 LIB.
1069 238 1098 277 l.
1133 237 1300 278 EPIST.
1319 237 1726 279 DUODEVICESIM.
1764 236 1848 279 100

419 356 462 396 V.
496 356 548 394 61
576 375 631 380 —
658 350 725 392 64.
757 351 884 389 Actia
895 351 936 403 *)
961 366 1106 404 pugna
1135 374 1187 381 -—
1216 351 1394 403 refertur.
1439 353 1500 391 lta
1522 351 1665 392 Auson.
1692 350 1841 390 Mosell.

308 424 401 466 215.
438 422 507 473 (ib.
544 419 740 468 Wemsd.)
780 421 1023 471 Pompejani
1055 421 1267 473 ,Mylasena
1293 421 1479 472 pericula
1511 419 1606 458 belli
1640 417 1842 456 Euboicae

306 492 483 543 referunt
502 502 579 540 per
605 488 776 525 Averna
805 491 991 527 sonantia
1015 489 1196 541 cymbae3
1231 490 1281 528 cf.
1311 491 1389 538 17,
1420 488 1486 530 55.
1528 489 1583 528 Ut
1609 489 1708 526 inter
1734 488 1840 538 ipsos

228 605 231 608 .
306 562 510 610 apparatus
539 568 691 608 pugnae
717 555 894 594 Actiacae
919 563 1107 596 certamen
1134 559 1325 609 quoddam
1351 570 1482 595 verum
1505 569 1529 594 a
1549 557 1676 608 pueris
1698 556 1842 594 Roma-

305 629 362 665 nis
394 631 434 664 et
462 624 702 664 Caesarianis
732 627 771 662 et
799 625 1022 664 Antonianis
1053 627 1293 664 commissum
1322 629 1382 664 est
1411 625 1504 676 (Dio
1534 623 1644 665 Cass.
1674 622 1742 669 50,
1771 622 1842 670 8.)‚

306 695 358 732 ita
383 699 463 732 tum
487 692 602 731 Lollii
631 693 768 730 fratres
795 700 984 732 certamen
1012 694 1145 732 navale
1172 694 1353 732 ludicrum
1374 703 1577 745 puerorum
1598 690 1622 727 i.
1651 702 1685 730 e.
1709 700 1842 726 verna—

305 775 386 801 rum
397 760 462 813 **)
499 759 594 812 (non
627 762 804 812 juvenum
841 775 863 799 a
890 761 1014 800 Lollio
1050 762 1315 812 collectorum,
1358 766 1401 800 ut
1435 760 1623 813 explicant
1655 758 1842 801 Asc-em„

306 831 431 876 Dae„
464 828 638 874 Sanad„
668 829 976 883 Dillenhurger)
1005 832 1054 869 ad
1083 830 1364 868 similitudinem
1398 840 1548 881 pugnae
1576 827 1755 866 Actiacae
1782 826 1842 863 in-

307 900 521 938 stituerunt.
561 898 634 936 Rei
662 899 736 950 ipsi
769 911 846 936 non
882 900 1021 938 desunt
1059 900 1247 951 exempla,
1285 898 1359 936 vid.
1403 897 1577 936 Wemsd.
1612 896 1661 934 ad
1702 895 1842 933 Auson.

305 968 406 1006 Mos.
438 967 519 1008 208
540 988 597 994 —
618 965 713 1007 214.
744 965 793 1017 (l.
824 981 860 1018 p.
894 970 989 1010 268.
1020 969 1105 1007 coll.
1136 967 1205 1009 111.
1232 982 1271 1019 p.
1301 966 1396 1008 505.
1423 965 1486 1004 IV.
1514 979 1553 1016 p.
1577 963 1690 1015 802).
1731 963 1842 1012 Sunt,

308 1037 371 1087 qui
402 1040 445 1073 ut
473 1035 694 1071 Massonas
720 1035 830 1085 (Hor.
859 1035 931 1076 Vit.
960 1051 998 1087 p.
1019 1036 1122 1088 326)
1150 1037 1208 1074 hic
1233 1037 1418 1086 quandam
1444 1033 1629 1071 ludorum
1654 1031 1844 1069 Actiaco—

308 1118 397 1142 rum
423 1103 701 1141 similitudinem
730 1104 883 1142 videant
910 1105 995 1145 coll.
1026 1104 1138 1145 Dion.
1169 1105 1280 1143 Cass.
1310 1104 1380 1154 51,
1411 1105 1448 1144 1.
1480 1103 1547 1150 53,
1579 1103 1615 1142 1.
1652 1099 1778 1138 strab.
1802 1101 1842 1147 7,

309 1175 349 1212 7.
379 1173 486 1209 Suet.
517 1170 614 1220 Aug.
646 1172 712 1211 18.
739 1171 859 1221 Heyn.
885 1172 934 1210 ad
961 1172 1067 1223 Virg.
1100 1172 1194 1211 Aen.
1219 1173 1260 1222 3,
1286 1171 1367 1213 274
1388 1185 1471 1222 sqq.
1501 1172 1542 1219 8,
1567 1169 1650 1210 675
1671 1190 1726 1196 —
1745 1167 1843 1208 713.

309 1239 488 1277 VVernsd.
522 1239 571 1276 ad
606 1238 719 1279 Salei.
749 1239 860 1277 Bass,
901 1253 1014 1278 carm.
1048 1241 1097 1278 ad
1127 1241 1306 1292 Calpurn.
1339 1239 1466 1277 Pison.
1495 1237 1563 1278 79.
1593 1238 1660 1279 80.
1699 1236 1766 1274 IV.
1804 1249 1842 1287 p.

308 1309 406 1348 397.
438 1306 597 1345 Hertzb.
625 1307 673 1343 ad
692 1306 806 1358 Prop.
827 1306 868 1355 4,
890 1308 931 1357 6,
957 1310 1017 1354 1.;
1043 1312 1130 1346 sunt
1159 1321 1332 1359 quoque,
1363 1307 1426 1357 qui
1454 1307 1567 1344 istum
1588 1306 1717 1343 ludum
1736 1305 1843 1355 quasi

308 1377 485 1414 rusticam
513 1375 656 1412 navalis
680 1376 814 1427 proelii
836 1375 884 1413 ab
912 1375 1086 1426 Augusto
1113 1377 1205 1414 editi
1233 1376 1476 1415 imitationem
1499 1374 1618 1412 fuisse
1645 1373 1846 1424 opinentur

309 1444 395 1482 coll.
420 1444 527 1483 Suet.
556 1443 693 1482 octav.
723 1442 791 1484 43.
822 1444 934 1482 Ovid.
966 1445 1011 1482 A.
1046 1444 1093 1482 A.
1126 1447 1174 1495 1,
1201 1446 1279 1485 171
1310 1458 1369 1495 sq.
1413 1443 1507 1483 Tac.
1538 1441 1636 1482 Ann.
1669 1441 1746 1490 12,
1773 1439 1842 1480 56·

306 1512 374 1564 (ib.
401 1512 600 1563 Rupert.),
632 1513 701 1549 sed
730 1511 792 1549 illa
820 1513 1059 1562 naumachia,
1087 1514 1119 1550 si
1144 1513 1347 1552 contuleris
1369 1511 1466 1550 Vell.
1489 1511 1638 1551 Patere.
1663 1510 1704 1558 2,
1733 1507 1843 1557 100.,

307 1580 424 1618 multo
454 1584 545 1631 post
574 1577 617 1627 (i.
648 1593 680 1621 e.
708 1592 743 1617 3.
773 1581 870 1622 752.
899 1595 935 1622 u.
965 1580 1016 1633 c.)
1053 1582 1224 1619 instituta
1262 1584 1344 1630 est,
1382 1580 1460 1620 vid.
1491 1580 1652 1630 Zumpt.
1679 1577 1728 1616 ad
1756 1575 1843 1615 Mo-
1902 1579 1910 1628 ’,Α

308 1661 407 1685 1111111.
430 1646 568 1697 Ancyr.
590 1646 631 1698 4,
651 1649 720 1690 43.
750 1649 834 1687 coll.
858 1649 911 1690 L.
931 1649 1108 1687 Preller:
1137 1649 1240 1700 „Die
1258 1649 1457 1701 Regionen
1477 1648 1546 1686 der
1566 1646 1680 1684 Stadt
1700 1642 1845 1683 Rom.“

308 1730 346 1766 p.
378 1716 471 1756 206.
499 1736 555 1743 ——
585 1716 631 1754 V.
662 1717 729 1758 62.
755 1716 892 1754 hostili
919 1730 1049 1763 more,
1078 1718 1105 1755 i.
1133 1732 1166 1756 e.
1197 1719 1306 1768 quasi
1328 1718 1459 1756 hostes
1488 1718 1639 1764 essent,
1666 1716 1709 1751 ut
1728 1710 1841 1751 Ovid.
1900 1708 1910 1754 ‚J

308 1782 428 1820 Trist·
451 1784 489 1831 1,
523 1784 560 1829 1,
596 1784 690 1824 100.
734 1784 923 1822 Achilleo
947 1799 1064 1828 more,
1094 1786 1148 1823 Id.
1179 1787 1218 1836 1,
1247 1786 1289 1836 3,
1319 1786 1372 1827 65
1399 1785 1468 1836 (ib.
1495 1782 1636 1835 Loers)
1653 1781 1841 1834 fraterno
1904 1771 1910 1788 z

309 1863 425 1888 more.
457 1849 572 1887 Tales
608 1864 756 1902 pugnas
795 1852 926 1892 Livius
956 1855 1030 1903 26,
1061 1855 1141 1904 51,
1172 1856 1211 1895 6.
1248 1852 1467 1890 simulacra
1490 1863 1656 1904 pugnae
1683 1848 1842 1887 navalis
1900 1850 1910 1898 j

309 1922 432 1955 vocat·
461 1939 516 1944 —
546 1918 590 1958 V.
619 1919 686 1960 64.
716 1921 829 1958 velox
867 1922 1044 1959 Victoria
1071 1935 1148 1960 non
1175 1925 1334 1973 propter
1361 1921 1557 1959 victoriam
1581 1919 1683 1957 illam
1715 1917 1842 1956 Actia·
1899 1918 1910 1955 1³.

310 1999 391 2024 cam
420 1985 671 2036 celerrimam,
701 1989 806 2037 quod
835 1989 983 2038 quidem
1009 1990 1152 2040 opinati
1178 1994 1267 2027 sunt
1294 1988 1461 2027 nonnulli
1486 1989 1735 2039 interpretes,
1771 1985 1840 2023 sed
1893 2001 1903 2041 s

309 2055 369 2092 vel
398 2058 558 2105 propter
585 2057 756 2092 naturam
781 2056 961 2093 victoriae
987 2056 1165 2094 velociter
1194 2057 1412 2095 alterutram
1441 2061 1589 2107 partem
1616 2067 1686 2093 suo
1710 2053 1841 2090 favore

311 2123 459 2161 beantis
487 2122 587 2173 (Sat.
610 2124 649 2172 1,
672 2124 711 2172 1,
741 2122 812 2172 8),
837 2123 897 2161 vel
924 2125 1011 2174 quia
1031 2125 1197 2162 Victoria
1224 2125 1330 2174 virgo
1357 2124 1457 2162 alata
1484 2135 1658 2162 coronam
1674 2121 1841 2159 lauream
1887 2144 1891 2149 -

311 2191 447 2229 victori
472 2191 671 2242 imponens
699 2192 791 2241 fingi
822 2192 934 2230 solita
968 2195 1039 2229 est.
1084 2191 1169 2229 Vid.
1198 2191 1244 2229 A.
1275 2192 1376 2232 Gell.
1406 2194 1447 2242 6,
1476 2192 1514 2232 6.
1549 2189 1635 2229 coll.
1674 2189 1719 2230 C.
1746 2187 1838 2227 Pas·

313 2272 396 2297 som
432 2259 483 2298 N.
522 2260 617 2302 268.
656 2264 696 2298 et
730 2274 827 2311 quos
863 2260 1019 2299 laudant
1051 2259 1175 2310 Heyn.
1214 2263 1251 2298 et
1287 2258 1393 2298 Diss.
1423 2259 1473 2297 ad
1502 2258 1591 2301 Tib,
1621 2259 1666 2309 2,
1691 2257 1743 2308 5,
1774 2256 1840 2298 45.
1887 2290 1890 2315 3

423 2409 460 2455 *)
482 2412 538 2445 Ita
553 2411 653 2455 Virg.
674 2410 762 2445 Aen.
777 2410 814 2456 3,
833 2411 911 2446 280.
933 2407 1002 2457 (ib.
1017 2410 1165 2452 Gossr.)
1182 2409 1350 2453 Actiaque
1368 2428 1423 2435 —-
1440 2401 1789 2443 celebramus'litora.
1803 2407 1838 2449 8,
1889 2387 1910 2404 .

311 2467 392 2503 675.
413 2468 516 2502 Actia
537 2470 641 2503 bella.
663 2469 696 2512 8,
722 2466 804 2504 704.
833 2467 950 2502 Actius
967 2468 1106 2513 Apollo.
1126 2467 1237 2512 Prop.
1253 2462 1288 2509 4,
1314 2467 1348 2509 6,
1371 2466 1427 2501 67.
1449 2465 1547 2509 (0011.
1568 2467 1602 2508 2,
1626 2463 1682 2510 25,
1704 2466 1766 2501 61.
1780 2462 1837 2499 ed.

310 2526 451 2569 Burm.)
472 2525 562 2560 Ped.
584 2524 748 2559 Albinov.
768 2526 802 2570 2,
822 2523 879 2559 51.
910 2525 963 2558 De
977 2524 1042 2558 hac
1058 2523 1168 2558 forma
1182 2527 1218 2557 et
1244 2521 1414 2557 similibus
1434 2522 1527 2557 conf.
1549 2533 1628 2556 31111.
1645 2522 1690 2556 ad
1705 2523 1762 2564 12,
1781 2521 1837 2557 20.

312 2581 475 2616 Hildebr.
500 2581 544 2616 ad
562 2582 697 2617 Arnob.
711 2582 746 2626 3,
764 2583 819 2616 11.
839 2593 875 2627 p.
896 2582 976 2617 268.
998 2581 1121 2616 Eckst.
1136 2581 1181 2615 ad
1197 2580 1299 2613 voss.
1317 2580 1428 2614 Arist.
1448 2580 1495 2615 ΙΙ.
1516 2591 1553 2625 p.
1569 2579 1650 2614 669.
1670 2583 1708 2614 et
1721 2577 1839 2622 Hane

312 2638 356 2672 ad
379 2638 515 2683 Reisig.
537 2639 828 2684 „Vorlesungg.“
849 2638 896 2673 N.
916 2639 995 2674 192.

403 2704 458 2750 **)
478 2706 728 2740 Adulescentes
744 2707 920 2740 Romanos
935 2717 999 2751 pro
1015 2718 1078 2741 sua
1091 2705 1319 2749 humanitate,
1336 2717 1404 2752 qua
1416 2705 1460 2740 ab
1475 2705 1618 2740 ineunte
1631 2704 1748 2737 aetate
1761 2709 1836 2735 cun
1895 2703 1903 2710 ’

314 2760 384 2795 suis
404 2762 524 2797 vernis
543 2763 732 2808 vivebant,
756 2763 906 2808 posthac
926 2775 1063 2809 quoque
1083 2774 1151 2797 non
1165 2773 1247 2797 raro
1262 2774 1333 2797 rem
1357 2774 1452 2798 suam
1470 2772 1544 2796 cum
1564 2759 1636 2794 iuis
1651 2755 1836 2792 communi-

314 2828 412 2851 casse
431 2818 518 2853 satis
537 2824 693 2863 constat,
718 2831 762 2853 ne
782 2818 894 2854 dicam
914 2820 959 2854 de
977 2820 1165 2855 eorundem
1184 2831 1300 2863 more,
1321 2819 1356 2854 in
1380 2818 1468 2866 ipsis
1496 2816 1587 2852 ludis
1606 2813 1756 2860 publici·
1771 2812 1835 2846 110-

313 2872 462 2908 minibus
476 2875 617 2910 infimae
631 2876 740 2910 sortis
759 2888 838 2911 sese
855 2876 1091 2920 immiscendi,
1112 2878 1210 2922 cujus
1226 2877 1364 2922 quidem
1383 2875 1434 2910 rei
1451 2873 1658 2908 mentionem
1672 2869 1761 2904 fecit.
1776 2866 1832 2904 W.

314 2928 357 2962 E.
382 2930 505 2966 Weber
523 2932 559 2966 in
580 2932 875 2977 ,‚Morgenblat.t“
896 2932 997 2968 1845.
1018 2934 1064 2969 N.
1083 2930 1161 2969 146.
1188 2946 1224 2979 p.
1239 2932 1319 2968 582.
