1910 3138
275 175 358 223 178
421 179 699 221 ΟΟΜΜΕΝΤ.
719 178 778 220 IN
795 178 919 220 HOR.
942 178 1039 219 LIB.
1060 179 1092 219 1.
1132 179 1299 220 'EPIST.
1319 175 1480 221 TERT.
1498 178 1679 222 DECIR.
1735 178 1790 224 ΞΒ

274 307 366 347 nihil
393 307 556 358 ineptius
584 308 624 343 et
650 303 824 343 insulsius
850 304 1116 344 Ruhnkem'us
1140 318 1340 359 perperam
1366 307 1479 357 dicit,
1521 307 1688 358 quamvis
1719 303 1793 345 illis

274 376 476 427 aliquando
495 387 543 412 ne
562 372 875 424 praestantissimi
896 375 1047 426 quidem
1072 379 1208 428 poetae
1229 373 1477 414 abstinuerint
1504 374 1590 414 coll.
1609 373 1807 414 Valcken.'

275 444 325 483 ad
346 443 476 494 Eurip.
511 439 656 480 Phoen.
685 442 782 483 639.
823 441 875 481 At
897 447 943 483 nt
970 444 1081 482 ‘totus
1116 442 1342 483 Horatianus
1377 443 1482 480 locus
1521 443 1571 481 ad
1606 443 1792 482 hominnm

275 512 513 562 antiquorum
538 510 845 548 accommodetur
873 511 1075 562 judicium,
1111 518 1189 550 non
1216 510 1266 549 ad
1290 511 1518 549 nostratium
1542 511 1661 550 vitam
1699 508 1795 550 deli-

276 583 399 618 catam
436 581 550 628 atque
585 576 844 629 umbratilem,
877 587 996 631 porro
1034 578 1274 629 observabis,
1307 591 1357 617 ne
1389 588 1414 616 a
1441 578 1608 617 convicio
1645 580 1794 630 quidem

275 647 387 685 asini*
406 649 558 685 veteres
587 645 849 696 abhorruisse,
875 650 921 685 ut
949 647 1031 684 Cic.
1062 647 1102 685 in
1122 646 1251 686 Pison.
1277 646 1352 694 30,
1377 646 1446 688 73.
1469 645 1652 698 Exempla
1677 644 1792 686 colle-

274 718 411 766 gerunt
442 713 582 752 Mutet.
613 713 660 752 V.
696 711 746 752 L.
787 712 866 764 14,
899 713 940 754 9.
979 713 1147 754 Turneb.
1186 713 1283 753 Adv.
1319 716 1398 765 28,
1433 713 1500 755 35.
1540 714 1707 753 Casaub.
1743 715 1793 753 ad

273 783 382 822 Pers.
411 782 460 832 1,
490 780 557 822 59.
581 781 715 820 Barth.
741 782 791 819 ad
821 780 955 821 Claud.
979 783 1025 821 >in
1051 783 1179 822 Rufin.
1207 782 1258 832 2,
1287 779 1383 822 487.
1413 781 1500 823 coll.
1530 781 1628 824 Adv.
1653 781 1693 832 8,
1724 782 1792 824 14.

273 847 349 902 34,
377 850 447 891 36.
475 850 641 901 interpp.
670 850 720 888 ad
743 849 901 889 Terent.
930 848 1067 890 Heaut.
1097 850 1138 900 5,
1162 852 1200 900 1,
1225 848 1264 891 4.
1297 849 1491 888 Heineceii
1510 849 1694 891 Istmdam.
1717 848 1793 889 stil.
1873 887 1876 890 Δ

266 918 362 957 cult.
390 931 432 970 p.
462 918 556 959 150.
586 918 646 956 ed.
674 917 820 961 Nielas.
844 918 1004 971 Rupert.
1025 920 1086 957 ad.
1106 918 1192 957 JuV.
1214 918 1256 969 9,
1276 919 1351 961 92.
1374 917 1435 956 De
1453 920 1541 958 toto
1556 923 1686 959 antem
1707 919 1791 958 loco

273 987 320 1025 ef.
349 983 418 1024 Fr.
445 983 617 1033 Jacobs,
643 998 684 1038 p.
717 986 811 1028 172.

384 1053 434 1092 v.
464 1053 531 1095 10.
560 1055 627 1094 11.
691 1053 855 1093 Wribm
881 1056 1002 1092 uteris
1020 1075 1077 1084 --
1098 1053 1210 1091 mue.
1239 1053 1336 1092 Mire
1369 1037 1588 1106 Cruqu'im,
1616 1054 1687 1092 cui·
1702 1052 1794 1092 haec
1825 1046 1827 1048 ’

271 1122 389 1160 verba
424 1121 625 1160 admodum
662 1121 819 1160 ridicula
832 1121 873 1174 *)
906 1123 946 1161 in
981 1122 1126 1160 tantillo
1164 1122 1374 1161 chartarum
1407 1122 1576 1174 pondere
1604 1121 1792 1172 videntur,

273 1189 396 1227 clivos
422 1188 595 1239 intelligit
622 1190 798 1228 clivosam
825 1188 996 1229 Romam.
1058 1190 1109 1228 At
1143 1190 1237 1228 haec
1263 1189 1378 1228 verba
1412 1194 1655 1242 opponuntur
1680 1201 1792 1241 supe-

270 1257 456 1296 rioribus:
490 1257 613 1309 serus
649 1259 851 1310 impingas
863 1286 880 1305 ,
921 1259 1052 1297 virium
1087 1258 1265 1310 impetum
1301 1258 1598 1309 significantibus
1634 1268 1792 1309 eumque

221 1317 230 1323 ”
271 1325 334 1364 illo
371 1326 456 1364 loco
492 1325 771 1378 importunum,
811 1325 873 1364 hic
907 1340 976 1366 suo
1013 1326 1099 1365 loco
1140 1327 1469 1365 accommodatum.
1526 1326 1637 1365 ‘Idem
1675 1326 1791 1365 sentit

275 1392 424 1432 Weber
438 1393 470 1431 l.
499 1393 526 1430 l.
555 1406 596 1445 p.
624 1391 718 1437 227.
748 1387 914 1433 A'cu'men
937 1395 1047 1446 hujus
1069 1403 1202 1433 versus
1226 1395 1322 1446 sugit
1343 1395 1380 1433 J.
1404 1394 1515 1433 Caes.
1539 1394 1791 1446 Scaliga‘um
1829 1435 1835 1438 ⁷

269 1463 308 1500 in
334 1461 476 1501 Poetic.
507 1463 547 1502 6.
575 1476 616 1514 p.
642 1462 742 1504 809.
770 1485 827 1491 —
851 1461 996 1500 lamas.
1036 1462 1163 1501 Schol.
1196 1463 1313 1514 Cruq.
1347 1462 1525 1514 (quocum
1553 1462 1604 1501 cf.
1632 1461 1721 1500 Aer.
1751 1465 1792 1500 et

268 1526 430 1583 Porph.)
444 1529 642 1580 „lacunas
671 1531 858 1581 majores,
887 1532 1124 1570 continentes
1148 1542 1285 1582 aquam
1310 1531 1470 1582 pluviam
1495 1539 1564 1568 seu
1587 1529 1790 1568 coelest-em

269 1593 349 1639 ἆπὸ
377 1600 452 1638 τοῦ
475 1601 642 1650 λαιμοῦ,
671 1598 699 1636 i.
724 1611 758 1637 e.
786 1611 884 1649 quae
911 1594 1095 1650 ingluvies
1115 1603 1235 1638 estet
1252 1611 1394 1650 vorago
1414 1599 1555 1638 viarum
1571 1606 1644 1636 seu
1661 1598 1788 1636 fossae

266 1666 476 1704 fluviorum.
543 1666 644 1704 Hinc
676 1679 828 1717 quoque
855 1671 946 1705 sunt
981 1668 1106 1706 dictae
1138 1666 1298 1706 Lamiae
1332 1673 1533 1719 puerorum
1566 1666 1786 1705 voratrica.

266 1734 430 1772 Ennius:
458 1733 654 1771 silvarum
677 1734 808 1772 saltus
816 1762 833 1781 ‚
863 1734 1036 1772 latebras
1054 1735 1261 1787 lanamque
1279 1735 1481 1773 lutosas-‘⁸'
1506 1732 1685 1774 Eundem
1709 1733 1789 1772 E!-

268 1802 320 1839 nii
346 1810 515 1850 versum,
543 1801 592 1839 de
620 1814 695 1851 quo
718 1803 793 1840 vid.
820 1803 1039 1854 Spangenb.
1063 1804 1112 1841 ad
1137 1804 1212 1849 Qu.
1230 1804 1331 1842 Enn.
1351 1804 1450 1842 Anu.
1471 1803 1540 1854 112,
1567 1800 1652 1853 22„
1689 1801 1787 1839 Tor·-

268 1870 418 1906 rentius
445 1882 596 1919 quoque
635 1870 684 1906 ad
719 1883 823 1909 oram
855 1872 991 1909 vetusti
1020 1871 1162 1909 codicis
1189 1872 1345 1911 invenit.
1377 1871 1480 1922 Virg.
1511 1871 1584 1910 Ge.
1610 1873 1659 1920 1,
1691 1870 1785 1911 117.

266 1936 337 1988 (ib.
361 1935 486 1985 Serv.)
517 1950 640 1974 cavae
663 1938 792 1989 tepido
820 1938 969 1975 sudant
995 1938 1157 1976 hamore
1183 1940 1365 1978 lacunae.
1409 1938 1571 1978 Glossae
1593 1951 1655 1990 ap.
1678 1937 1787 1976 Fest.

268 2004 324 2056 (p-
355 2001 452 2045 474.
480 2002 691 2053 Lindem.):
731 2004 927 2051 „lamae,
953 2002 1149 2057 πηλώδεις
1176 2005 1306 2050 τόποι.
1342 2007 1487 2046 Ονείἰίο
1498 2035 1514 2054 ,
1543 2007 1606 2057 qui
1631 2015 1786 2056 compa—

267 2077 328 2111 rat
354 2072 513 2110 Damas
540 2072 625 2123 (Inf.
651 2072 731 2122 20,
761 2073 871 2124 70.)‚
898 2073 1048 2124 linguae
1077 2076 1240 2114 rusticae
1274 2075 1497 2114 vocabulum
1530 2072 1648 2113 fuisse
1684 2076 1786 2112 recte

265 2141 427 2180 videtur.
454 2162 512 2169 —
538 2139 583 2178 V.
616 2141 681 2180 11.
731 2139 865 2178 Victor
885 2131 1109 2192 propositi,
1136 2141 1357 2196 υἐγκρατής,-
1383 2145 1457 2183 τσῦ
1482 2143 1660 2191 σκοποῦ,
1689 2152 1784 2191 qua·

266 2213 378 2248 tenus
406 2211 476 2260 per
505 2208 621 2246 clivos
634 2233 648 2257 ‚
674 2208 825 2246 flumina
850 2212 888 2246 et
906 2209 1023 2247 lamas
1045 2211 1094 2247 ad
1113 2210 1325 2262 Augustum
1348 2209 1614 2262 pervenerat.⁶‘
1665 2208 1785 2247 Wei-

269 2277 389 2315 chert.
434 2276 498 2314 Sic
527 2276 618 2314 alias
646 2276 772 2313 victor
793 2272 864 2328 pro
887 2276 967 2314 voti
996 2282 1190 2329 compote,
1216 2278 1402 2330 propositi
1429 2277 1619 2316 effectore.
1654 2275 1785 2314 Burm.

266 2347 315 2384 ad
330 2342 496 2385 ''Petrom
526 2345 619 2386 112.
646 2343 770 2395 Heyn.
799 2345 850 2383 ad
873 2343 977 2394 Virg.
1004 2345 1076 2382 Ge.
1100 2345 1148 2394 3,
1173 2346 1212 2386 9.
1243 2345 1398 2396 Forbig.
1428 2347 1478 2384 ad
1507 2345 1600 2386 Aen.
1619 2340 1661 2395 2,
1685 2344 1783 2386 329.

270 2414 343 2464 10,
375 2412 471 2454 409.
509 2412 569 2452 De
597 2412 723 2450 Vinnii
748 2412 920 2464 pigritia,
963 2423 1073 2462 quam
1099 2412 1159 2451 hic
1191 2413 1357 2451 nonnulli
1394 2414 1578 2463 sentiunt,
1617 2413 1784 2463 cogitare

266 2482 366 2531 noli,
406 2493 502 2520 neve
538 2480 757 2532 simpliciter
792 2479 956 2532 explices
990 2484 1032 2518 ut
1068 2480 1338 2533 Doeringius:
1376 2481 1653 2534 „propositam
1683 2481 1782 2519 viam

378 2650 419 2696 ²⁸¹)
437 2653 554 2694 Quum
572 2653 704 2697 Poeta,
736 2651 796 2699 qui
814 2651 872 2687 hic
892 2653 1021 2687 Oreth'o
1046 2653 1091 2688 de
1113 2653 1254 2701 incepto
1284 2655 1385 2703 quasi
1413 2654 1618 2691 difficillimo
1641 2654 1780 2698 jocatus

268 2716 346 2740 esse
365 2708 531 2753 videtur,
559 2720 632 2744 rem
656 2721 753 2744 suam
779 2709 880 2744 m'odo
907 2708 1043 2753 elevat,
1073 2715 1114 2744 ut
1138 2722 1263 2757 supra:
1295 2713 1436 2758 Abja‘ct'to
1452 2712 1591 2759 'potum
1620 2710 1723 2745 modo
1741 2709 1777 2744 in

264 2763 374 2806 majus
390 2766 674 2811 extollit‚*fa‹':ile
689 2778 765 2801 eam
779 2765 1137 2802 sentiendi-rationem
1151 2768 1349 2815 intelliges,
1367 2779 1470 2815 quam
1482 2768 1659 2802 nostrates
1677 2767 1779 2811 ‚31111-

264 2816 371 2852 m6r³⁴
400 2820 520 2856 dicere
544 2823 687 2864 ‘solent3
723 2824 812 2858 bene
838 2823 882 2858 de
911 2823 978 2858 hac
1011 2835 1050 2858 re
1081 2823 1239 2871 disputat
1266 2826 1345 2860 Fel.
1371 2825 1460 2860 δῶ.
1489 2824 1709 2859 Feldbausch
1739 2821 1776 2857 in

263 2874 558 2923 „Remerkungen
574 2889 618 2912 zu
635 2880 700 2921 der
717 2879 848 2914 dritten
868 2880 986 2915 Satira
1004 2881 1049 2915 de
1067 2881 1198 2918 Horaz.
1211 2883 1383 2927 Rasna,
1403 2878 1533 2916 1843.“

1859 2687 1863 2694 ²
1877 2689 1896 2716 ψ
