1910 3138
144 158 210 208 ²11⁶
280 152 636 205 coffinum
656 163 781 204 noa.
798 163 899 203 Lm.
919 164 951 203 1.
992 156 1517 204 ΕΡιεΤ.εΕΡ1-.Β“ιςσιιι.
1586 161 1672 204 39³

154 271 387 330 finissefflffui
412 277 625 329 praestigiis
652 278 730 316 suis
751 277 1022 319 multitudinem
1046 277 1084 315 in
1101 277 1220 316 triviis
1242 270 1493 326 delectasset,
1519 277 1569 315 ad
1587 289 1670 315 van

161 344 371 385 emm
393 358 434 398 p.
463 346 559 387 227.
594 345 708 384 docte
744 346 949 400 edocuerit.
994 345 1049 382 lta
1088 343 1269 382 Athenae.
1304 343 1330 381 l.
1362 343 1388 384 l.
1421 357 1462 396 p.
1490 345 1587 386 616.
1627 341 1672 384 ‘O

154 412 396 455 mutuum!
411 410 487 466 μὲν
502 407 623 461 αὐτὸς
641 408 786 460 outone
807 409 903 461 τούς
931 412 1086 462 ξένους,
1114 408 1216 460 Tude
1236 406 1512 463 τ’ἆγνοοῦηας
1534 407 1670 456 adron,

151 479 326 524 bctdvoe·
363 479 431 521 καὶ
465 476 600 531 σχεδὸν
625 474 918 532 ’.ἀπεκραιπάλα
950 477 999 520 τοὶ
1035 482 1218 528 πλεῖστα,
1254 481 1327 519 τοῦ
1361 474 1522 532 γελάσαι
1553 474 1670 531 χᾶριν

149 547 282 591 'Rieu'
304 545 380 590 τιν’
408 544 516 604 atita?
550 547 718 599 θέμενος
751 543 997 601 ἀδολεσχίαν.
1038 548 1097 589 ld.
1126 550 1167 596 1,
1196 549 1263 588 16.
1293 560 1332 598 p.
1364 545 1427 586 19.
1465 541 1670 598 Ἐθαυμᾶ-

155 618 240 667 ζετο
266 614 311 658 δὲ
334 612 426 669 παρ’
441 612 608 668 Ἕλλησι
634 615 702 656 καὶ
727 614 932 665 Ῥωιιαίοις
962 616 1150 669 Ματρέας
1178 613 1201 656 ὁ
1227 612 1404 662 πλάνος,
1442 609 1466 654 ὅ
1489 609 1670 663 ’ltuen-

152 680 285 738 ὃρειῖς.
321 681 366 732 ὃς
397 683 502 737 ἔλεγε
531 683 599 724 καὶ
635 683 785 736 θηρίον
817 683 994 737 τρέφειν,
1029 681 1054 724 ὃ
1082 679 1178 723 αὐτὸ
1218 678 1332 723 ἑαυτὰ
1366 682 1569 722 κατεσθίει
1596 686 1668 719 etc.

149 753 320 792 Hominis
346 752 467 800 illius,
502 752 670 802 quisquis
699 751 788 799 suit,
817 753 974 790 astutias
993 744 1122 790 ‘faceta
1157 750 1392 788 describendi
1429 754 1512 787 arte
1549 761 1670 800 {nene

151 821 230 859 suh'
251 823 443 872 aspectum
468 819 627 868 subjecit
652 818 826 856 Orellius
835 847 853 865 ,
881 831 992 870 quem
1013 819 1073 858 hic
1092 818 1295 857 contulisse
1314 830 1390 856 non
1408 817 1565 869 pigebit.
1610 814 1670 854 De

151 889 422 940 Aegyptiorum
449 886 701 925 fraudulentia
726 886 984 926 Eichstadiuae
1007 886 1174 925 laudavit
1200 885 1379 926 Valcken.
1417 886 1466 923 ad
1504 883 1667 921 Theocr.

149 956 332 995 Adonin.
365 954 440 1003 15,
467 952 534 994 47.
566 967 607 1005 p·
635 954 753 1003 356„
788 956 847 993 cui
881 955 979 992 adde
1007 953 1313 991 Wiistem.-ibid.
1340 965 1374 989 v.
1411 951 1479 992 49.
1509 951 1667 989 Hertzb.

150 1024 201 1062 ad
227 1021 342 1074 Prop.
365 1022 407 1071 3,
436 1023 507 1067 11,
544 1021 612 1062 33.
649 1021 828 1060 Ceterum
863 1023 912 1060 de
946 1019 1265 1070 circulatoribus,
1300 1017 1668 1071 praestigiator-ibus

150 1091 299 1129 illorm
322 1094 529 1140 temporum
558 1101 668 1127 nemo
705 1089 929 1139 dubitabit„
939 1102 1148 1141 quanquam
1171 1094 1296 1127 tacere
1323 1101 1493 1139 nequeo,
1532 1087 1669 1124 Dae-e-

149 1159 205 1196 n'i
233 1169 384 1209 quoque
396 1157 439 1208 ¹⁸¹)
477 1157 784 1208 explicationem,
827 1158 1065 1208 praesertim¹
1089 1170 1201 1209 quum
1234 1157 1359 1208 ipsum
1401 1156 1668 1194 sententiarum

149 1226 318 1264 ordinem
352 1229 525 1277 spectes,
560 1237 638 1263 non
671 1237 829 1276 prorsus
858 1225 978 1264 videri
1011 1225 1294 1277 improbabilem
1322 1237 1419 1263 esse.
1476 1222 1669 1280 Attollere

150 1297 275 1332 autem
297 1303 374 1330 non
396 1295 477 1341 est,
506 1294 546 1331 in
572 1292 725 1331 ‘rhedam
751 1291 907 1342 tollere,
935 1292 1004 1331 sed
1030 1293 1080 1330 de
1102 1293 1164 1331 via
1185 1293 1331 1342 erigere
1354 1293 1407 1330 uti
1435 1305 1471 1328 v.
1495 1292 1563 1331 61.
1592 1290 1669 1327 tol-

161 1366 188 1393 ,
231 1374 235 1379 ,

259 1436 299 1484 *J
314 1439 412 1474 Idem
430 1440 499 1474 huc
516 1440 715 1486 respexisse
733 1439 915 1484 (Mau-effla
932 1440 1146 1486 praeeunte)
1163 1441 1326 1486 opinatur
1345 1438 1552 1474 Ciceronem
1573 1436 1666 1472 Phil.

151 1495 208 1540 13,
230 1497 288 1540 12,
307 1497 387 1533 27.=
416 1497 511 1531 Illud
527 1503 647 1532 tanen
663 1507 801 1540 oerum,
821 1498 914 1540 quod
928 1496 967 1530 in
984 1498 1048 1531 hoe
1067 1498 1180 1532 Plano
1198 1498 1346 1542 [Planoe
1371 1495 1468 1540 edd.]
1495 1494 1670 1540 proverb-‘i

150 1552 226 1595 loco
243 1552 312 1587 dia·
326 1554 433 1587 solet.-
464 1554 580 1598 perire
595 1565 675 1587 eum
691 1563 765 1586 non
786 1564 910 1598 posse,
934 1553 965 1587 σι’
990 1554 1022 1588 σι’
1038 1558 1278 1598 crurasracta
1296 1559 1423 1599 essent,
1441 1556 1568 1597 [ταῦτα
1583 1556 1668 1586 sunt

150 1613 185 1654 ct
200 1608 293 1643 wit.
326 1609 484 1643 Utuntur
498 1609 550 1643 sic
569 1608 742 1644 vocabulo
754 1609 856 1654 ploem'
875 1610 952 1644 Cic.
967 1622 1024 1655 pr.
1045 1611 1186 1644 Cluent.
1206 1612 1263 1653 26,
1283 1611 1342 1645 72.
1363 1609 1455 1643 Plin.
1475 1609 1523 1642 H.
1544 1608 1592 1642 N.
1608 1606 1666 1648 35,

151 1665 208 1699 10.
228 1664 297 1707 (ib.
317 1666 431 1700 Gesn.
460 1677 497 1712 p.
517 1666 618 1710 961.)
640 1666 788 1700 Petron.
815 1666 873 1701 82.
903 1666 970 1711 (ib.
988 1667 1106 1701 Burm.
1125 1679 1163 1712 p.
1185 1664 1288 1711 406.)
1313 1663 1393 1704 140.
1418 1663 1488 1714 (ib.
1511 1663 1664 1698 Erhard.

148 1731 186 1766 p.
201 1720 289 1764 663)
307 1722 351 1756 A.
373 1721 467 1755 Gell.
490 1723 544 1766 16,
563 1723 597 1758 7.
620 1726 679 1765 et,
706 1721 743 1755 ni
756 1721 879 1767 fallor,
904 1723 1059 1768 Capitol.
1076 1723 1128 1758 M.
1145 1724 1309 1758 Antonin.
1330 1723 1375 1757 13
1393 1722 1462 1768 (ib.
1484 1721 1664 1763 Salmas.).

147 1777 279 1811 Arnob.
297 1779 330 1820 2,
346 1777 406 1813 32.
426 1777 491 1822 (ih.
510 1778 692 1821 Hildebr.)
712 1779 848 1823 Psyllis,
870 1778 1022 1823 Marsis,
1045 1780 1187 1824 aliisque
1198 1780 1408 1814 institoribus
1422 1785 1525 1822 atque
1536 1777 1664 1824 planis.

150 1833 307 1869 Tertull.
329 1841 443 1868 contr.
460 1835 631 1870 Marcion.
651 1835 686 1879 3,
701 1836 736 1870 6.
755 1846 857 1879 quem
874 1835 1090 1880 (Christum)
1107 1837 1255 1882 planum
1271 1837 1309 1870 ι’νι
1321 1835 1432 1882 signis
1444 1841 1478 1869 et
1492 1835 1666 1869 aemulum

138 1889 366 1924 {adomim
385 1892 625 1927 aestimabant.
666 1891 853 1936 Angustia.
877 1893 1041 1929 Confess.
1061 1890 1098 1937 4,
1121 1893 1158 1928 3.
1176 1894 1254 1927 illos
1270 1894 1414 1938 planos,
1431 1903 1515 1936 quos
1532 1891 1666 1924 mathe-

147 1946 291 1980 maticos
308 1952 446 1980 vocant.
476 1948 629 1983 Planum
641 1960 705 1993 pro
728 1960 851 1982 scurra
874 1954 912 1983 et
938 1951 1158 1995 sycophanta
1175 1950 1369 1984 Beroaldus
1395 1948 1488 1994 apud
1516 1949 1663 1981 Gruter.

30 1996 38 2007 ”
92 2031 96 2034 «
147 2002 178 2037 1.
195 2013 233 2048 p.
254 2003 334 2037 198.
360 2003 478 2038 habet.
521 2004 573 2038 De
598 2006 738 2039 Graeco
761 2005 872 2039 verbo
900 2003 1038 2046 πλάνος
1055 2022 1111 2038 ,τ-
1130 2004 1313 2049 πλανήτης
1333 2011 1370 2039 et
1398 2001 1568 2038 ἀπατεών
1588 2002 1662 2036 u‘d.

147 2055 304 2104 interpp.
324 2059 368 2093 ad
387 2060 540 2104 Hesych.
561 2061 610 2095 11.
629 2073 665 2107 p.
680 2062 762 2097 972.
798 2062 854 2096 De
874 2061 1141 2097 circulatoribus
1160 2073 1347 2107 eorumque
1366 2059 1570 2106 praestigiis
1586 2070 1663 2103 pas-

148 2113 212 2149 sim
228 2114 418 2160 loquuntur
435 2122 579 2152 veteres
597 2117 803 2164 scriptores,
834 2119 985 2153 Praeter
997 2119 1096 2154 locos
1111 2127 1193 2153 ante
1206 2119 1368 2152 laudatos
1387 2117 1480 2150 conf.
1504 2116 1662 2160 interpp.

147 2171 195 2205 ad
211 2170 289 2206 Sat.
306 2174 338 2216 1,
352 2173 386 2216 6,
402 2174 482 2208 113.
504 2180 542 2208 et
556 2174 602 2208 ad
626 2175 754 2208 senec.
771 2174 889 2219 Epist.
903 2172 962 2218 45,
977 2177 1013 2211 7.
1035 2175 1363 2221 (praestigiatorum
1378 2171 1598 2215 acetabula),
1619 2171 1664 2204 de

146 2226 271 2262 Bauer.
290 2229 325 2271 6,
342 2230 396 2263 11.
415 2230 531 2275 (opud
542 2231 737 2276 proximum
750 2231 992 2266 circulatorem
1015 2231 1170 2276 resedit).
1207 2231 1324 2264 Burm.
1339 2229 1383 2263 ad
1404 2227 1555 2269 Quintil.
1574 2228 1662 2261 Inst-

149 2284 212 2327 10,
237 2285 282 2326 7,
312 2286 366 2319 11.
399 2286 589 2330 (miracula
614 2287 818 2332 pilariorum
841 2299 882 2320 ac
906 2287 1184 2329 mutilatorum.)
1219 2287 1266 2320 O.
1295 2286 1396 2320 Jahn.
1427 2285 1471 2318 ad
1492 2285 1591 2318 Pers.
1625 2295 1661 2329 p.

147 2337 335 2373 LXXXV1
353 2351 407 2386 sq.
427 2342 590 2376 Hildebr.
611 2342 654 2377 ad
671 2343 804 2377 Arnob.
822 2344 855 2386 2,
875 2343 934 2378 38.
960 2344 1076 2378 Burm.
1093 2343 1137 2376 ad
1151 2343 1297 2376 Petron.
1317 2339 1375 2376 47.
1395 2353 1430 2386 p.
1448 2340 1528 2377 239.
1550 2341 1609 2375 68.
1628 2351 1663 2386 p.

148 2391 232 2428 340.
249 2394 402 2431 casaub.
428 2397 473 2431 ad
496 2398 681 2444 Theophr.
712 2399 822 2436 Char.
844 2400 877 2442 6,
898 2401 931 2433 2.
951 2410 986 2443 p.
1011 2397 1069 2433 85.
1100 2399 1143 2432 F.
1166 2404 1203 2432 et
1229 2399 1275 2432 ad
1295 2398 1466 2432 Athenae.
1495 2398 1526 2438 1,
1553 2395 1606 2431 15.
1625 2409 1661 2443 p.

151 2445 229 2484 154.
255 2449 422 2496 Schwgh.
450 2453 571 2499 Bergl.
599 2460 637 2489 et
666 2455 796 2499 Wagn.
816 2455 861 2488 ad
888 2455 1046 2499 Alciphr.
1069 2454 1104 2498 3,
1130 2456 1188 2498 20,
1211 2456 1266 2488 11.
1300 2454 1425 2489 Jacob.
1443 2452 1488 2487 ad
1515 2452 1660 2500 Luq‘an.

148 2505 338 2540 Alexandr.
357 2518 393 2552 p.
414 2507 583 2543 XXXIII.
617 2511 673 2544 Du
692 2511 814 2556 Gange
834 2510 992 2545 Glossar.
1021 2521 1054 2548 ν,
1073 2510 1313 2544 cauculatores
1330 2510 1407 2553 (ed.
1429 2509 1606 2544 Henschel
1626 2522 1662 2556 p.

149 2559 251 2603 250.)
272 2561 438 2607 Bottiger
456 2563 491 2597 in
519 2565 813 2610 „Abendzeitung
835 2567 937 2601 1828.
958 2563 1284 2608 ‚,Einheimisches“
1308 2565 1357 2600 N.
1381 2567 1416 2600 2.
1436 2577 1471 2610 p.
1492 2565 1526 2599 5.
1545 2568 1580 2602 6.
1603 2581 1659 2598 =

150 2616 303 2662 „Kleine
334 2618 507 2653 Schrift.“
535 2620 596 2654 111.
630 2633 665 2666 p.
685 2621 754 2656 359
780 2633 834 2666 sq.
867 2621 1138 2666 Epigrammatis
1167 2621 1204 2654 in
1231 2622 1337 2655 talem
1358 2621 1661 2667 praestigiatorem

150 2674 394 2718 („Gaukler“)
418 2674 623 2710 mentionem
651 2677 783 2711 faciunt
812 2678 1051 2721 ephemerides
1081 2678 1340 2724 „Ambaeolog-
1364 2678 1544 2724 zeitung“
1570 2676 1661 2716 1844

150 2730 183 2764 6.
206 2729 399 2776 Lieferung
417 2731 464 2765 N.
483 2731 537 2765 17.
563 2732 652 2765 Num
667 2732 790 2776 planus
804 2732 866 2766 ille
881 2745 900 2766 e
922 2745 1051 2778 genere
1064 2733 1332 2778 petauristarum
1352 2735 1416 2779 (de
1438 2735 1564 2781 quibus
1575 2736 1659 2772 vide

150 2783 325 2831 Bssttiger.
347 2787 370 2820 l.
394 2787 416 2821 Ι.
434 2799 469 2832 p.
485 2786 554 2821 335
569 2798 645 2832 sqq.
676 2787 828 2822 Schmid.
850 2795 886 2822 et
908 2789 1043 2825 Riedel.
1061 2790 1105 2824 ad
1130 2790 1247 2836 Epist.
1267 2793 1302 2835 2,
1318 2793 1351 2835 1,
1366 2793 1446 2827 210.
1474 2791 1599 2829 Heinr.
1621 2798 1659 2826 et

152 2838 322 2879 Schmidt.
341 2843 387 2877 ad
406 2844 486 2882 Juv',
505 2840 558 2886 14,
580 2843 677 2887 265.)
701 2843 826 2888 fuerit,
848 2845 925 2890 quis
941 2851 996 2880 est
1014 2844 1073 2891 qui
1091 2857 1155 2892 pro
1175 2851 1354 2894 comperto
1372 2847 1528 2885 habeat?
