<?xml version="1.0" encoding="UTF-8"?>
<!DOCTYPE html PUBLIC "-//W3C//DTD XHTML 1.0 Transitional//EN"
    "http://www.w3.org/TR/xhtml1/DTD/xhtml1-transitional.dtd">
<html xmlns="http://www.w3.org/1999/xhtml" xml:lang="en" lang="en">
 <head>
  <title>
</title>
<meta http-equiv="Content-Type" content="text/html;charset=utf-8" />
  <meta name='ocr-system' content='tesseract 3.04.00' />
  <meta name='ocr-capabilities' content='ocr_page ocr_carea ocr_par ocr_line ocrx_word'/>
</head>
<body>
  <div class='ocr_page' id='page_1' title='image "./epistolascomment02horauoft_0496.png"; bbox 0 0 1910 3138; ppageno 0'>
   <div class='ocr_carea' id='block_1_1' title="bbox 257 216 341 259">
    <p class='ocr_par' dir='ltr' id='par_1_1' title="bbox 257 216 341 259">
     <span class='ocr_line' id='line_1_1' title="bbox 257 216 341 259; baseline 0.012 -1"><span class='ocrx_word' id='word_1_1' title='bbox 257 216 341 259; x_wconf 82' lang='lat'><strong>488</strong></span> 
     </span>
    </p>
   </div>
   <div class='ocr_carea' id='block_1_2' title="bbox 609 215 1515 259">
    <p class='ocr_par' dir='ltr' id='par_1_2' title="bbox 609 215 1515 259">
     <span class='ocr_line' id='line_1_2' title="bbox 609 215 1515 259; baseline 0.003 -4"><span class='ocrx_word' id='word_1_2' title='bbox 609 215 832 256; x_wconf 87' lang='lat' dir='ltr'>HORATII</span> <span class='ocrx_word' id='word_1_3' title='bbox 862 215 1006 256; x_wconf 85' lang='lat' dir='ltr'>LIBRI</span> <span class='ocrx_word' id='word_1_4' title='bbox 1035 216 1064 255; x_wconf 92' lang='lat'><strong>1.</strong></span> <span class='ocrx_word' id='word_1_5' title='bbox 1119 216 1383 257; x_wconf 83' lang='lat' dir='ltr'>EPISTOLA</span> <span class='ocrx_word' id='word_1_6' title='bbox 1413 218 1515 259; x_wconf 89' lang='lat' dir='ltr'>XIX.</span> 
     </span>
    </p>
   </div>
   <div class='ocr_carea' id='block_1_3' title="bbox 1665 187 1901 286">
    <p class='ocr_par' dir='ltr' id='par_1_3' title="bbox 1665 187 1901 286">
     <span class='ocr_line' id='line_1_3' title="bbox 1665 187 1901 286; baseline -0.017 -22"><span class='ocrx_word' id='word_1_7' title='bbox 1665 187 1901 286; x_wconf 14' lang='lat'><strong>151405&#39;</strong></span> 
     </span>
    </p>
   </div>
   <div class='ocr_carea' id='block_1_4' title="bbox 326 329 1560 537">
    <p class='ocr_par' dir='ltr' id='par_1_4' title="bbox 326 329 1560 537">
     <span class='ocr_line' id='line_1_4' title="bbox 327 329 1558 394; baseline 0 -17"><span class='ocrx_word' id='word_1_8' title='bbox 327 333 572 394; x_wconf 77' lang='lat' dir='ltr'>„Displicet</span> <span class='ocrx_word' id='word_1_9' title='bbox 606 333 687 376; x_wconf 81' lang='lat' dir='ltr'><strong>iste</strong></span> <span class='ocrx_word' id='word_1_10' title='bbox 722 329 917 392; x_wconf 79' lang='lat' dir='ltr'>locus,“</span> <span class='ocrx_word' id='word_1_11' title='bbox 957 334 1095 378; x_wconf 77' lang='lat' dir='ltr'><strong>clamo</strong></span> <span class='ocrx_word' id='word_1_12' title='bbox 1133 336 1177 377; x_wconf 87' lang='lat' dir='ltr'><strong>et</strong></span> <span class='ocrx_word' id='word_1_13' title='bbox 1212 332 1373 377; x_wconf 82' lang='lat' dir='ltr'><strong>diludia</strong></span> <span class='ocrx_word' id='word_1_14' title='bbox 1405 347 1558 393; x_wconf 83' lang='lat' dir='ltr'><strong>poseo.</strong></span> 
     </span>
     <span class='ocr_line' id='line_1_5' title="bbox 326 412 1560 474; baseline 0 -16"><span class='ocrx_word' id='word_1_15' title='bbox 326 413 477 458; x_wconf 87' lang='lat' dir='ltr'>Ludus</span> <span class='ocrx_word' id='word_1_16' title='bbox 514 412 625 455; x_wconf 72' lang='lat' dir='ltr'><strong>enIm</strong></span> <span class='ocrx_word' id='word_1_17' title='bbox 659 413 812 472; x_wconf 82' lang='lat' dir='ltr'><strong>genuit</strong></span> <span class='ocrx_word' id='word_1_18' title='bbox 847 412 1061 473; x_wconf 84' lang='lat' dir='ltr'><strong>trepidum</strong></span> <span class='ocrx_word' id='word_1_19' title='bbox 1099 415 1320 457; x_wconf 69' lang='lat' dir='ltr'><strong>certamen</strong></span> <span class='ocrx_word' id='word_1_20' title='bbox 1345 415 1400 457; x_wconf 81' lang='lat' dir='ltr'><strong>et</strong></span> <span class='ocrx_word' id='word_1_21' title='bbox 1432 414 1560 474; x_wconf 80' lang='lat' dir='ltr'>iram,</span> 
     </span>
     <span class='ocr_line' id='line_1_6' title="bbox 327 491 1362 537; baseline 0.001 -1"><span class='ocrx_word' id='word_1_22' title='bbox 327 494 398 537; x_wconf 83' lang='lat' dir='ltr'><strong>Ira</strong></span> <span class='ocrx_word' id='word_1_23' title='bbox 435 494 580 535; x_wconf 85' lang='lat' dir='ltr'><strong>truces</strong></span> <span class='ocrx_word' id='word_1_24' title='bbox 614 492 855 536; x_wconf 72' lang='lat' dir='ltr'><strong>inimicitias</strong></span> <span class='ocrx_word' id='word_1_25' title='bbox 894 493 938 536; x_wconf 88' lang='lat' dir='ltr'><strong>et</strong></span> <span class='ocrx_word' id='word_1_26' title='bbox 972 491 1150 537; x_wconf 81' lang='lat' dir='ltr'>funebre</span> <span class='ocrx_word' id='word_1_27' title='bbox 1185 493 1362 537; x_wconf 84' lang='lat' dir='ltr'><strong>bellum·</strong></span> 
     </span>
    </p>
   </div>
   <div class='ocr_carea' id='block_1_5' title="bbox 257 636 1010 1140">
    <p class='ocr_par' dir='ltr' id='par_1_5' title="bbox 257 636 1010 1140">
     <span class='ocr_line' id='line_1_7' title="bbox 316 636 1010 683; baseline 0.001 -12"><span class='ocrx_word' id='word_1_28' title='bbox 316 639 358 674; x_wconf 88' lang='lat' dir='ltr'><strong>V.</strong></span> <span class='ocrx_word' id='word_1_29' title='bbox 382 636 440 673; x_wconf 84' lang='lat'><strong>47.</strong></span> <span class='ocrx_word' id='word_1_30' title='bbox 469 638 533 673; x_wconf 76' lang='lat' dir='ltr'><strong>iste</strong></span> <span class='ocrx_word' id='word_1_31' title='bbox 551 639 659 673; x_wconf 79' lang='lat' dir='ltr'><strong>locus.</strong></span> <span class='ocrx_word' id='word_1_32' title='bbox 690 639 782 673; x_wconf 80' lang='lat' dir='ltr'><strong>Mss.</strong></span> <span class='ocrx_word' id='word_1_33' title='bbox 803 638 943 683; x_wconf 86' lang='lat' dir='ltr'><strong>plurim.</strong></span> <span class='ocrx_word' id='word_1_34' title='bbox 972 642 1010 672; x_wconf 92' lang='lat' dir='ltr'><strong>et</strong></span> 
     </span>
     <span class='ocr_line' id='line_1_8' title="bbox 259 695 1007 740; baseline -0.001 -10"><span class='ocrx_word' id='word_1_35' title='bbox 259 696 345 730; x_wconf 86' lang='lat' dir='ltr'><strong>edit.</strong></span> <span class='ocrx_word' id='word_1_36' title='bbox 366 695 462 740; x_wconf 80' lang='lat' dir='ltr'><strong>vng.</strong></span> <span class='ocrx_word' id='word_1_37' title='bbox 482 696 540 730; x_wconf 82' lang='lat' dir='ltr'><strong>ille</strong></span> <span class='ocrx_word' id='word_1_38' title='bbox 560 697 626 729; x_wconf 85' lang='lat' dir='ltr'><strong>loc.</strong></span> <span class='ocrx_word' id='word_1_39' title='bbox 664 695 753 730; x_wconf 82' lang='lat' dir='ltr'><strong>Mss.</strong></span> <span class='ocrx_word' id='word_1_40' title='bbox 774 695 886 730; x_wconf 88' lang='lat' dir='ltr'><strong>Pulm.</strong></span> <span class='ocrx_word' id='word_1_41' title='bbox 911 697 946 732; x_wconf 86' lang='lat'><strong>2.</strong></span> <span class='ocrx_word' id='word_1_42' title='bbox 971 695 1007 729; x_wconf 87' lang='grc'><strong>3.</strong></span> 
     </span>
     <span class='ocr_line' id='line_1_9' title="bbox 259 752 1007 798; baseline -0.003 -10"><span class='ocrx_word' id='word_1_43' title='bbox 259 755 315 788; x_wconf 89' lang='grc'><strong>10.</strong></span> <span class='ocrx_word' id='word_1_44' title='bbox 342 752 474 788; x_wconf 91' lang='lat' dir='ltr'><strong>Bersm.</strong></span> <span class='ocrx_word' id='word_1_45' title='bbox 492 757 588 798; x_wconf 85' lang='lat' dir='ltr'><strong>quat.</strong></span> <span class='ocrx_word' id='word_1_46' title='bbox 609 753 718 789; x_wconf 86' lang='lat' dir='ltr'><strong>Torr.</strong></span> <span class='ocrx_word' id='word_1_47' title='bbox 735 757 822 787; x_wconf 84' lang='lat' dir='ltr'><strong>tres.</strong></span> <span class='ocrx_word' id='word_1_48' title='bbox 841 752 908 788; x_wconf 83' lang='lat' dir='ltr'><strong>Fe.</strong></span> <span class='ocrx_word' id='word_1_49' title='bbox 922 754 955 798; x_wconf 93' lang='lat'><strong>1,</strong></span> <span class='ocrx_word' id='word_1_50' title='bbox 975 764 1007 786; x_wconf 83' lang='lat' dir='ltr'><strong>a.</strong></span> 
     </span>
     <span class='ocr_line' id='line_1_10' title="bbox 258 809 1007 856; baseline -0.003 -11"><span class='ocrx_word' id='word_1_51' title='bbox 258 813 296 848; x_wconf 89' lang='lat' dir='ltr'><strong>b.</strong></span> <span class='ocrx_word' id='word_1_52' title='bbox 312 822 347 855; x_wconf 85' lang='lat' dir='ltr'><strong>g.</strong></span> <span class='ocrx_word' id='word_1_53' title='bbox 369 822 406 856; x_wconf 89' lang='lat' dir='ltr'><strong>p.</strong></span> <span class='ocrx_word' id='word_1_54' title='bbox 428 821 462 855; x_wconf 90' lang='lat' dir='ltr'><strong>q.</strong></span> <span class='ocrx_word' id='word_1_55' title='bbox 484 811 518 853; x_wconf 88' lang='lat'><strong>2,</strong></span> <span class='ocrx_word' id='word_1_56' title='bbox 533 810 571 844; x_wconf 87' lang='lat' dir='ltr'><strong>b.</strong></span> <span class='ocrx_word' id='word_1_57' title='bbox 588 809 622 844; x_wconf 91' lang='lat' dir='ltr'><strong>d.</strong></span> <span class='ocrx_word' id='word_1_58' title='bbox 644 822 677 844; x_wconf 91' lang='lat' dir='ltr'><strong>e.</strong></span> <span class='ocrx_word' id='word_1_59' title='bbox 697 809 724 844; x_wconf 82' lang='lat' dir='ltr'><strong>f.</strong></span> <span class='ocrx_word' id='word_1_60' title='bbox 741 810 780 853; x_wconf 83' lang='lat' dir='ltr'><strong>(a</strong></span> <span class='ocrx_word' id='word_1_61' title='bbox 796 811 829 844; x_wconf 91' lang='lat'><strong>1.</strong></span> <span class='ocrx_word' id='word_1_62' title='bbox 845 811 904 852; x_wconf 85' lang='lat' dir='ltr'><strong>m.)</strong></span> <span class='ocrx_word' id='word_1_63' title='bbox 924 809 958 853; x_wconf 88' lang='lat'><strong>3,</strong></span> <span class='ocrx_word' id='word_1_64' title='bbox 975 821 1007 843; x_wconf 90' lang='lat' dir='ltr'><strong>c.</strong></span> 
     </span>
     <span class='ocr_line' id='line_1_11' title="bbox 258 866 1008 912; baseline -0.003 -10"><span class='ocrx_word' id='word_1_65' title='bbox 258 866 292 912; x_wconf 89' lang='lat'><strong>5,</strong></span> <span class='ocrx_word' id='word_1_66' title='bbox 310 880 341 901; x_wconf 91' lang='lat' dir='ltr'><strong>e.</strong></span> <span class='ocrx_word' id='word_1_67' title='bbox 358 868 410 901; x_wconf 87' lang='lat' dir='ltr'><strong>Ik.</strong></span> <span class='ocrx_word' id='word_1_68' title='bbox 428 868 460 903; x_wconf 91' lang='lat'><strong>1.</strong></span> <span class='ocrx_word' id='word_1_69' title='bbox 475 867 579 905; x_wconf 70' lang='lat' dir='ltr'><strong>Desa.</strong></span> <span class='ocrx_word' id='word_1_70' title='bbox 597 868 631 902; x_wconf 89' lang='lat'><strong>1.</strong></span> <span class='ocrx_word' id='word_1_71' title='bbox 646 867 745 901; x_wconf 87' lang='lat' dir='ltr'><strong>Mon.</strong></span> <span class='ocrx_word' id='word_1_72' title='bbox 761 867 796 902; x_wconf 88' lang='lat' dir='ltr'><strong>d.</strong></span> <span class='ocrx_word' id='word_1_73' title='bbox 812 867 839 901; x_wconf 83' lang='lat' dir='ltr'><strong>f.</strong></span> <span class='ocrx_word' id='word_1_74' title='bbox 856 878 891 912; x_wconf 86' lang='lat' dir='ltr'><strong>g.</strong></span> <span class='ocrx_word' id='word_1_75' title='bbox 913 866 1008 901; x_wconf 89' lang='lat' dir='ltr'><strong>Edd.</strong></span> 
     </span>
     <span class='ocr_line' id='line_1_12' title="bbox 257 922 1006 968; baseline -0.003 -9"><span class='ocrx_word' id='word_1_76' title='bbox 257 925 337 959; x_wconf 88' lang='lat' dir='ltr'><strong>Ald.</strong></span> <span class='ocrx_word' id='word_1_77' title='bbox 354 923 434 959; x_wconf 89' lang='lat'><strong>501.</strong></span> <span class='ocrx_word' id='word_1_78' title='bbox 456 924 541 968; x_wconf 90' lang='lat' dir='ltr'>(non</span> <span class='ocrx_word' id='word_1_79' title='bbox 554 923 632 968; x_wconf 89' lang='lat'>19.)</span> <span class='ocrx_word' id='word_1_80' title='bbox 652 923 775 958; x_wconf 85' lang='lat' dir='ltr'><strong>Lamb.</strong></span> <span class='ocrx_word' id='word_1_81' title='bbox 792 924 902 968; x_wconf 87' lang='lat' dir='ltr'><strong>Cruq.</strong></span> <span class='ocrx_word' id='word_1_82' title='bbox 919 922 1006 958; x_wconf 88' lang='lat' dir='ltr'><strong>Min.</strong></span> 
     </span>
     <span class='ocr_line' id='line_1_13' title="bbox 259 979 1009 1026; baseline -0.003 -10"><span class='ocrx_word' id='word_1_83' title='bbox 259 989 297 1016; x_wconf 88' lang='lat' dir='ltr'><strong>et</strong></span> <span class='ocrx_word' id='word_1_84' title='bbox 310 982 362 1016; x_wconf 85' lang='lat' dir='ltr'><strong>sic</strong></span> <span class='ocrx_word' id='word_1_85' title='bbox 376 981 448 1026; x_wconf 84' lang='lat' dir='ltr'><strong>legi</strong></span> <span class='ocrx_word' id='word_1_86' title='bbox 462 981 594 1015; x_wconf 80' lang='lat' dir='ltr'><strong>mavult</strong></span> <span class='ocrx_word' id='word_1_87' title='bbox 609 979 835 1015; x_wconf 81' lang='lat' dir='ltr'><strong>Torrentius.</strong></span> <span class='ocrx_word' id='word_1_88' title='bbox 855 981 909 1015; x_wconf 88' lang='lat' dir='ltr'><strong>De</strong></span> <span class='ocrx_word' id='word_1_89' title='bbox 925 991 1009 1014; x_wconf 89' lang='lat' dir='ltr'>con-</span> 
     </span>
     <span class='ocr_line' id='line_1_14' title="bbox 257 1036 1007 1076; baseline -0.004 -3"><span class='ocrx_word' id='word_1_90' title='bbox 257 1038 346 1073; x_wconf 80' lang='lat' dir='ltr'>fusis</span> <span class='ocrx_word' id='word_1_91' title='bbox 365 1050 401 1073; x_wconf 80' lang='lat' dir='ltr'><strong>v.</strong></span> <span class='ocrx_word' id='word_1_92' title='bbox 418 1039 478 1072; x_wconf 79' lang='lat' dir='ltr'><strong>ille</strong></span> <span class='ocrx_word' id='word_1_93' title='bbox 497 1041 536 1072; x_wconf 80' lang='lat' dir='ltr'><strong>et</strong></span> <span class='ocrx_word' id='word_1_94' title='bbox 552 1038 615 1072; x_wconf 83' lang='lat' dir='ltr'><strong>iste</strong></span> <span class='ocrx_word' id='word_1_95' title='bbox 638 1039 682 1072; x_wconf 88' lang='lat' dir='ltr'><strong>cf.</strong></span> <span class='ocrx_word' id='word_1_96' title='bbox 708 1037 812 1073; x_wconf 83' lang='lat' dir='ltr'><strong>Jahn.</strong></span> <span class='ocrx_word' id='word_1_97' title='bbox 837 1038 883 1072; x_wconf 82' lang='lat' dir='ltr'><strong>ad</strong></span> <span class='ocrx_word' id='word_1_98' title='bbox 899 1036 1007 1076; x_wconf 81' lang='lat' dir='ltr'>Ovid,</span> 
     </span>
     <span class='ocr_line' id='line_1_15' title="bbox 258 1092 1006 1140; baseline -0.005 -9"><span class='ocrx_word' id='word_1_99' title='bbox 258 1097 350 1131; x_wconf 82' lang='lat' dir='ltr'><strong>Met.</strong></span> <span class='ocrx_word' id='word_1_100' title='bbox 371 1096 407 1140; x_wconf 88' lang='lat'><strong>3,</strong></span> <span class='ocrx_word' id='word_1_101' title='bbox 425 1092 509 1131; x_wconf 87' lang='lat'><strong>463.</strong></span> <span class='ocrx_word' id='word_1_102' title='bbox 533 1114 581 1120; x_wconf 94' lang='lat'><strong>—</strong></span> <span class='ocrx_word' id='word_1_103' title='bbox 599 1096 716 1139; x_wconf 72' lang='lat' dir='ltr'><strong>Jocus.</strong></span> <span class='ocrx_word' id='word_1_104' title='bbox 750 1095 819 1128; x_wconf 90' lang='lat' dir='ltr'><strong>Ed.</strong></span> <span class='ocrx_word' id='word_1_105' title='bbox 842 1093 1006 1128; x_wconf 86' lang='lat' dir='ltr'><strong>Praedic.</strong></span> 
     </span>
    </p>
   </div>
   <div class='ocr_carea' id='block_1_6' title="bbox 1054 635 1806 1140">
    <p class='ocr_par' dir='ltr' id='par_1_6' title="bbox 1054 635 1806 1140">
     <span class='ocr_line' id='line_1_16' title="bbox 1055 635 1802 685; baseline 0.001 -12"><span class='ocrx_word' id='word_1_106' title='bbox 1055 644 1180 674; x_wconf 86' lang='lat' dir='ltr'><strong>contra</strong></span> <span class='ocrx_word' id='word_1_107' title='bbox 1194 638 1354 684; x_wconf 76' lang='lat' dir='ltr'><strong>disputat</strong></span> <span class='ocrx_word' id='word_1_108' title='bbox 1370 639 1461 675; x_wconf 67' lang='lat' dir='ltr'><strong>Fen.</strong></span> <span class='ocrx_word' id='word_1_109' title='bbox 1476 655 1532 666; x_wconf 90' lang='lat'>—</span> <span class='ocrx_word' id='word_1_110' title='bbox 1550 639 1597 674; x_wconf 85' lang='lat' dir='ltr'><strong>V.</strong></span> <span class='ocrx_word' id='word_1_111' title='bbox 1612 635 1671 674; x_wconf 80' lang='lat'><strong>48.</strong></span> <span class='ocrx_word' id='word_1_112' title='bbox 1690 650 1802 685; x_wconf 78' lang='lat' dir='ltr'><strong>gene-</strong></span> 
     </span>
     <span class='ocr_line' id='line_1_17' title="bbox 1054 695 1801 742; baseline -0.001 -12"><span class='ocrx_word' id='word_1_113' title='bbox 1054 701 1112 730; x_wconf 81' lang='lat' dir='ltr'><strong>rat</strong></span> <span class='ocrx_word' id='word_1_114' title='bbox 1133 696 1259 742; x_wconf 74' lang='lat' dir='ltr'><strong>trepid.</strong></span> <span class='ocrx_word' id='word_1_115' title='bbox 1291 696 1362 733; x_wconf 66' lang='grc' dir='ltr'><strong>ΜΒ.</strong></span> <span class='ocrx_word' id='word_1_116' title='bbox 1382 695 1446 730; x_wconf 78' lang='lat' dir='ltr'><strong>Fe.</strong></span> <span class='ocrx_word' id='word_1_117' title='bbox 1469 697 1503 740; x_wconf 92' lang='lat'><strong>1,</strong></span> <span class='ocrx_word' id='word_1_118' title='bbox 1523 696 1559 730; x_wconf 84' lang='lat' dir='ltr'><strong>d.</strong></span> <span class='ocrx_word' id='word_1_119' title='bbox 1590 700 1628 730; x_wconf 84' lang='lat' dir='ltr'><strong>et</strong></span> <span class='ocrx_word' id='word_1_120' title='bbox 1653 696 1801 730; x_wconf 82' lang='lat' dir='ltr'><strong>Santen.</strong></span> 
     </span>
     <span class='ocr_line' id='line_1_18' title="bbox 1054 751 1803 799; baseline 0 -12"><span class='ocrx_word' id='word_1_121' title='bbox 1054 753 1181 799; x_wconf 78' lang='lat' dir='ltr'><strong>genuit</strong></span> <span class='ocrx_word' id='word_1_122' title='bbox 1195 753 1370 798; x_wconf 72' lang='lat' dir='ltr'><strong>trepitum.</strong></span> <span class='ocrx_word' id='word_1_123' title='bbox 1391 751 1460 788; x_wconf 81' lang='lat' dir='ltr'><strong>Ms.</strong></span> <span class='ocrx_word' id='word_1_124' title='bbox 1475 753 1542 787; x_wconf 76' lang='lat' dir='ltr'><strong>Fe.</strong></span> <span class='ocrx_word' id='word_1_125' title='bbox 1559 754 1594 796; x_wconf 87' lang='lat'><strong>2,</strong></span> <span class='ocrx_word' id='word_1_126' title='bbox 1613 751 1639 787; x_wconf 90' lang='lat' dir='ltr'><strong>i.</strong></span> <span class='ocrx_word' id='word_1_127' title='bbox 1661 753 1756 797; x_wconf 85' lang='lat' dir='ltr'><strong>quod</strong></span> <span class='ocrx_word' id='word_1_128' title='bbox 1770 753 1803 787; x_wconf 81' lang='lat' dir='ltr'><strong>is</strong></span> 
     </span>
     <span class='ocr_line' id='line_1_19' title="bbox 1054 808 1803 855; baseline 0.003 -12"><span class='ocrx_word' id='word_1_129' title='bbox 1054 821 1121 855; x_wconf 88' lang='lat' dir='ltr'><strong>pro</strong></span> <span class='ocrx_word' id='word_1_130' title='bbox 1137 822 1173 845; x_wconf 84' lang='lat' dir='ltr'><strong>v.</strong></span> <span class='ocrx_word' id='word_1_131' title='bbox 1193 810 1376 855; x_wconf 76' lang='lat' dir='ltr'><strong><em>strepitum</em></strong></span> <span class='ocrx_word' id='word_1_132' title='bbox 1395 808 1504 855; x_wconf 85' lang='lat' dir='ltr'><strong>[quod</strong></span> <span class='ocrx_word' id='word_1_133' title='bbox 1517 809 1625 844; x_wconf 81' lang='lat' dir='ltr'><strong>estin</strong></span> <span class='ocrx_word' id='word_1_134' title='bbox 1639 808 1736 844; x_wconf 87' lang='lat' dir='ltr'><strong>Mon.</strong></span> <span class='ocrx_word' id='word_1_135' title='bbox 1753 810 1803 854; x_wconf 88' lang='lat' dir='ltr'><strong>e.]</strong></span> 
     </span>
     <span class='ocr_line' id='line_1_20' title="bbox 1055 866 1801 914; baseline 0 -14"><span class='ocrx_word' id='word_1_136' title='bbox 1055 878 1123 900; x_wconf 89' lang='lat' dir='ltr'><strong>non</strong></span> <span class='ocrx_word' id='word_1_137' title='bbox 1136 867 1225 901; x_wconf 86' lang='lat' dir='ltr'><strong>male</strong></span> <span class='ocrx_word' id='word_1_138' title='bbox 1237 866 1356 901; x_wconf 81' lang='lat' dir='ltr'><strong>habet.</strong></span> <span class='ocrx_word' id='word_1_139' title='bbox 1369 866 1544 912; x_wconf 70' lang='lat' dir='ltr'><strong>trepidum</strong></span> <span class='ocrx_word' id='word_1_140' title='bbox 1552 866 1692 914; x_wconf 76' lang='lat' dir='ltr'><strong>genuit.</strong></span> <span class='ocrx_word' id='word_1_141' title='bbox 1706 866 1801 901; x_wconf 84' lang='lat' dir='ltr'><strong>Edd.</strong></span> 
     </span>
     <span class='ocr_line' id='line_1_21' title="bbox 1056 922 1801 963; baseline -0.001 -5"><span class='ocrx_word' id='word_1_142' title='bbox 1056 924 1147 963; x_wconf 84' lang='lat' dir='ltr'><strong>Cun.</strong></span> <span class='ocrx_word' id='word_1_143' title='bbox 1174 924 1259 958; x_wconf 84' lang='lat' dir='ltr'><strong>San.</strong></span> <span class='ocrx_word' id='word_1_144' title='bbox 1285 924 1403 959; x_wconf 65' lang='grc' dir='ltr'><strong>Μαι-ν.</strong></span> <span class='ocrx_word' id='word_1_145' title='bbox 1422 922 1516 957; x_wconf 76' lang='lat' dir='ltr'><strong>Phil.</strong></span> <span class='ocrx_word' id='word_1_146' title='bbox 1542 922 1671 957; x_wconf 76' lang='lat' dir='ltr'><strong>Franc.</strong></span> <span class='ocrx_word' id='word_1_147' title='bbox 1693 922 1801 958; x_wconf 79' lang='lat' dir='ltr'><strong>Bask.</strong></span> 
     </span>
     <span class='ocr_line' id='line_1_22' title="bbox 1055 979 1803 1026; baseline -0.003 -10"><span class='ocrx_word' id='word_1_148' title='bbox 1055 982 1158 1025; x_wconf 89' lang='grc'><strong>(777,</strong></span> <span class='ocrx_word' id='word_1_149' title='bbox 1189 992 1258 1015; x_wconf 87' lang='lat' dir='ltr'><strong>non</strong></span> <span class='ocrx_word' id='word_1_150' title='bbox 1278 980 1378 1024; x_wconf 88' lang='lat'><strong>762.)</strong></span> <span class='ocrx_word' id='word_1_151' title='bbox 1402 979 1552 1025; x_wconf 84' lang='lat' dir='ltr'><strong>Dorigh.</strong></span> <span class='ocrx_word' id='word_1_152' title='bbox 1574 999 1623 1004; x_wconf 93' lang='lat'><strong>-—</strong></span> <span class='ocrx_word' id='word_1_153' title='bbox 1647 980 1803 1026; x_wconf 60' lang='lat' dir='ltr'><strong>tepidum</strong></span> 
     </span>
     <span class='ocr_line' id='line_1_23' title="bbox 1054 1035 1804 1083; baseline 0 -11"><span class='ocrx_word' id='word_1_154' title='bbox 1054 1043 1137 1074; x_wconf 73' lang='lat' dir='ltr'><strong>cert.</strong></span> <span class='ocrx_word' id='word_1_155' title='bbox 1167 1038 1237 1072; x_wconf 85' lang='lat' dir='ltr'><strong>Ed.</strong></span> <span class='ocrx_word' id='word_1_156' title='bbox 1265 1037 1380 1072; x_wconf 80' lang='lat' dir='ltr'><strong>chab.</strong></span> <span class='ocrx_word' id='word_1_157' title='bbox 1402 1037 1532 1083; x_wconf 75' lang='lat' dir='ltr'><strong>(atque</strong></span> <span class='ocrx_word' id='word_1_158' title='bbox 1553 1035 1646 1072; x_wconf 81' lang='lat' dir='ltr'><strong>haud</strong></span> <span class='ocrx_word' id='word_1_159' title='bbox 1666 1035 1740 1072; x_wconf 71' lang='grc' dir='ltr'><strong>ιάο</strong></span> <span class='ocrx_word' id='word_1_160' title='bbox 1758 1048 1804 1072; x_wconf 75' lang='lat' dir='ltr'><strong>an</strong></span> 
     </span>
     <span class='ocr_line' id='line_1_24' title="bbox 1054 1091 1806 1140; baseline 0.001 -12"><span class='ocrx_word' id='word_1_161' title='bbox 1054 1106 1098 1129; x_wconf 85' lang='lat' dir='ltr'><strong>ex</strong></span> <span class='ocrx_word' id='word_1_162' title='bbox 1117 1106 1240 1129; x_wconf 80' lang='lat' dir='ltr'><strong>errore</strong></span> <span class='ocrx_word' id='word_1_163' title='bbox 1258 1094 1502 1140; x_wconf 75' lang='lat' dir='ltr'><strong>typothetae).</strong></span> <span class='ocrx_word' id='word_1_164' title='bbox 1530 1112 1579 1120; x_wconf 93' lang='lat'><strong>--</strong></span> <span class='ocrx_word' id='word_1_165' title='bbox 1612 1094 1657 1128; x_wconf 86' lang='lat' dir='ltr'><strong>V.</strong></span> <span class='ocrx_word' id='word_1_166' title='bbox 1672 1091 1733 1129; x_wconf 82' lang='lat'><strong>49.</strong></span> <span class='ocrx_word' id='word_1_167' title='bbox 1760 1105 1806 1129; x_wconf 73' lang='lat' dir='ltr'><strong>ae</strong></span> 
     </span>
    </p>
   </div>
   <div class='ocr_carea' id='block_1_7' title="bbox 258 1150 1803 1197">
    <p class='ocr_par' dir='ltr' id='par_1_7' title="bbox 258 1150 1803 1197">
     <span class='ocr_line' id='line_1_25' title="bbox 258 1150 1803 1197; baseline 0 -9"><span class='ocrx_word' id='word_1_168' title='bbox 258 1155 311 1188; x_wconf 82' lang='lat' dir='ltr'><strong>ita</strong></span> <span class='ocrx_word' id='word_1_169' title='bbox 331 1159 369 1187; x_wconf 82' lang='lat' dir='ltr'><strong>et</strong></span> <span class='ocrx_word' id='word_1_170' title='bbox 397 1152 611 1197; x_wconf 76' lang='lat' dir='ltr'>Garganus,</span> <span class='ocrx_word' id='word_1_171' title='bbox 643 1157 684 1186; x_wconf 84' lang='lat' dir='ltr'><strong>ut</strong></span> <span class='ocrx_word' id='word_1_172' title='bbox 704 1152 876 1186; x_wconf 82' lang='lat' dir='ltr'><strong>observat</strong></span> <span class='ocrx_word' id='word_1_173' title='bbox 903 1150 1008 1185; x_wconf 85' lang='lat' dir='ltr'><strong>Orel—</strong></span> <span class='ocrx_word' id='word_1_174' title='bbox 1043 1152 1209 1197; x_wconf 75' lang='lat' dir='ltr'><strong><em>funebre.</em></strong></span> <span class='ocrx_word' id='word_1_175' title='bbox 1227 1151 1319 1186; x_wconf 85' lang='lat' dir='ltr'><strong>Edd.</strong></span> <span class='ocrx_word' id='word_1_176' title='bbox 1336 1152 1428 1186; x_wconf 88' lang='lat' dir='ltr'><strong>Cun.</strong></span> <span class='ocrx_word' id='word_1_177' title='bbox 1441 1152 1527 1186; x_wconf 81' lang='lat' dir='ltr'><strong>San.</strong></span> <span class='ocrx_word' id='word_1_178' title='bbox 1537 1150 1655 1186; x_wconf 75' lang='lat' dir='ltr'><strong>Merv,</strong></span> <span class='ocrx_word' id='word_1_179' title='bbox 1670 1151 1803 1188; x_wconf 73' lang='lat' dir='ltr'><strong>Franc.</strong></span> 
     </span>
    </p>
   </div>
   <div class='ocr_carea' id='block_1_8' title="bbox 258 1208 1007 1483">
    <p class='ocr_par' dir='ltr' id='par_1_8' title="bbox 258 1208 1007 1483">
     <span class='ocr_line' id='line_1_26' title="bbox 259 1208 1006 1246; baseline -0.004 -1"><span class='ocrx_word' id='word_1_180' title='bbox 259 1211 338 1246; x_wconf 81' lang='lat' dir='ltr'><strong>lius.</strong></span> <span class='ocrx_word' id='word_1_181' title='bbox 359 1229 406 1236; x_wconf 87' lang='lat'>—</span> <span class='ocrx_word' id='word_1_182' title='bbox 435 1222 476 1244; x_wconf 82' lang='lat' dir='ltr'><strong>ac</strong></span> <span class='ocrx_word' id='word_1_183' title='bbox 495 1209 640 1243; x_wconf 75' lang='lat' dir='ltr'><strong><em>diludia.</em></strong></span> <span class='ocrx_word' id='word_1_184' title='bbox 661 1208 757 1243; x_wconf 85' lang='lat' dir='ltr'><strong>Edd.</strong></span> <span class='ocrx_word' id='word_1_185' title='bbox 776 1209 867 1243; x_wconf 89' lang='lat' dir='ltr'><strong>Cun.</strong></span> <span class='ocrx_word' id='word_1_186' title='bbox 887 1209 1006 1243; x_wconf 78' lang='lat' dir='ltr'><strong>Merv.</strong></span> 
     </span>
     <span class='ocr_line' id='line_1_27' title="bbox 259 1265 1005 1303; baseline -0.007 0"><span class='ocrx_word' id='word_1_187' title='bbox 259 1266 462 1303; x_wconf 79' lang='lat' dir='ltr'><strong>etdeludia.</strong></span> <span class='ocrx_word' id='word_1_188' title='bbox 491 1266 561 1300; x_wconf 72' lang='lat' dir='ltr'><strong>Ms-</strong></span> <span class='ocrx_word' id='word_1_189' title='bbox 590 1277 647 1300; x_wconf 90' lang='lat' dir='ltr'><strong>un.</strong></span> <span class='ocrx_word' id='word_1_190' title='bbox 675 1266 753 1300; x_wconf 82' lang='lat' dir='ltr'><strong>val.</strong></span> <span class='ocrx_word' id='word_1_191' title='bbox 780 1266 875 1301; x_wconf 85' lang='lat' dir='ltr'><strong>Edd.</strong></span> <span class='ocrx_word' id='word_1_192' title='bbox 898 1265 1005 1299; x_wconf 84' lang='lat' dir='ltr'><strong>Bask.</strong></span> 
     </span>
     <span class='ocr_line' id='line_1_28' title="bbox 258 1323 1006 1369; baseline -0.004 -10"><span class='ocrx_word' id='word_1_193' title='bbox 258 1324 374 1367; x_wconf 84' lang='lat' dir='ltr'><strong>Sivr.‚</strong></span> <span class='ocrx_word' id='word_1_194' title='bbox 402 1323 605 1369; x_wconf 77' lang='lat' dir='ltr'><strong>approbant</strong></span> <span class='ocrx_word' id='word_1_195' title='bbox 627 1323 777 1357; x_wconf 83' lang='lat' dir='ltr'><strong>Vossius</strong></span> <span class='ocrx_word' id='word_1_196' title='bbox 801 1327 839 1357; x_wconf 83' lang='lat' dir='ltr'><strong>et</strong></span> <span class='ocrx_word' id='word_1_197' title='bbox 857 1323 1006 1357; x_wconf 79' lang='lat' dir='ltr'><strong>Salmas.</strong></span> 
     </span>
     <span class='ocr_line' id='line_1_29' title="bbox 258 1379 1007 1427; baseline -0.004 -11"><span class='ocrx_word' id='word_1_198' title='bbox 258 1380 563 1427; x_wconf 82' lang='lat' dir='ltr'><strong>(Exercitationes</strong></span> <span class='ocrx_word' id='word_1_199' title='bbox 574 1379 664 1415; x_wconf 89' lang='lat' dir='ltr'><strong>Plin.</strong></span> <span class='ocrx_word' id='word_1_200' title='bbox 676 1379 712 1414; x_wconf 87' lang='lat' dir='ltr'><strong>in</strong></span> <span class='ocrx_word' id='word_1_201' title='bbox 724 1380 836 1415; x_wconf 87' lang='lat' dir='ltr'><strong>Solin.</strong></span> <span class='ocrx_word' id='word_1_202' title='bbox 849 1392 885 1425; x_wconf 89' lang='lat' dir='ltr'><strong>p.</strong></span> <span class='ocrx_word' id='word_1_203' title='bbox 895 1380 1007 1423; x_wconf 77' lang='lat'><strong>302.)-</strong></span> 
     </span>
     <span class='ocr_line' id='line_1_30' title="bbox 260 1435 1007 1483; baseline -0.005 -9"><span class='ocrx_word' id='word_1_204' title='bbox 260 1451 300 1474; x_wconf 84' lang='lat' dir='ltr'><strong>ac</strong></span> <span class='ocrx_word' id='word_1_205' title='bbox 314 1438 467 1474; x_wconf 80' lang='lat' dir='ltr'><strong>deludia.</strong></span> <span class='ocrx_word' id='word_1_206' title='bbox 482 1436 577 1473; x_wconf 83' lang='lat' dir='ltr'><strong>Edd.</strong></span> <span class='ocrx_word' id='word_1_207' title='bbox 595 1438 681 1473; x_wconf 86' lang='lat' dir='ltr'><strong>San.</strong></span> <span class='ocrx_word' id='word_1_208' title='bbox 698 1437 825 1472; x_wconf 77' lang='lat' dir='ltr'><strong>Franc.</strong></span> <span class='ocrx_word' id='word_1_209' title='bbox 841 1435 1007 1483; x_wconf 84' lang='lat' dir='ltr'><strong>Dorigh.,</strong></span> 
     </span>
    </p>
   </div>
   <div class='ocr_carea' id='block_1_9' title="bbox 1051 1207 1835 1482">
    <p class='ocr_par' dir='ltr' id='par_1_9' title="bbox 1051 1207 1835 1482">
     <span class='ocr_line' id='line_1_31' title="bbox 1053 1207 1798 1253; baseline 0.001 -12"><span class='ocrx_word' id='word_1_210' title='bbox 1053 1208 1161 1242; x_wconf 77' lang='lat' dir='ltr'><strong>Bask.</strong></span> <span class='ocrx_word' id='word_1_211' title='bbox 1172 1209 1270 1253; x_wconf 88' lang='grc'><strong>(777,</strong></span> <span class='ocrx_word' id='word_1_212' title='bbox 1285 1220 1355 1242; x_wconf 91' lang='lat' dir='ltr'><strong>non</strong></span> <span class='ocrx_word' id='word_1_213' title='bbox 1366 1209 1464 1252; x_wconf 89' lang='lat'><strong>762.)</strong></span> <span class='ocrx_word' id='word_1_214' title='bbox 1476 1207 1574 1242; x_wconf 81' lang='lat' dir='ltr'><strong>Sivr.</strong></span> <span class='ocrx_word' id='word_1_215' title='bbox 1585 1207 1738 1253; x_wconf 85' lang='lat' dir='ltr'><strong>Dorigh.</strong></span> <span class='ocrx_word' id='word_1_216' title='bbox 1750 1226 1798 1234; x_wconf 94' lang='lat'>—</span> 
     </span>
     <span class='ocr_line' id='line_1_32' title="bbox 1053 1260 1804 1309; baseline -0.001 -10"><span class='ocrx_word' id='word_1_217' title='bbox 1053 1265 1247 1309; x_wconf 79' lang='lat' dir='ltr'><strong>bellumque</strong></span> <span class='ocrx_word' id='word_1_218' title='bbox 1259 1266 1417 1302; x_wconf 64' lang='lat' dir='ltr'><strong>funebre.</strong></span> <span class='ocrx_word' id='word_1_219' title='bbox 1438 1264 1508 1299; x_wconf 80' lang='lat' dir='ltr'><strong>Ed.</strong></span> <span class='ocrx_word' id='word_1_220' title='bbox 1524 1260 1709 1300; x_wconf 75' lang='lat' dir='ltr'><strong>Ven.481.</strong></span> <span class='ocrx_word' id='word_1_221' title='bbox 1730 1265 1804 1298; x_wconf 82' lang='lat' dir='ltr'><strong>Ce-</strong></span> 
     </span>
     <span class='ocr_line' id='line_1_33' title="bbox 1052 1318 1802 1366; baseline -0.004 -10"><span class='ocrx_word' id='word_1_222' title='bbox 1052 1326 1167 1356; x_wconf 84' lang='lat' dir='ltr'><strong>terum</strong></span> <span class='ocrx_word' id='word_1_223' title='bbox 1181 1333 1215 1356; x_wconf 78' lang='lat' dir='ltr'><strong>v,</strong></span> <span class='ocrx_word' id='word_1_224' title='bbox 1226 1318 1272 1356; x_wconf 88' lang='lat'><strong>48</strong></span> <span class='ocrx_word' id='word_1_225' title='bbox 1284 1327 1322 1355; x_wconf 79' lang='lat' dir='ltr'><strong>et</strong></span> <span class='ocrx_word' id='word_1_226' title='bbox 1330 1319 1389 1356; x_wconf 85' lang='lat'><strong>49.</strong></span> <span class='ocrx_word' id='word_1_227' title='bbox 1405 1321 1503 1356; x_wconf 84' lang='lat' dir='ltr'><strong>delet</strong></span> <span class='ocrx_word' id='word_1_228' title='bbox 1513 1322 1690 1366; x_wconf 78' lang='lat' dir='ltr'><strong>Guyetus.</strong></span> <span class='ocrx_word' id='word_1_229' title='bbox 1704 1321 1802 1356; x_wconf 80' lang='lat' dir='ltr'><strong>Hine</strong></span> 
     </span>
     <span class='ocr_line' id='line_1_34' title="bbox 1051 1376 1835 1424; baseline 0 -12"><span class='ocrx_word' id='word_1_230' title='bbox 1051 1379 1090 1414; x_wconf 88' lang='lat' dir='ltr'><strong>in</strong></span> <span class='ocrx_word' id='word_1_231' title='bbox 1112 1378 1190 1413; x_wconf 85' lang='lat' dir='ltr'><strong>cod.</strong></span> <span class='ocrx_word' id='word_1_232' title='bbox 1229 1379 1335 1414; x_wconf 84' lang='lat' dir='ltr'><strong>Dess.</strong></span> <span class='ocrx_word' id='word_1_233' title='bbox 1362 1380 1396 1417; x_wconf 88' lang='lat'><strong>1.</strong></span> <span class='ocrx_word' id='word_1_234' title='bbox 1425 1388 1537 1424; x_wconf 80' lang='lat' dir='ltr'><strong>usque</strong></span> <span class='ocrx_word' id='word_1_235' title='bbox 1565 1377 1611 1412; x_wconf 80' lang='lat' dir='ltr'><strong>ad</strong></span> <span class='ocrx_word' id='word_1_236' title='bbox 1631 1379 1721 1423; x_wconf 63' lang='lat'>252,-</span> <span class='ocrx_word' id='word_1_237' title='bbox 1741 1376 1801 1414; x_wconf 88' lang='lat'><strong>65.</strong></span> <span class='ocrx_word' id='word_1_238' title='bbox 1833 1395 1835 1397; x_wconf 97' lang='lat'>·</span> 
     </span>
     <span class='ocr_line' id='line_1_35' title="bbox 1052 1434 1656 1482; baseline 0 -12"><span class='ocrx_word' id='word_1_239' title='bbox 1052 1436 1177 1472; x_wconf 80' lang='lat' dir='ltr'><strong>lacuna</strong></span> <span class='ocrx_word' id='word_1_240' title='bbox 1196 1439 1271 1481; x_wconf 84' lang='lat' dir='ltr'><strong>est,</strong></span> <span class='ocrx_word' id='word_1_241' title='bbox 1294 1436 1389 1482; x_wconf 83' lang='lat' dir='ltr'>quod</span> <span class='ocrx_word' id='word_1_242' title='bbox 1407 1435 1515 1471; x_wconf 84' lang='lat' dir='ltr'><strong>semel</strong></span> <span class='ocrx_word' id='word_1_243' title='bbox 1527 1434 1656 1470; x_wconf 78' lang='lat' dir='ltr'><strong>indico.</strong></span> 
     </span>
    </p>
   </div>
   <div class='ocr_carea' id='block_1_10' title="bbox 1871 762 1910 2838">
    <p class='ocr_par' dir='ltr' id='par_1_10' title="bbox 1871 762 1910 2838">
     <span class='ocr_line' id='line_1_36' title="bbox 1871 762 1910 2838; baseline 0 0"><span class='ocrx_word' id='word_1_244' title='bbox 1871 762 1910 2838; x_wconf 95' lang='lat' dir='ltr'><strong> </strong></span> 
     </span>
    </p>
   </div>
  </div>
 </body>
</html>
