1910 3138
249 193 333 237 280

814 191 1204 233 HORATll

1701 194 1788 242 189

317 323 417 368 Hae
454 321 647 367 latebrae
683 318 858 380 dulces,
893 321 1050 379 etiam,
1085 321 1124 365 si
1157 318 1324 381 eredis,¹
1358 333 1569 366 amoenae
1698 321 1784 366 ‚15

317 402 580 447 Incolumem
609 399 685 445 tibi
717 412 787 444 me
820 402 1052 459 praestant.
1077 397 1399 460 Septembribus
1431 399 1566 444 horis.
1609 395 1611 397 ’

319 483 391 526 Τιι
426 484 545 523 reete
579 480 715 539 vivis,
752 480 789 524 si
822 493 949 524 curas
969 492 1082 524 esse
1116 479 1229 538 quod
1261 479 1404 524 audis.

315 561 540 604 ,laetamus
569 563 661 617 jam
695 558 862 619 pridem
902 559 1037 603 omnis
1071 561 1116 603 te
1150 558 1294 603 Roma
1327 559 1521 616 beatum3
1561 614 1563 616 Ι

316 638 411 686 Sed
443 651 628 699 vereor,
663 652 719 683 ne
755 640 824 683 cui
857 637 912 683 de
946 641 990 683 te
1024 639 1120 698 plus
1157 652 1283 697 quam
1316 639 1390 684 tibi
1423 629 1596 698 ereda,

314 720 442 764 Neve
477 720 604 778 putes
638 719 770 763 alium
804 719 999 778 sapiente
1031 717 1229 776 bonoque
1262 717 1450 778 beatum,
1729 722 1787 765 20

313 799 440 858 Neu,
476 799 513 841 si
548 800 592 841 te
626 799 812 858 populus
846 812 999 842 sanum
1032 800 1237 856 reeteque
1270 796 1488 849 valentem

246 925 315 960 Sil.
342 923 406 969 15,
428 924 510 960 362.
543 923 577 958 J.
600 924 762 957 Gronov.
787 923 832 957 ad
856 922 937 957 Liv.
958 923 993 967 9,

245 984 280 1027 9,
303 984 336 1018 1.
359 982 461 1016 Cort.
482 981 527 1015 ad
547 980 680 1014 Lucan.
703 981 741 1023 1,
763 980 842 1016 225.
872 984 994 1015 annot.

246 1041 292 1075 ad
313 1042 347 1083 1,
370 1040 428 1074 21.
448 1050 483 1084 p.
503 1034 560 1073 45.
587 1037 779 1082 Receptam
800 1037 872 1071 def.
890 1049 995 1082 prae-

245 1105 302 1132 ter
321 1097 441 1131 Schm.
458 1101 496 1130 et
512 1094 628 1129 Orell.
646 1095 689 1128 ad
707 1093 742 1132 h,
760 1094 784 1128 1.
800 1095 912 1129 Bach.
929 1095 952 1129 l.
969 1094 992 1128 l.

245 1168 281 1200 p.
302 1150 407 1189 1042.
428 1153 492 1188 Sic
511 1152 595 1186 Juv.
618 1149 676 1194 14,
695 1151 752 1186 71.
775 1151 870 1185 utilis
883 1151 994 1197 agris,

249 1211 351 1246 Utilis
376 1216 410 1245 et
439 1229 489 1236 —
521 1227 567 1233 —
600 1209 703 1243 rebus
729 1207 908 1253 gerendis.
939 1227 996 1234 -—-

245 1268 338 1303 utilis
359 1278 455 1301 arvo.
475 1266 547 1301 Ms.
568 1277 627 1311 ap.
649 1264 772 1306 Talb„
791 1263 883 1298 unde
904 1275 995 1299 sum-

245 1325 361 1371 psisse
380 1323 524 1358 videtur
541 1323 652 1357 Jones
674 1319 711 1355 in
733 1325 881 1356 extrem.
910 1322 994 1356 libr.

245 1395 282 1428 p.
301 1377 361 1416 34.

301 1439 348 1473 V.
367 1436 422 1472 15.
442 1437 526 1472 Hec.
546 1436 616 1471 Me.
637 1434 736 1469 Mon.
751 1446 787 1479 g.
805 1454 860 1462 -·
874 1434 992 1478 etiam,

245 1496 274 1530 si
290 1496 397 1538 cred„
414 1506 483 1529 am.
503 1492 598 1527 Edd.
617 1491 714 1536 vulg.
735 1492 800 1536 ita,
822 1496 861 1526 ut
879 1493 993 1526 verba

243 1553 273 1587 si
290 1552 403 1587 credis
420 1551 480 1586 vel
500 1548 710 1596 parenthesi
731 1549 790 1583 vel
812 1548 993 1583 commatis

244 1608 438 1643 includant.
458 1607 609 1642 Bothius
630 1606 702 1640 sic:
722 1607 839 1640 dulces
859 1605 992 1650 (etiam,

244 1666 273 1701 si
286 1677 334 1699 cr.
357 1664 573 1709 am.)1ncol.
601 1664 703 1697 Hanc
722 1663 866 1697 εει-..ἢκ
887 1663 995 1697 Cleri-

243 1734 304 1756 cus
319 1733 460 1768 quoque
474 1725 596 1755 tuetur
610 1720 646 1754 in
662 1720 821 1754 Seebod.
838 1724 876 1754 et
889 1720 994 1754 Frie-

244 1779 335 1812 dem.
368 1778 567 1813 Miscellan.
598 1777 695 1812 critt.
725 1778 830 1812 1822.
860 1777 928 1811 ΙΙΙ.
954 1788 992 1822 p.

243 1832 325 1870 544.
356 1840 390 1869 et
412 1836 442 1869 si
452 1836 546 1878 jam.
571 1834 641 1868 Ms.
662 1834 729 1868 Fe.
751 1835 787 1878 7,
808 1835 845 1868 b.
869 1835 993 1878 etjam

244 1892 283 1926 si.
311 1891 381 1926 Ms.
402 1892 469 1925 Fe.
494 1892 536 1934 1,
564 1902 597 1924 z.
630 1901 714 1924 mss.
746 1895 786 1924 ut
809 1888 883 1924 vid.
913 1902 992 1924 exc.

243 1960 313 1983 uno
336 1949 407 1993 (D)
428 1960 486 1993 ap.
508 1947 633 1980 Comb.
655 1958 746 1980 omn.
767 1950 807 1980 ut
830 1946 905 1985 vid,
933 1958 991 1992 ap.

244 2006 300 2040 Ik.
333 2005 432 2039 Pott.
461 2003 588 2038 Oberl.
615 2004 814 2048 (quatenus
843 2003 888 2036 de
918 2003 992 2036 suis

243 2066 386 2106 tacent,
407 2073 478 2096 non
496 2060 608 2104 Bad.,
629 2061 728 2104 cujus
747 2071 811 2093 ms.
835 2060 868 2093 1.
888 2058 992 2093 etiam

244 2119 372 2163 habet)
392 2118 478 2164 aliq.
498 2117 661 2153 Ambros.
689 2121 727 2150 et
753 2115 875 2150 Guelf.
898 2116 930 2150 2.
961 2121 993 2149 et

244 2178 337 2220 (ῐαηι
365 2176 395 2210 εἰ
418 2174 559 2219 credis).
598 2174 670 2208 Ed.
694 2172 811 2206 Bentl.
836 2184 880 2206 ex
909 2183 992 2206 con—

241 2235 374 2279 jectur.
408 2232 455 2277 [i.
475 2244 506 2266 e.
535 2231 602 2276 „si
617 2231 691 2276 jam
710 2229 849 2274 eredis,
871 2229 992 2263 dulces

245 2303 325 2326 esse
350 2294 387 2324 et
407 2300 586 2332 amoenas,
613 2292 801 2334 postquam
823 2285 924 2329 seih,
953 2290 993 2320 ut

245 2346 424 2393 pollicitus
445 2357 532 2390 sum,
555 2345 738 2391 descripta
758 2349 815 2378 est
833 2343 901 2377 tibi
918 2343 993 2377 for-

244 2407 324 2439 ma“
346 2404 452 2449 etc.],
482 2414 582 2449 quem
604 2413 679 2448 seq.
702 2412 863 2446 anonym.
886 2400 990 2445 Traj-

245 2462 290 2496 ad
323 2461 435 2495 Rhen.
462 2461 561 2494 Batt.
588 2459 739 2494 Haberf.
767 2457 925 2493 Meinek.
955 2461 993 2490 et

244 2518 332 2564 ipsis
348 2516 470 2552 verbis
490 2517 670 2563 approbat
687 2515 835 2550 Baxter.
858 2515 991 2558 etjam,

1040 923 1236 957 Duncomb.
1255 922 1303 956 11.
1324 934 1362 968 p.
1383 923 1466 959 602.
1497 922 1607 968 [„hae
1626 923 1786 963 latebrae

1040 985 1122 1014 sunt
1154 991 1322 1014 amoenae
1354 979 1420 1014 hac
1451 974 1686 1027 tempestato,
1724 983 1787 1018 vel

1040 1041 1224 1072 auctumno
1237 1063 1246 1080 ‚
1267 1036 1326 1070 vel
1346 1035 1424 1082 ipsa
1442 1036 1610 1083 hieme.“]
1633 1038 1786 1074 Generi

1039 1093 1374 1140 interpretationem
1401 1093 1544 1129 latinam
1573 1106 1655 1130 ense
1685 1100 1787 1132 reete

1039 1157 1148 1196 negat
1175 1151 1261 1185 Fea.
1304 1151 1359 1185 Ab
1379 1150 1440 1185 illa
1458 1163 1530 1186 ser.
1549 1163 1619 1187 non
1638 1163 1787 1198 prorsus

1041 1209 1211 1243 abhorret
1229 1208 1293 1241 Fr.
1312 1208 1520 1252 Jacobsius‚
1550 1220 1655 1255 quum
1671 1210 1787 1246 Grae-

1041 1277 1160 1300 corum
1186 1263 1379 1298 dictionem
1403 1259 1536 1309 ᾔδη’ὃὲ
1556 1264 1619 1299 καὶ
1648 1277 1789 1312 compa-

1039 1327 1110 1357 rat.
1138 1321 1353 1366 Doeringius
1372 1322 1628 1366 conjecturamx
1646 1327 1680 1358 et
1698 1329 1786 1368 tam,

1040 1380 1070 1415 oi
1085 1379 1206 1422 credi-⁸,
1227 1390 1310 1422 am„
1329 1378 1459 1423 rejecit
1474 1378 1554 1424 ipse
1569 1379 1606 1415 in
1619 1379 1684 1415 ed.
1702 1380 1786 1415 min.

1041 1436 1223 1471 Vocabula
1243 1440 1360 1470 autem
1384 1435 1491 1470 etiam
1508 1440 1547 1470 et
1564 1442 1599 1471 et
1609 1437 1692 1480 jam
1710 1438 1788 1472 fere

1038 1493 1171 1540 ubique
1186 1497 1248 1527 aut
1264 1492 1409 1527 diducta
1421 1496 1483 1527 aut
1502 1497 1686 1530 eontracta
1705 1505 1787 1529 eoae

1039 1551 1170 1586 docent
1197 1549 1316 1585 Schm.
1345 1548 1390 1584 ad
1418 1549 1455 1590 h.
1474 1549 1500 1583 l.
1528 1549 1649 1587 Banu.
1668 1551 1722 1588 ad
1749 1551 1786 1595 7,

1038 1606 1097 1644 75.
1119 1607 1221 1642 Cort.
1243 1607 1289 1641 ad
1308 1606 1395 1641 Sall.
1413 1606 1494 1643 Cat.
1515 1604 1575 1651 52,
1593 1606 1653 1644 25.
1670 1607 1783 1644 Dmk.

1039 1663 1244 1710 adL1v1
1262 1659 1787 1707 4792459101211111
1858 1631 1862 1638 ⁸

1038 1721 1142 1767 Virg.
1157 1721 1245 1756 Aen.
1263 1722 1321 1765 11,
1333 1717 1417 1767 374.
1437 1719 1599 1767 interpp.
1616 1721 1661 1756 ad
1673 1722 1788 1764 Quin-

1036 1779 1092 1814 til.
1114 1779 1204 1813 Inst.
1225 1780 1258 1821 2,
1279 1778 1314 1821 7,
1336 1777 1372 1813 3.

1093 1835 1475 1871 V.16.1ncolomem
1504 1832 1576 1875 Ms,
1607 1806 1719 1871 Palm.
1750 1836 1786 1874 1.

1037 1894 1174 1928 Bersm.
1200 1881 1283 1926 duo.
1308 1883 1414 1925 Dess.
1436 1889 1472 1925 3.
1505 1891 1618 1927 Goth.
1648 1892 1788 1929 Incolu-

1037 1962 1129 1984 men.
1149 1948 1220 1983 Με.
1243 1947 1358 1983 Orell.
1379 1948 1416 1981 b.
1439 1947 1542 1982 Gott.
1567 1949 1600 1983 1.
1620 1947 1786 1985 Ambru-

1037 2007 1081 2042 D.
1114 2005 1228 2041 Paris.
1255 2006 1299 2039 A.
1330 2005 1454 2048 (Pott.
1476 2004 1536 2048 1.)
1569 2004 1664 2040 Edd.
1693 2006 1786 2043 ven.

1037 2059 1119 2098 481.
1141 2061 1220 2096 520.
1242 2058 1301 2096 49.
1329 2060 1414 2096 Asc.
1435 2058 1518 2095 511.
1539 2061 1596 2097 28.
1623 2061 1728 2097 Jahu.
1751 2063 1785 2102 1.

1037 2119 1195 2153 Meinek.
1214 2119 1340 2155 Amat,
1352 2115 1472 2162 (Paris
1487 2116 1587 2162 838).
1605 2137 1662 2144 -
1675 2119 1787 2155 ιηωι.
1855 2103 1875 2167 [7

1037 2175 1099 2209 tibi
1109 2187 1166 2221 pr.
1187 2186 1250 2208 me.
1272 2174 1344 2211 Ms.
1366 2172 1488 2207 Guelf.
1509 2174 1542 2210 l.
1567 2175 1641 2208 Ine.
1654 2186 1713 2221 pr.
1727 2171 1790 2210 fibi

1037 2243 1103 2266 me.
1124 2231 1195 2266 Ms.
1213 2231 1321 2264 Bern.
1346 2230 1391 2264 F.
1416 2248 1473 2255 ——
1498 2236 1690 2275 praestent.
1713 2231 1786 2267 Mu.

1037 2289 1103 2322 Fe.
1128 2290 1159 2330 1,
1181 2287 1207 2322 i.
1228 2287 1282 2321 Ik.
1299 2285 1334 2321 5.
1357 2285 1478 2320 Guelf.
1500 2287 1534 2321 2.
1558 2285 1722 2322 BermB.
1737 2288 1784 2323 D.

1038 2346 1086 2379 G.
1107 2344 1201 2379 Edd.
1223 2343 1314 2378 cun.
1334 2342 1495 2377 Francis.
1514 2361 1571 2369 -
1597 2343 1716 2380 v.1⁷.
1735 2345 1787 2379 va-
1856 2320 1860 2325 ἶ

1037 2402 1105 2439 viu
1125 2401 1172 2435 sie
1187 2413 1260 2436 eur.
1276 2400 1346 2434 Ed.
1362 2399 1578 2434 Praedicov.
1593 2392 1710 2436 '—·V.
1727 2402 1786 2444 13.

1037 2458 1226 2498 Jactemus.
1261 2457 1330 2492 Ms.
1360 2456 1474 2496 Qrell.
1508 2457 1546 2492 d.
1582 2457 1787 2494 Laetamur.

1037 2514 1126 2549 Bad.
1149 2516 1180 2548 1.
1210 2515 1412 2548 Jactamur.
1430 2514 1483 2550 Ik.
1499 2512 1534 2549 5.
1555 2513 1637 2566 qu
1648 2514 1787 2561 pridem

245 2575 274 2608 si
293 2575 422 2618 credis,
447 2586 517 2608 am.
547 2574 617 2608 Ed.
635 2574 748 2607 Gesn.
771 2571 818 2616 [i.
839 2583 871 2605 e.
900 2571 993 2615 „hoc
1029 2573 1121 2616 ἄεισι.
1146 2576 1191 2606 te.
1221 2571 1293 2605 Ed.
1319 2570 1464 2606 Cadom.
1501 2571 1595 2604 Jact.
1621 2582 1686 2606 noe
1698 2571 1782 2615 jn·

244 2631 324 2676 ipso
344 2636 525 2676 tempore,
548 2641 615 2676 quo
637 2629 757 2664 scribo
770 2655 780 2673 ,
801 2629 915 2662 debeo
930 2638 993 2661 va-

246 2687 435 2722 letudinem
474 2687 591 2732 agello
633 2699 732 2730 meo,
778 2687 993 2731 tempestate

248 2743 335 2776 alias
355 2743 619 2788 gravissima“],
645 2754 746 2790 quem
764 2754 842 2788 seq.
866 2741 993 2777 Oberl.

248 2799 372 2833 Comb.
398 2801 510 2835 Zeun.
549 2801 667 2836 WVetz.
703 2799 790 2834 Bad.
825 2798 992 2834 Praedic.

247 2855 300 2889 lk.
329 2855 428 2890 Pott.
463 2858 587 2902 Camp.
615 2858 724 2892 Doer.
746 2856 837 2891 Zell.
858 2855 992 2902 Charp.

249 2910 386 2954 Aman,
420 2914 598 2957 approbat
629 2913 901 2957 Meadowcourt
933 2924 992 2958 ap.

1036 2628 1128 2674 prid.
1147 2633 1182 2662 te
1202 2627 1311 2662 omnis
1330 2633 1400 2662 etc.
1430 2627 1500 2661 Ms.
1520 2626 1619 2661 Mon.
1638 2638 1672 2662 e.
1687 2626 1782 2673 prd-

1040 2684 1173 2719 am’mio.
1203 2684 1302 2719 Mon.
1325 2684 1350 2718 l.
1379 2703 1435 2710 —-
1465 2684 1510 2717 V.
1531 2683 1590 2718 19.
1620 2694 1666 2718 ne
1687 2683 1731 2718 de
1746 2686 1784 2718 te

1039 2741 1096 2776 cui
1104 2742 1185 2786 plus
1198 2746 1249 2776 tu.
1267 2741 1365 2775 Mon.
1377 2753 1410 2775 e.
1426 2759 1482 2773 —.
1496 2740 1542 2773 V.
1553 2740 1609 2774 20.
1627 2739 1780 2774 beatum.

1038 2798 1192 2843 Propter
1219 2798 1287 2832 hoc
1315 2797 1459 2832 verbum
1492 2795 1614 2829 laudat
1633 2805 1668 2828 v.
1688 2793 1781 2830 cha-

1037 2853 1144 2889 risius
1178 2855 1241 2889 lib.
1270 2851 1307 2889 4.
1347 2866 1384 2900 p.
1417 2851 1496 2888 159.
1529 2851 1690 2886 Lindem.
1725 2869 1774 2877 —

1038 2912 1082 2946 V.
1101 2913 1157 2948 21.
1180 2912 1252 2946 Seu
1270 2910 1311 2945 ei.
1340 2910 1438 2944 Mon.
1457 2907 1492 2941 b.
1520 2906 1603 2942 Non
1618 2907 1660 2941 ei.
1678 2906 1778 2942 Mon.

1875 2564 1881 2573 ι
1892 2555 1910 2565 ³

1862 2599 1863 2602 ,
1874 2583 1895 2615 l'j
