1910 3138
0 0 38 75 f

0 94 14 143 ζ,

101 178 158 223 88
206 178 487 221 comNT.
508 178 564 219 ΙΝ
580 178 708 219 HOR.
730 178 830 219 Lm.
844 178 875 216 1.
909 177 1068 217 EPIST.
1087 175 1494 216 DUODEVIcRsm.
1539 174 1622 216 4³1

102 304 215 345 qnam
238 292 334 332 sinit
354 296 396 331 et
419 297 606 344 perpetuo
639 293 795 331 vexat-‘⁸
821 332 823 334 ,
846 292 910 330 Sic
934 291 1072 329 rectius
1105 289 1280 328 Orellius
1304 301 1417 341 qnam
1452 289 1628 327 Doerin-

101 361 217 411 giam:
242 359 384 410 „quin,
413 361 479 410 qui
504 360 631 398 divitis
659 360 808 412 patroni
835 364 991 397 venatur
1013 360 1194 409 gratian,
1222 358 1435 409 importuno
1456 360 1628 408 tenpore

100 426 267 467 habendi
294 428 534 479 cupiditatem
555 429 770 467 ostendit.“
818 430 982 467 Sinistre
1010 429 1067 466 hic
1095 427 1209 464 sentit
1235 424 1350 462 Lollii
1384 424 1628 475 rapacitatem

103 493 310 532 Ztnckius.
362 495 442 533 Sed
478 495 649 534 similiter
677 498 893 548 pauperies
923 499 1151 547 importuna
1187 492 1263 534 Od.
1290 491 1333 540 3,
1362 493 1431 542 16,
1457 491 1528 532 37.
1565 491 1628 530 ubi

101 563 188 601 vide
217 562 579 600 Mitoeherlichium
606 571 644 603 et
671 565 719 603 de
747 565 933 614 Adjectivi
958 565 1129 615 positura
1156 573 1243 598 aun.
1271 559 1320 596 ad
1353 561 1420 609 17,
1447 556 1515 600 54.
1568 559 1630 597 Ad

100 629 376 668 similitudinum
394 631 538 670 faciunt
565 632 647 670 Cic.
674 633 798 684 Epist.
827 633 876 670 ad
903 633 978 677 Qu.
1008 632 1072 671 Fr.
1091 630 1134 679 3,
1163 629 1202 669 5·
1231 641 1304 664 nec
1330 626 1495 663 honores·
1520 627 1628 672 dliv,

101 709 174 734 n«.-
199 696 376 735 desidero
398 698 588 749 gloriam.
638 700 696 740 ld.
727 702 775 739 de
805 701 874 738 Or.
896 701 938 747 3,
959 700 1029 748 20,
1057 697 1123 738 75.
1166 694 1347 732 Paulum
1368 696 1503 732 sitiens
1530 695 1629 731 ista-

100 778 193 803 rum
219 766 383 803 artium.
438 767 574 805 Claud.
603 769 652 806 de
679 768 802 807 Laud.
833 768 915 807 Stil.
944 770 991 816 2,
1023 766 1114 807 112.
1170 763 1274 801 Pllw
1308 763 1445 800 Salen-5
1474 761 1631 813 patuli-¹

101 833 273 871 matur
287 833 488 884 saucibus
514 849 674 875 aarum.
718 838 763 874 Δ.
789 836 888 877 Gell.
910 837 977 884 12,
997 837 1035 876 2.
1077 833 1274 870 hominem
1294 843 1466 868 avarum
1490 836 1527 866 et
1544 831 1631 867 avi·

101 900 200 938 dum
228 907 266 938 et
282 903 480 951 pecuniae
498 903 703 942 sitientem.
745 904 860 943 Conf.
881 902 1007 941 Liibk.
1027 901 1076 939 ad
1094 902 1136 951 2,
1157 903 1197 948 2,
1220 900 1273 940 13
1291 921 1348 928 —
1367 900 1432 939 16.
1459 898 1629 936 Schmid-

101 968 151 1006 δᾶ
174 967 303 1020 Epist·
334 970 383 1015 2,
412 972 457 1016 2,
491 970 583 1012 146.
610 970 736 1009 Peter.
767 972 816 1009 ad
843 971 924 1011 Cic.
952 971 1061 1008 Brut.
1084 968 1127 1018 4,
1159 971 1223 1010 16.
1265 968 1331 1006 Sic
1355 972 1396 1006 et
1425 966 1564 1004 Graeci
1589 970 1630 1005 ut

101 1035 275 1087 Xenoph.
300 1036 441 1089 Cyrop.
467 1037 510 1087 4,
538 1041 579 1087 6,
611 1041 677 1080 15.
719 1038 897 1076 Aeschin.
923 1036 1023 1074 Dial.
1051 1036 1093 1085 3,
1121 1035 1159 1076 5.
1198 1035 1341 1085 Evang.
1366 1034 1499 1075 matth.
1527 1034 1568 1083 5,
1589 1035 1630 1074 6.

102 1103 158 1144 ib.
183 1102 361 1143 Kuinoel.
380 1127 436 1134 —
454 1107 678 1158 samque.
723 1107 780 1144 lta
807 1106 885 1143 Od.
910 1106 1040 1154 336,
1063 1105 1129 1145 18.
1172 1104 1459 1154 Major-umque
1475 1101 1629 1153 sames.

102 1171 210 1222 Virg.
238 1172 335 1211 Aen.
360 1173 404 1223 3,
428 1174 496 1214 57.
524 1174 594 1225 (ib.
630 1173 806 1225 Forbig.)
843 1173 953 1210 Auri
976 1185 1094 1209 sacra
1118 1171 1264 1222 sames.
1316 1170 1429 1208 Conf-
1457 1169 1630 1207 Sehwab.

18 1263 19 1266 =
101 1239 154 1277 ad
173 1238 337 1282 Phaedr.
369 1243 408 1289 1,
440 1243 509 1291 27,
537 1244 579 1283 5.
604 1264 661 1270 —
688 1242 737 1278 V.
765 1242 833 1282 24.
880 1241 1005 1290 Quem
1033 1261 1090 1268 —-
1101 1238 1229 1290 fuga.
1279 1238 1384 1276 Haec
1409 1237 1526 1275 verba
1546 1237 1630 1288 ple-

100 1307 208 1357 rique
236 1321 306 1359 pro
332 1303 594 1360 explanatione
622 1315 736 1360 atque
761 1309 1048 1361 amplificatione
1076 1307 1286 1346 sententiae
1304 1310 1392 1344 ante
1410 1305 1630 1357 propositae

18 1376 21 1410 3
102 1374 186 1413 coll.
220 1377 260 1425 1,
283 1375 340 1417 43
365 1397 423 1407 ·—
451 1379 521 1419 46.
551 1378 715 1427 habent,
749 1379 817 1416 sed
845 1378 919 1415 duo
947 1378 1074 1428 potius
1102 1375 1292 1413 hominum
1323 1385 1464 1424 genera
1491 1377 1629 1411 notan-

99 1447 187 1492 tur,
222 1457 335 1482 unum
364 1458 518 1496 eorum,
559 1448 623 1496 qui
660 1446 817 1484 avaritia
849 1446 1030 1483 ardentes
1058 1443 1167 1495 plura
1196 1442 1415 1491 majoraque
1448 1445 1631 1492 appetere

31 1523 33 1525 ·
101 1522 179 1548 non
215 1511 415 1562 desinunt,
457 1513 615 1551 alterum
653 1513 765 1565 paulo
803 1513 1035 1563 quietorum,
1076 1523 1172 1561 quos
1208 1514 1351 1547 tantum
1384 1507 1479 1546 male
1515 1507 1631 1546 habet

101 1582 320 1630 paupertas.
364 1580 528 1618 Similem
549 1581 817 1619 sententiarum
832 1581 1001 1618 ordinem
1020 1577 1302 1616 observavimus
1320 1576 1368 1613 ad
1388 1578 1428 1625 6,
1447 1577 1474 1616 5
1487 1597 1545 1605 —
1561 1577 1628 1616 11.

101 1643 163 1683 De
190 1658 232 1684 re
262 1647 312 1686 cf.
342 1647 419 1685 od.
446 1648 487 1696 3,
519 1646 587 1698 24,
616 1648 685 1690 42.
711 1648 780 1700 (ib.
808 1648 975 1698 Mitsch.)
1015 1647 1223 1697 Magnum
1246 1645 1458 1695 pauperies
1483 1657 1630 1695 oppro-

103 1711 246 1750 brium.
288 1713 374 1751 Liv.
403 1715 480 1762 34,
506 1714 557 1765 4,
591 1718 655 1757 13.
699 1718 901 1754 Pessimus
921 1715 1056 1766 pudor
1083 1721 1140 1752 est
1171 1712 1235 1750 vel
1263 1713 1540 1764 parsimoniae
1565 1713 1631 1750 vel

97 1782 348 1831 paupertatis
354 1796 372 1828 ,·
412 1782 485 1820 alia
510 1788 636 1821 autem
663 1789 851 1824 sententia
878 1787 963 1824 Juv.
993 1786 1044 1834 6,
1069 1783 1164 1823 357.
1195 1781 1266 1832 (ib.
1295 1781 1475 1832 Rupert.)
1511 1782 1629 1819 nulla

0 1898 4 1902 Β
42 1890 50 1896 ,
103 1849 269 1900 (mulier)
290 1847 486 1900 pudorem
519 1852 778 1902 Pauper-tutis
814 1853 944 1894 habet.
1000 1852 1259 1902 Pauper-tatis
1286 1851 1396 1901 fuga
1423 1849 1560 1888 dicitur
1587 1855 1628 1888 ut

41 1939 44 1943 ⁴
106 1915 286 1963 bellandi
302 1917 411 1969 suga
438 1931 499 1969 ap·
528 1919 605 1959 Cic.
636 1921 684 1958 de
715 1921 828 1959 offic.
856 1922 896 1971 1,
927 1920 995 1970 23,
1023 1920 1078 1969 4.,
1099 1917 1276 1970 periculi
1288 1918 1405 1969 fuga
1436 1919 1475 1966 1,
1495 1915 1563 1966 24,
1590 1919 1628 1958 2.

0 1981 2 1988 '
37 2019 50 2039 ;-*
105 1987 146 2022 et
166 1984 273 2036 suga
295 1985 499 2023 vulnerum
524 1994 596 2024 αιιι
619 1990 755 2026 mortis
778 1989 880 2040 apud
907 1987 990 2029 Liv.
1011 1989 1080 2038 38,
1111 1987 1179 2037 40,
1210 1987 1274 2028 15.
1298 1985 1360 2024 vel
1382 1981 1457 2037 τήν
1484 1981 1628 2025 πενιᾶν

105 2049 315 2106 διαφυγεῖν
342 2055 443 2106 apud
470 2053 626 2097 Lucian.
655 2057 704 2094 de
734 2057 899 2094 Merced.
926 2056 1100 2094 conduct.
1129 2056 1170 2096 5.

216 2120 264 2158 V·
294 2120 347 2162 25
376 2143 431 2149 —
460 2123 527 2163 27.
556 2123 666 2160 dives
693 2125 847 2161 amicus
880 2124 1007 2174 Saepe
1038 2145 1086 2151 -
1115 2122 1216 2160 ναῖε.
1266 2122 1306 2159 ln
1334 2122 1406 2159 hoc
1432 2132 1627 2158 commune

7 2175 42 2246 {a}
106 2186 293 2226 hominum
318 2188 450 2227 vitium
486 2190 586 2228 conf.
615 2191 696 2228 Cic.
733 2190 843 2229 Lael.
874 2193 948 2240 22,
978 2192 1047 2231 82.
1109 2189 1192 2227 Sed
1218 2189 1402 2241 plerique
1428 2200 1626 2238 perverse,

27 2270 46 2309 ·''.2
107 2266 157 2291 ne
180 2254 313 2292 dicam
345 2257 612 2307 impudenter,
651 2259 772 2298 talem
808 2261 983 2295 amicum
1012 2256 1156 2295 hahere
1183 2257 1345 2303 volunt,
1383 2255 1522 2308 quales
1550 2256 1629 2305 ipsi

46 2335 47 2338 ¹
108 2334 187 2359 esse
214 2335 294 2359 non
316 2330 496 2373 possunt.
540 2326 673 2364 Senec.
701 2327 750 2364 de
777 2326 825 2366 Ir.
851 2327 892 2375 2,
922 2327 988 2367 28.
1035 2324 1188 2362 Aliena
1215 2325 1314 2360 vitia
1332 2325 1375 2360 in
1398 2322 1524 2360 oculis
1551 2322 1627 2360 ha·-

12 2383 15 2426 s
40 2387 50 2408 4
109 2388 265 2427 bemus:
295 2403 322 2427 a
349 2397 456 2442 tergo
483 2401 618 2431 nostra
647 2401 751 2433 eunt.
806 2392 906 2431 Inde
931 2398 1010 2437 est,
1048 2392 1156 2442 quod
1182 2393 1412 2442 tempestiva
1424 2390 1515 2439 filii
1536 2404 1628 2427 con-

20 2491 51 2522 ”7
108 2457 220 2493 vivia
241 2463 357 2506 pater
382 2457 547 2497 deterior
562 2460 659 2512 filio
687 2461 871 2511 castigat.
914 2458 1079 2511 Epictet.
1105 2457 1211 2500 Diss.
1238 2459 1290 2509 3,
1320 2460 1396 2506 22,
1421 2459 1487 2500 93.
1537 2457 1626 2511 Πρὸ

109 2519 273 2564 πάντων
303 2521 347 2563 δὲ
370 2520 416 2564 τὸ
451 2524 691 2578 ἡγεμονικόν
715 2521 841 2567 αὐτοῦ
866 2526 930 2566 δεῖ
951 2521 1236 2579 καθαρώτερον
1266 2522 1366 2566 εἶναι
1393 2528 1465 2567 τοῦ
1490 2525 1626 2579 ἡλίου·

38 2591 40 2595 ’
112 2592 147 2632 εἰ
173 2589 216 2632 δὲ
241 2588 320 2643 μή,
348 2590 545 2644 κυβευτήν
568 2592 723 2647 α’νοὶγκη
742 2593 809 2633 καὶ
832 2590 1072 2647 ὁᾳδιουργόν
1094 2589 1217 2642 εἶναι,
1246 2589 1376 2644 ὅστις,
1402 2591 1628 2647 ἔνεχόμενός

113 2673 191 2699 τινι
228 2653 344 2705 αὐτὸς
377 2661 504 2713 κακῷ,
540 2657 764 2712 ἔπετιμήσει
801 2664 886 2707 τοῖς
924 2655 1072 2706 ἄλλοις.
1121 2659 1218 2698 Pl‘m.
1252 2660 1372 2712 Epist.
1403 2662 1451 2712 8,
1480 2663 1556 2713 22,
1589 2666 1624 2706 l.

114 2722 281 2764 Pertinet
314 2726 386 2764 huc
421 2725 511 2763 illud
550 2739 699 2776 quoque
731 2727 813 2765 Sat.
847 2728 893 2776 1,
928 2726 980 2776 3,
1012 2727 1079 2767 23.
1115 2727 1181 2778 (ib.
1206 2727 1408 2779 Wfistem.)
1450 2730 1541 2781 Ego
1570 2732 1626 2768 mi

115 2792 284 2843 ignosco.
327 2792 496 2833 Ridicule
525 2797 649 2830 autem
680 2797 718 2830 et
744 2790 851 2846 παραὶ
878 2793 1142 2845 προςδοκίαν,
1169 2795 1209 2832 id
1236 2797 1337 2846 quod
1365 2801 1468 2836 recte
1495 2811 1626 2837 sense-

117 2864 204 2897 runt
229 2862 452 2899 Torrentius
472 2864 510 2898 et
537 2858 733 2906 Orellius,
757 2862 981 2898 instructior
1004 2862 1190 2913 „perinde
1213 2875 1258 2900 ac
1278 2864 1309 2902 si
1326 2864 1482 2904 fundum
1507 2866 1626 2918 probe

1209 2928 1297 2971 28*
1320 2930 1411 2983 (6²⁸¹)
