1910 3138
107 216 165 260 m
223 199 500 252 ωιίικΝτ.
517 203 716 246 maon.
732 153 1475 245 Lm.1.ur1s·r.onmr.nsscm2
1529 186 1613 230 221

112 333 450 380 memneris
458 330 501 385 ¹⁸¹)
525 330 670 370 Poetae
695 328 821 366 animo
851 325 1052 365 obversata
1083 335 1162 362 non
1198 313 1292 360 min
1315 307 1616 358 anirnadverten·

111 385 182 448 tei-
199 407 238 446 u
266 405 380 445 miras
408 404 524 452 saepe
550 395 757 436 sententias
785 394 1010 433 inciderunt„
1060 389 1287 429 Lambinus
1312 388 1385 426 hoc
1413 386 1618 424 vicimum

110 475 190 515 'risu
217 473 395 512 invidiam
421 471 460 508 in
482 467 676 507 Horatium
699 466 855 516 ejusque
881 460 1100 510 commoda,
1124 461 1330 510 propterea
1345 457 1447 508 quod
1463 451 1618 492 ridicula

106 547 154 582 -et
177 543 275 581 fisus
300 539 477 579 invidiam
508 548 555 574 ac
587 533 770 572 fascinum
806 531 1060 582 depulissent,
1102 527 1195 566 nihil
1225 525 1386 564 valuisse
1419 532 1619 576 perperam

112 611 300 663 opimum
342 607 402 646 De
425 603 610 643 Landini
635 600 824 639 sententia
850 598 903 636 illi
938 598 1060 635 rident
1084 594 1281 632 Horatium
1308 598 1485 644 tanquam
1509 591 1620 640 inep-

111 680 190 717 fim
217 677 323 729 operi
352 679 391 714 et
417 674 540 712 minus
567 670 740 708 validum.
779 667 839 705 Ab
862 667 933 704 hac
957 665 1132 716 opinione
1153 675 1275 715 prope
1298 661 1407 700 abest
1436 657 1619 697 orelam.

114 745 308 784 Zure-kim
340 744 380 782 in
412 741 470 779 his
498 739 658 777 Poetam
690 736 913 786 gaudentem
950 732 1085 781 sentit,
1125 731 1249 782 quod,
1285 735 1328 769 ut
1363 729 1497 782 prisca·
1525 737 1621 777 gens

113 813 343 862 mortalium,
383 809 456 848 sibi
485 808 534 845 sit
570 801 868 851 αὖτοδιάκονος.
920 801 1093 853 Cruquio
1125 800 1256 838 risisse
1292 799 1469 837 videntur
1502 793 1624 843 vicini,
1654 814 1656 817 v

114 894 230 933 quum
258 880 466 930 gauderent
496 879 534 913 et
570 873 712 912 Poetae
739 871 1083 922 congratularentur
1111 881 1229 920 opera
1256 867 1398 906 rustica
1425 861 1624 903 exercenti·

114 945 388 998 Haberfildus
414 943 664 982 Wielandium
691 945 843 979 secutus
869 940 908 977 in
935 939 1007 977 hoc
1028 938 1107 974 risu
1134 949 1247 974 unum
1279 935 1395 974 sentit
1416 934 1623 970 incommo—

115 1016 207 1054 dum
229 1025 443 1065 quanquam
468 1012 561 1049 satis
587 1010 692 1058 leve,
729 1009 835 1058 cujus
863 1007 983 1045 Poeta
1005 1005 1066 1043 hic
1101 1004 1151 1043 ob
1180 1017 1263 1044 eam
1289 1014 1436 1042 causam
1464 998 1625 1038 mentio-

116 1096 203 1122 nem
223 1082 373 1131 rfaciat‘,
408 1083 471 1130 ut,
514 1091 626 1129 quum
662 1077 747 1127 ipse
782 1076 889 1126 operi
926 1075 1128 1112 admoveat
1166 1084 1336 1120 manum,
1379 1082 1486 1107 suum
1526 1068 1624 1104 vitae

116 1149 280 1190 rusticae
314 1159 480 1186 amorem
515 1145 711 1195 significet.
767 1142 916 1188 Quodsi
954 1140 1213 1179 Welandim
1246 1138 1487 1190 sagacitatem
1514 1145 1628 1185 quam

116 1219 209 1257 dicit
238 1215 504 1268 Capu-mania·
529 1213 578 1251 de
601 1211 769 1261 Chaupy
792 1210 853 1247 hic
878 1209 999 1260 ridet,
1026 1210 1167 1261 quippe
1189 1208 1254 1260 qui
1280 1208 1320 1246 in
1353 1204 1628 1256 „Decouverte

116 1286 167 1324 de
192 1284 231 1324 ln
251 1284 397 1322 maison
423 1282 473 1320 de
502 1293 610 1331 camp
639 1278 830 1318 d'Horace
858 1277 887 1316 Ι.
913 1290 954 1329 p.
979 1277 1076 1318 349.
1106 1277 1259 1315 dixerit:
1285 1274 1466 1326 „Horace
1494 1283 1539 1310 se
1565 1269 1630 1308 re-

117 1357 296 1407 presente
326 1353 349 1392 ὲ
383 1363 426 1388 sa
454 1350 672 1403 Campagne
707 1359 851 1384 comme
879 1348 1051 1384 remuant
1084 1345 1121 1383 la
1145 1349 1248 1384 terre
1286 1348 1325 1382 et
1355 1355 1404 1382 en
1439 1339 1547 1378 (itant
1570 1336 1627 1374 les

117 1421 284 1475 pierres3
308 1432 351 1458 ce
376 1418 513 1458 n'etoit
545 1416 653 1467 point
681 1426 770 1452 sans
794 1414 910 1451 doute
937 1413 974 1450 ni
1003 1413 1098 1450 dans
1123 1412 1179 1450 les
1206 1411 1361 1462 champs
1388 1409 1427 1447 ni
1454 1407 1549 1445 dans
1571 1403 1628 1443 les

118 1489 253 1540 vignes
276 1486 367 1538 qu'il
393 1499 435 1526 se
462 1487 587 1525 livroit
614 1484 662 1521 de
688 1487 749 1521 cet
775 1481 942 1519 exercice
968 1479 1141 1530 penible,
1169 1480 1262 1517 mais
1283 1479 1378 1516 dans
1400 1489 1471 1514 son
1492 1474 1630 1526 jardin.

119 1555 180 1595 La
208 1555 351 1594 culture
382 1555 430 1592 de
468 1558 567 1591 cette
597 1552 748 1603 portion
785 1548 818 1585 si
843 1546 1020 1596 agi-&able
1053 1547 1165 1585 d’une
1198 1546 1420 1598 possession
1446 1557 1470 1581 a
1493 1542 1632 1594 dequoi

121 1624 241 1675 phire
264 1623 285 1662 ὲ
310 1626 394 1660 tout
420 1621 455 1659 le
482 1618 655 1658 monde“
683 1620 755 1655 etc.
783 1618 928 1653 tantum
954 1613 1084 1664 abest,
1109 1618 1151 1652 ut
1174 1614 1334 1652 nostrati
1359 1612 1563 1659 assentiar,
1589 1615 1634 1649 nt

122 1690 372 1740 Francogallo
401 1688 618 1726 doctissimo
645 1682 881 1737 patrociner3
919 1682 1057 1719 etenim
1084 1686 1126 1720 ut
1154 1683 1185 1720 is
1211 1695 1292 1720 rem
1326 1680 1451 1720 verbis
1475 1680 1633 1729 auxerit,

124 1758 254 1809 quidni
283 1757 461 1795 Horatius
488 1755 636 1792 hortum
662 1749 861 1790 habuerit?
896 1749 988 1788 Non
1013 1749 1054 1787 id
1079 1762 1126 1788 ex
1147 1763 1184 1787 v.
1203 1748 1274 1792 42.
1302 1754 1343 1788 et
1369 1749 1450 1786 Sat.
1469 1749 1512 1797 2,
1529 1748 1571 1797 6,
1592 1748 1633 1788 2.

125 1826 218 1864 satis
240 1836 428 1875 superque
453 1819 641 1861 efficitur?
677 1820 899 1868 Quanquam
926 1829 1038 1856 nemo
1066 1817 1158 1868 erit,
1183 1818 1246 1868 qui
1263 1817 1423 1855 Poetam
1444 1815 1523 1854 tale
1544 1814 1636 1865 quid

123 1893 187 1931 vel
212 1894 252 1930 in
281 1893 366 1943 ipso
392 1903 484 1942 agro
511 1891 638 1928 facere
664 1886 837 1939 potuisse
858 1889 995 1936 neget,
1028 1886 1192 1924 modone
1217 1884 1287 1923 tibi
1313 1885 1437 1937 ipsum
1465 1885 1636 1921 arantem

126 1965 167 2000 et
192 1964 332 1998 terram
357 1958 592 2010 subigentem
618 1956 764 2006 fingas,
796 1954 887 2003 sed,
920 1957 964 1991 ut
996 1953 1303 2005 Charpenterius
1330 1952 1563 2003 suspicatur,
1597 1949 1636 1986 in

126 2027 349 2069 ambulando
382 2025 471 2065 talia
500 2023 766 2076 impedimenta
794 2020 842 2059 ab
869 2033 963 2072 agro
988 2024 1027 2060 et
1045 2025 1176 2073 segete
1205 2021 1482 2060 demolientem.
1523 2016 1635 2055 Conf.

82 2140 86 2142 μ
133 2096 177 2134 0.
207 2095 372 2136 Paseov.
398 2093 450 2133 N.
479 2094 575 2135 281.

238 2162 287 2200 V.
315 2159 529 2202 40—43.
577 2160 677 2198 Cum
710 2157 909 2208 ser-visu)
936 2176 995 2185 —-
1021 2163 1060 2193 et
1086 2155 1202 2197 horti.
1232 2155 1366 2193 diaria
1391 2151 1525 2190 rodere
1549 2149 1574 2187 i.
1602 2161 1637 2189 e.

239 2286 282 2332 *)
303 2286 474 2323 Horatius
491 2284 528 2320 in
546 2285 613 2320 hac
630 2295 769 2320 suorum
786 2282 981 2318 vicinorum
999 2280 1240 2327 descriptione
1258 2278 1335 2314 sine
1361 2277 1469 2312 dubio
1492 2285 1639 2322 prover-

131 2343 185 2378 bii
209 2343 302 2378 iuius
326 2345 371 2378 ab
388 2343 603 2389 Alciphrone
622 2341 647 2376 l.
664 2341 690 2376 l.
711 2338 969 2376 commemorati
992 2337 1166 2372 rationem
1194 2334 1325 2370 babuit.
1366 2333 1461 2368 Idem
1489 2342 1640 2378 prover-

132 2399 226 2434 bium
247 2405 349 2434 sonat
373 2400 452 2434 Sat.
473 2401 491 2434 1
505 2425 515 2443 ‚
537 2400 554 2433 1
570 2425 581 2443 ,
599 2399 700 2442 110„
728 2398 790 2431 nbi
815 2396 899 2430 vide
927 2394 1208 2440 Porphyrionem
1238 2391 1319 2425 coll.
1345 2389 1456 2427 Ovid.
1478 2389 1522 2423 A.
1542 2387 1585 2423 A.
1606 2389 1639 2431 1,

134 2451 204 2490 349
218 2465 285 2500 sq„
304 2459 407 2489 sonat
423 2465 562 2501 quoque
581 2467 639 2501 ap.
652 2453 798 2488 Pindar.
814 2452 978 2496 (Olymp.
995 2452 1027 2492 1,
1042 2449 1119 2493 75.)
1131 2444 1282 2481 ”Encas
1299 2445 1423 2488 κρυφᾶ
1437 2457 1493 2485 τις
1507 2440 1640 2478 amitina

136 2510 332 2555 φθονερῶν
347 2508 518 2552 γειτόνων
532 2514 603 2545 etc.
632 2510 735 2544 Cous.
755 2507 918 2552 Bergler.
945 2506 990 2540 ad
1010 2505 1166 2550 Alciphr.
1187 2503 1211 2538 Ι.
1232 2502 1257 2535 l.
1276 2502 1365 2547 ibiq.
1393 2501 1428 2535 J.
1446 2500 1491 2536 A.
1509 2501 1639 2546 ann.

135 2568 165 2601 1.
184 2578 221 2611 p.
240 2565 298 2600 89.
316 2565 412 2598 Fons
427 2565 523 2599 illins
543 2566 739 2600 sententiae
753 2564 896 2599 videtur
914 2573 994 2596 esse
1010 2559 1160 2594 Hesiod.
1183 2559 1279 2603 Opp.
1300 2563 1337 2592 et
1354 2557 1452 2602 D.'l‚
1471 2555 1530 2594 23.
1546 2557 1641 2592 bona

138 2622 276 2668 quidem
296 2621 495 2655 sententia:
526 2621 637 2664 Ζηλοῖ
654 2618 698 2658 δέ
716 2631 756 2655 τε
773 2620 919 2663 γείτονα
937 2617 1082 2662 γείτων,
1106 2613 1172 2654 Εἰς
1190 2609 1329 2655 ἄφετον
1346 2607 1534 2648 σπεύδοντ’
1555 2618 1640 2657 etc„

138 2679 202 2713 sed
220 2678 294 2711 vid.
315 2675 491 2720 Gattling.
510 2677 556 2710 ad
573 2676 618 2712 25
632 2689 710 2724 sqq.
730 2680 768 2711 et
788 2676 834 2710 cf.
853 2674 941 2708 ibid.
961 2675 994 2716 1,
1014 2669 1095 2706 346.
1124 2669 1277 2705 Nimium
1295 2672 1411 2704 autem
1427 2669 1641 2705 viditnm-

139 2746 212 2769 mus
231 2733 268 2767 in
287 2733 421 2777 Adagg.
443 2733 478 2775 1,
498 2733 531 2775 1,
549 2732 608 2768 32.
634 2733 676 2767 ln
693 2745 767 2767 rem
785 2731 878 2766 adde
895 2727 1052 2774 Alciphr.
1071 2727 1107 2770 3,
1127 2727 1188 2771 30,
1206 2724 1262 2761 15.
1283 2723 1528 2771 φθονούντων
1544 2723 1586 2762 δὲ
1604 2725 1642 2761 οἱ

138 2788 291 2832 πονηροὶ
309 2789 382 2824 τῶν
400 2783 583 2833 γειτόνων.

222 2839 287 2889 **)
314 2843 540 2890 Porphyrion
563 2843 668 2878 servin
689 2854 754 2889 pro
773 2842 883 2877 verbo
911 2839 1038 2883 habet,
1065 2838 1160 2886 qnod
1184 2829 1345 2874 notatum
1363 2841 1421 2874 est
1443 2840 1496 2875 nb
1510 2839 1642 2875 Ascen-

143 2900 195 2934 sio
207 2927 217 2944 ‚
242 2901 412 2936 Lambino
422 2926 432 2944 ‚
457 2900 549 2935 aliis.
581 2899 760 2934 Loendn’moe
776 2902 813 2933 et
835 2897 1014 2932 Ascensum
1030 2906 1098 2942 pro
1115 2907 1179 2932 sua
1195 2895 1350 2932 lectione
1366 2897 1512 2933 rddere
1529 2896 1642 2932 diaria
