1910 3138
259 210 342 254 296
400 209 755 252 COMMENT.1N
775 209 902 249 non.
921 209 1020 249 Lm.
1035 210 1066 252 1.
1097 209 1259 250 EPIST.
1281 210 1434 250 sarr.
1462 209 1641 251 mem.
1693 190 1784 256 m

258 340 316 378 hic
336 340 489 391 primus,
520 335 621 386 quod
648 335 778 384 sciam,
801 324 984 374 inteueiit
1005 335 1233 382 nodatum,
1258 348 1372 387 quem
1394 336 1516 374 secuti
1534 339 1625 375 sunt
1649 335 1787 375 Sana-
1869 332 1875 365 ῖ

259 407 411 451 donus,
442 401 681 454 Dorighello
713 406 752 441 et
780 403 966 441 Bothiue.
1025 405 1122 443 Rem
1154 405 1191 442 in
1225 403 1350 442 medio
1376 403 1592 455 relinquunt
1608 398 1611 400 μ
1625 403 1786 443 Schmi—
1867 400 1872 426 ἶ

259 475 370 523 dius,
415 473 483 510 Fr.
526 469 738 509 Jacob-siue
747 498 764 517 ,
815 470 989 509 Oretum
1002 500 1015 517 ‚
1058 471 1368 524 Dillenburger5
1405 472 1492 510 mihi
1531 473 1787 513 assentiuntur

265 541 445 580 Diintzer
482 540 580 590 (nisi
619 539 724 590 quod
761 539 861 577 hunc
897 539 1089 585 Quintium
1129 540 1347 591 Crispinum
1382 552 1405 579 a
1439 539 1626 579 violatore
1663 539 1787 579 Juliae
1870 563 1878 574 ι

259 609 370 661 [Veli.
401 609 551 649 Patere.
585 609 634 657 2,
667 609 733 648 11.
777 605 852 644 Dio
883 607 993 645 Cass.
1023 607 1197 658 55‚‡10.
1241 607 1376 646 Senec-
1405 607 1455 646 de
1483 607 1605 649 Clem.
1637 609 1688 659 1,
1720 608 1788 656 1⁰,
1844 617 1848 626 '

257 678 310 729 3.]
343 691 428 716 cnm
463 675 613 714 Orellio
642 675 954 726 distinguendum
982 678 1137 724 censet,
1176 676 1319 726 inqua
1345 688 1389 714 re
1417 675 1528 716 facile
1557 678 1607 715 do
1635 674 1788 727 manns)

257 750 296 784 et
336 746 426 784 Car.
455 745 674 782 Passovius
703 743 755 783 N.
784 744 879 785 263.
938 745 1015 781 Sed
1044 743 1160 781 missa
1187 743 1280 781 haec
1308 744 1501 785 facimus.

369 812 430 851 De
459 817 646 864 tempore
663 812 828 863 scriptae
858 811 1052 862 Epistolae
1081 812 1175 850 certi
1196 812 1301 863 quid
1332 813 1449 851 statui
1481 814 1634 866 nequit,
1670 825 1785 865 prae-
1859 850 1866 858 γ,

257 886 429 933 terquam
458 881 562 932 quod
590 884 750 932 propter
779 880 918 918 factam
948 879 1135 931 Augusti
1161 880 1389 919 mentionem
1411 892 1448 923 v.
1471 882 1560 924 29..
1577 881 1786 934 Epistulam
1834 927 1846 938 ,-

257 950 305 988 ad
336 963 474 988 annum
493 951 588 991 727.
619 948 678 986 vel
709 952 910 999 sequentes
938 949 1179 986 referendam
1207 961 1438 990 censeamus.
1483 949 1699 996 Kimhnae,
1726 950 1788 989 cni
1864 942 1868 971 ’-

257 1019 464 1057 assentitur
499 1017 781 1059 Walekenaer
812 1017 858 1055 Π.
890 1030 928 1068 p.
959 1018 1077 1065 298,
1121 1029 1204 1054 eam
1240 1017 1279 1055 in
1317 1017 1454 1056 tabula
1483 1017 1652 1056 chronol.
1676 1031 1718 1057 a.
1747 1032 1787 1059 n.

257 1086 370 1134 738„
407 1085 673 1137 Grotejendus
703 1086 757 1136 (p.
788 1083 887 1134 475)
917 1097 950 1122 a·
982 1084 1063 1124 735
1093 1083 1153 1122 vel
1183 1085 1279 1126 736.
1316 1086 1496 1138 scriptam
1522 1090 1672 1138 putant.
1726 1084 1788 1125 Ab

257 1154 316 1192 his
338 1154 428 1192 viris
458 1154 684 1192 doctissimis
713 1154 766 1191 ita
795 1153 956 1191 discedit
989 1151 1139 1190 Weber
1161 1165 1200 1204 p.
1222 1153 1334 1203 309„
1365 1158 1408 1192 ut
1426 1154 1671 1206 scriptionem
1687 1154 1789 1192 cirea

258 1235 396 1260 annum
427 1223 521 1264 727.
553 1223 689 1260 factam
720 1223 862 1260 credat.
922 1221 1005 1272 Ego
1046 1221 1195 1272 quidem
1231 1218 1291 1275 (p.
1321 1221 1422 1274 581)
1458 1223 1546 1260 olim
1573 1221 1785 1273 Epistolam
1849 1214 1856 1250 -s

257 1291 307 1328 ad
335 1303 472 1328 annum
503 1291 597 1331 732.
626 1289 753 1339 retuli,
783 1302 908 1340 neque
935 1290 1045 1339 hujus
1075 1289 1128 1327 rei
1149 1302 1208 1328 me
1225 1288 1337 1328 hodie
1355 1290 1542 1341 poenitet,
1572 1303 1787 1342 quanquam

259 1372 342 1398 eam
370 1371 394 1397 a
421 1357 627 1396 Diintzero
657 1358 711 1409 [p.
740 1355 837 1398 434.
857 1355 895 1410 ²⁸¹]
923 1358 1001 1397 alto
1031 1358 1232 1410 supercilio
1262 1359 1339 1396 vidi
1367 1358 1629 1410 improbatam.
1671 1359 1787 1398 Mitto
1846 1367 1855 1370 ’”

257 1440 357 1465 nunc
384 1426 520 1465 Licinii
547 1431 662 1479 atque
689 1426 827 1464 Fannii
857 1426 1063 1479 Caepionis
1093 1427 1389 1478 conjurationem
1413 1428 1548 1466 eodan
1561 1439 1674 1466 -anno
1693 1440 1788 1466 con-
1847 1426 1851 1427 ⁷

256 1499 318 1534 tra
337 1495 548 1547 Augustum
576 1496 725 1546 initam,
755 1499 796 1533 at
823 1493 926 1533 illam
954 1495 1146 1533 servilium
1174 1494 1384 1533 officiorum
1411 1494 1706 1546 descriptionem
1723 1507 1786 1533 vv.

258 1564 372 1606 69—
387 1566 454 1606 72.
498 1577 544 1602 ex
582 1564 745 1615 quadam
782 1563 964 1614 temporis
998 1564 1146 1601 ratione
1183 1567 1306 1602 ortam
1338 1562 1514 1601 arbitror.
1569 1563 1654 1602 Hoc
1682 1555 1787 1603 euim
1839 1562 1841 1567 ⁴

258 1646 357 1671 anno
388 1645 533 1670 summa
563 1637 645 1670 erat
675 1632 812 1673 caritas
841 1635 881 1669 et
905 1631 983 1681 Jam
1019 1631 1163 1682 fames,
1202 1632 1290 1682 quia
1324 1635 1483 1684 propter
1516 1630 1786 1684 pestilentiam,
1839 1662 1842 1663 ⁷

258 1714 356 1751 quae
392 1701 432 1738 in
461 1714 639 1750 agrorum
673 1700 838 1739 cultores
869 1700 1076 1751 saevierat,
1119 1700 1201 1750 agri
1237 1701 1436 1741 maximam
1473 1704 1620 1752 partem
1653 1699 1788 1758 inculti
1846 1694 1850 1737 J

259 1774 368 1806 erant
403 1769 544 1815 relicti3
584 1781 696 1819 quam
734 1768 784 1806 ob
823 1781 901 1806 rem
932 1767 1139 1818 Augustus
1155 1767 1314 1816 Tiberio
1350 1769 1542 1819 quaestori
1576 1780 1703 1808 curam
1728 1767 1786 1808 rei
1845 1790 1848 1795 ι

257 1837 525 1876 frumentariae
560 1836 893 1874 administrandam
924 1837 1053 1886 dedit,
1093 1849 1202 1887 qnam
1231 1837 1332 1875 idem
1359 1836 1422 1875 ille
1449 1841 1488 1876 et
1516 1837 1652 1876 Ostiae
1680 1840 1720 1876 et
1743 1837 1787 1876 h

256 1906 350 1945 urbe
378 1905 571 1956 sapienter
599 1905 816 1942 moderatus
845 1909 905 1942 est
933 1907 1087 1942 auctore
1106 1904 1253 1955 Vellejo
1273 1906 1313 1954 2,
1334 1902 1404 1945 94.
1431 1904 1518 1944 coll.
1537 1904 1652 1947 Dion.
1671 1905 1785 1946 Cass-
1843 1897 1847 1904 ς

259 1972 329 2025 54,
361 1975 398 2015 1.
442 1974 549 2012 Suet.
575 1972 664 2012 Tib.
709 1973 748 2013 8.
779 1971 951 2012 Freinsh.
982 1973 1137 2022 Fragm.
1171 1971 1256 2012 Liv.
1287 1971 1392 2022 136,
1421 1974 1461 2013 7.
1517 1973 1641 2024 Quid,
1681 1973 1786 2026 qnod
1830 1974 1845 2030 f

257 2043 413 2096 Lipsius
431 2041 572 2094 (Elect.
595 2041 635 2089 1,
657 2039 716 2091 8.)
746 2040 882 2077 eodem
912 2052 1011 2078 anno
1037 2039 1085 2077 ab
1110 2040 1284 2089 Angusto
1304 2041 1532 2079 constitutos
1559 2055 1648 2081 esse
1675 2054 1786 2082 eun»
1831 2051 1835 2055 '

258 2117 364 2151 tores
393 2121 565 2149 annonae
593 2109 781 2160 opinatur.
840 2108 965 2156 Quid,
996 2109 1026 2145 si
1056 2109 1208 2158 sapiens
1237 2106 1359 2145 Poeta
1385 2107 1482 2147 hanc
1507 2111 1694 2161 temporis
1719 2122 1787 2149 ra-

258 2182 400 2219 tionem
427 2179 466 2216 in
494 2189 600 2216 suam
628 2189 709 2214 rem
738 2174 1017 2214 convertisset?
1045 2175 1123 2212 Sed
1148 2175 1329 2224 judicium
1358 2175 1410 2213 sit
1434 2188 1554 2227 penes
1571 2176 1692 2228 alios,
1719 2177 1786 2229 qui
1824 2180 1826 2182 ’

258 2261 377 2302 parva
404 2249 596 2286 momenta
629 2243 832 2282 observare
857 2256 929 2296 pro
956 2255 997 2280 re
1025 2256 1100 2280 non
1126 2242 1227 2280 inani
1251 2241 1409 2280 habent!
1815 2238 1818 2242 “

371 2315 432 2354 De
462 2314 564 2353 villa
594 2311 768 2358 Sabina,
796 2314 903 2364 cujus
926 2311 999 2349 hoc
1025 2310 1248 2363 Epistolium
1274 2309 1381 2348 locus
1412 2314 1471 2348 est
1498 2312 1689 2364 princeps,
1719 2312 1786 2364 qui
1811 2331 1834 2366 *-

259 2384 367 2436 plura
395 2384 492 2421 scire
516 2384 656 2434 cupiet,
683 2394 765 2420 eum
785 2380 1040 2431 delegabimus
1058 2379 1108 2417 ad
1127 2377 1332 2428 scriptores
1350 2390 1374 2415 a
1391 2377 1503 2418 nobis
1527 2379 1566 2418 in
1583 2376 1790 2430 „Archivss
1825 2405 1830 2433 1

259 2453 286 2491 l.
314 2452 340 2491 1.
372 2465 412 2503 p.
443 2451 523 2492 581
556 2464 615 2501 sq.
645 2451 850 2498 indicatos,
887 2448 1023 2500 quibus
1049 2446 1226 2499 suppleas
1256 2459 1352 2496 quos
1381 2446 1534 2497 collegit
1568 2446 1785 2501 Teuffelin
1830 2471 1837 2490 s

259 2521 404 2560 libello:
436 2519 639 2570 ‚‚Horaz.“
668 2518 837 2567 'ffibing.
867 2514 988 2558 1843.
1016 2530 1056 2568 p.
1085 2516 1111 2556 8
1140 2527 1226 2565 sqq.
1268 2513 1338 2552 His
1366 2514 1478 2560 hodie
1505 2516 1669 2555 addendi
1692 2514 1784 2557 mut
1903 2498 1906 2499 ⁷

263 2588 476 2638 Zumptius
504 2588 605 2638 apud
634 2586 892 2625 Wiistemann.
926 2599 965 2637 p.
999 2586 1050 2625 16
1081 2595 1188 2633 sqq„
1231 2581 1380 2620 Weber
1406 2584 1431 2622 l.
1465 2584 1491 2622 l.
1528 2597 1568 2636 p.
1599 2583 1679 2625 162
1709 2594 1783 2634 ιφ,
1827 2611 1830 2613 -

268 2654 550 2709 Grotefendizcs
576 2657 615 2694 in
641 2655 739 2696 Mus.
768 2654 890 2692 Rhen.
917 2649 1040 2693 1844.
1070 2649 1135 2687 Ill.
1166 2651 1205 2691 3.
1235 2665 1274 2703 p.
1297 2650 1378 2692 471
1409 2665 1494 2703 sqq.
1524 2651 1608 2690 coll.
1633 2648 1781 2690 Rank.
1837 2665 1851 2706 <J

261 2724 369 2762 Fast.
397 2725 531 2762 Horat.
559 2737 598 2774 p.
627 2723 693 2765 52.
723 2723 818 2762 116.
850 2721 929 2762 121
961 2733 1019 2771 sq.
1050 2717 1144 2760 12‘5.
1177 2721 1271 2761 182.
1304 2719 1419 2770 195.,
1455 2717 1710 2769 Peerlkamp.'
1730 2715 1782 2755 ad
1831 2743 1854 2778 j!

264 2790 339 2829 od.
361 2795 400 2839 2,
423 2795 462 2832 6.
482 2806 519 2843 p.
543 2793 652 2840 177.‚
687 2789 956 2827 Strodtmann.
981 2787 1006 2827 l.
1037 2787 1087 2825 ad
1115 2799 1151 2827 v.
1183 2789 1245 2830 12,
1275 2791 1301 2826 l.
1330 2802 1370 2840 p,
1400 2786 1500 2826 XVI.
1519 2782 1781 2825 XX-JXXIV.
1835 2786 1844 2810 τ’·
1864 2799 1880 2816 ·.

376 2859 417 2895 V·
451 2861 472 2899 1
491 2881 546 2888 —-
563 2860 629 2898 16.
678 2858 904 2908 Descriptio
940 2854 1064 2893 villae
1102 2853 1289 2893 Sabinae.
1341 2854 1408 2893 Ne
1435 2852 1677 2904 perconteris
1708 2854 1780 2891 etc.
1874 2846 1882 2871 s

265 2923 407 2967 Quintii
436 2926 784 2977 percontationem,
823 2925 956 2975 quibus
993 2922 1173 2962 reditibus
1202 2920 1384 2975 praedioli
1417 2921 1475 2959 sui
1502 2919 1683 2959 Horatius
1710 2919 1780 2957 im-
1854 2919 1871 2933 ³
