1910 3138
24 183 26 185 Ι
98 213 179 266 ἱτι
231 212 510 262 comm.
530 220 587 260 1N
607 219 725 260 nou
746 214 1456 258 L13.1.Eprsr.snxr.numu.
1521 210 1605 255 ³81

7 315 12 318 ’
94 348 179 387 σω.
200 345 318 386 ome.
347 347 387 396 1,
413 345 484 396 20,
511 345 692 386 66—70.
721 343 861 383 (επακ.
890 344 938 382 aa
963 343 1016 382 M.
1046 343 1224 381 Antonin.
1253 343 1295 392 2,
1321 343 1361 382 2.
1389 354 1429 393 p.
1457 341 1526 382 38.
1548 361 1605 395 ¹-

0 415 15 427 *
93 412 239 457 V.‘04.
267 412 320 452 In
347 413 474 451 ἐπ’νίἱε
490 412 628 462 fixum
659 434 708 441 —-
738 410 787 449 ob
819 425 959 452 assem.
990 411 1055 449 Sic
1072 410 1179 450 Pers.
1198 410 1240 461 5,
1262 409 1354 451 110.
1379 410 1475 447 Iam
1497 421 1608 446 nuno

24 526 27 528 ,
93 479 346 532 mgna,
374 483 470 529 jam
505 495 614 519 nunc
646 481 847 533 granaria
878 479 987 517 laxes
1001 506 1014 523 ‚
1055 479 1184 530 Inque
1217 477 1302 519 luto
1317 477 1454 527 finam
1476 476 1608 528 poesis

93 547 385 586 mammam
409 563 641 595 nummum,
673 549 762 586 Nec
786 547 902 599 gluto
929 546 1081 586 sorbere
1106 546 1278 584 salivam
1303 543 1609 584 Manu-ialam?

93 615 214 670 Baete
242 617 491 668 interpretum
515 617 617 655 bona
651 630 739 669 pars
772 616 893 654 lusum
925 615 1105 667 puerilem
1131 614 1328 665 iutelligit,
1367 628 1444 665 quo
1470 615 1510 652 in
1537 613 1608 651 viis

92 696 244 722 nummo
285 684 361 722 fixo
395 685 495 722 illusi
534 686 609 723 sint
644 689 942 735 praetereuntes.
1001 682 1212 720 Testantur
1245 681 1387 720 scholia
1417 682 1466 720 ad
1498 681 1607 720 Pers.

93 751 122 791 l.'
147 750 174 792 l.
202 755 244 790 et
269 752 320 789 ad
346 752 494 803 prolog.
522 754 581 803 6.,
620 751 684 790 ubi
720 752 758 788 in
797 751 883 788 cod.
913 750 1082 791 Darmst.
1118 751 1195 801 (ap.
1223 749 1273 789 Ο.
1301 750 1411 788 Jahn.
1438 761 1478 799 p.
1507 744 1608 799 246)

93 818 166 858 hoc
193 822 334 858 exstat:
364 819 610 871 „Antiquitus
636 831 747 858 senes
775 819 812 856 in
841 818 977 869 apricis
1006 817 1099 856 locis
1129 819 1307 856 sedentes
1335 817 1437 856 soliti
1460 817 1611 854 fuerunt

92 899 229 926 avaros
257 885 440 938 probare3
466 886 659 938 parvulam
689 885 912 924 sarcinulam
932 886 971 923 in
993 885 1273 924 similitudinem
1297 885 1438 923 denarii
1458 886 1611 921 necten-

93 959 154 994 tes
176 955 215 993 in
238 954 356 992 lutum
383 955 637 1006 projecerunt,
666 958 723 1004 ut,
748 954 781 991 si
810 955 894 1005 quis
918 954 1236 1004 praetereuntium
1262 954 1452 992 denarium
1481 954 1611 990 sustu-

95 1023 227 1072 lisset,
254 1023 302 1060 ab
331 1021 505 1060 omnibus
534 1022 807 1060 derideretur.“
849 1021 962 1060 Conf.
989 1021 1120 1059 Barth.
1154 1021 1249 1061 Adv.
1290 1021 1366 1071 37,
1395 1022 1461 1062 22·
1519 1018 1611 1068 Alfi,

97 1094 139 1129 ut
178 1089 431 1135 Schmidim,
470 1089 768 1127 Braunhardm
778 1113 792 1135 ,
828 1089 1012 1126 Diintzer
1046 1089 1136 1127 ludo
1171 1089 1236 1127 illo
1279 1090 1418 1127 omisso
1457 1099 1610 1125 avarum

95 1158 279 1208 sentiunt,
302 1158 368 1209 qui
394 1158 434 1195 in
457 1157 576 1195 triviis
600 1169 726 1196 assem
750 1157 789 1195 in
812 1157 892 1196 luto
918 1157 1154 1208 „latentem“
1179 1158 1241 1208 (ut
1258 1158 1311 1195 ait
1329 1155 1454 1194 Schol.
1475 1154 1610 1203 Cruq.)

97 1225 158 1264 vel
183 1225 340 1264 foi-mito
366 1225 431 1274 qui
458 1224 497 1262 in
525 1236 683 1263 coenum
712 1225 895 1264 deciderit
916 1224 1052 1263 toliere
1075 1238 1152 1263 non
1179 1226 1386 1264 embescat.
1429 1222 1480 1260 At
1505 1224 1611 1259 recte

96 1291 221 1332 verbis
247 1293 293 1330 in
320 1292 448 1329 triviis
475 1295 515 1331 et
528 1291 664 1339 fixum
693 1293 882 1344 quoddam
908 1294 1059 1345 pondus
1082 1294 1253 1331 additum
1276 1292 1393 1330 sentit
1422 1289 1610 1338 Orellius,

96 1361 161 1412 qui
194 1361 294 1399 idem
330 1360 379 1398 de
412 1359 495 1398 loco
529 1362 716 1398 communi
750 1374 814 1412 ap.
851 1361 1051 1413 sophistas
1087 1361 1187 1399 haud
1221 1359 1448 1410 infrequenti
1482 1358 1611 1396 laudat

94 1427 231 1468 Liban.
276 1426 368 1481 περὶ
394 1427 576 1475 δουλείας
603 1428 650 1466 11.
681 1442 720 1479 p.
752 1431 821 1469 69.
849 1429 979 1468 Reisk.
1021 1427 1047 1470 o‘
1082 1426 1172 1477 ἓνός
1210 1428 1324 1468 ἕνεκα
1355 1429 1551 1479 στατῆρος
1579 1420 1610 1476 ἦ

94 1495 164 1537 καὶ
201 1495 257 1537 ἔτι
294 1488 551 1549 σμικροτὲρου
592 1510 663 1536 του
702 1496 925 1549 φροντίζων
963 1496 1031 1537 καὶ
1073 1492 1264 1550 ἆρπᾶζων
1301 1501 1377 1535 etc.
1428 1493 1611 1532 Similiter

94 1563 252 1605 reiron.
282 1565 350 1606 48.
397 1563 469 1601 Ab
497 1576 584 1600 asse
611 1565 734 1601 crevit
761 1571 800 1601 et
818 1573 990 1614 paratus
1008 1565 1116 1616 suit,
1145 1564 1408 1615 quadrantem
1436 1563 1485 1600 de
1511 1568 1611 1599 ster-

98 1645 185 1670 core
211 1631 408 1669 mordicus
437 1631 583 1671 tollere.
629 1631 714 1669 Alia
744 1633 829 1671 vide
857 1634 895 1670 in
922 1634 1012 1670 edit.
1047 1632 1256 1671 Schmidii.
1287 1653 1342 1662 —
1372 1631 1418 1669 V.
1445 1630 1512 1671 65.
1541 1642 1612 1680 qm

12 1740 23 1747 ,
98 1700 253 1750 cupiet,
282 1705 425 1736 metuet
451 1712 632 1750 quoque;
666 1701 715 1737 de
742 1700 812 1738 hac
845 1702 1031 1739 sententia
1059 1701 1134 1741 vid.
1165 1713 1248 1738 ann.
1272 1700 1321 1737 ad
1347 1701 1397 1748 6,
1426 1700 1465 1740 9.
1494 1702 1534 1737 et
1560 1697 1611 1737 cf.

98 1769 235 1806 Senec.
262 1767 383 1818 Epist.
409 1767 448 1809 5.
477 1767 658 1813 Desine-5,
688 1767 836 1818 inquit,
863 1769 1015 1813 timere,
1042 1769 1080 1805 εἰ
1101 1781 1259 1818 sperare
1279 1768 1452 1805 desieris.
1490 1766 1611 1816 Spem

99 1842 224 1872 meme
251 1835 436 1886 sequitur.
464 1835 553 1873 Nec
576 1837 800 1872 miror-ista
823 1837 881 1873 sic
906 1838 975 1873 ire.
1013 1836 1232 1887 Utrumque
1249 1835 1459 1886 pendenti-s
1484 1835 1613 1872 animi

99 1909 177 1952 est,
206 1909 416 1954 utrumque
434 1903 571 1954 futuri
594 1906 878 1952 exspectatione
908 1904 1078 1942 solliciti.
1107 1925 1163 1932 -—
1203 1904 1251 1941 V.
1280 1905 1347 1944 66.
1378 1912 1498 1954 porro
1533 1902 1614 1951 Qui

99 1977 273 2008 metuens
300 1972 404 2007 vivet
433 1974 505 2008 ete.
528 1971 584 2009 lta
612 1971 736 2022 Epict.
761 1971 863 2010 Diss.
895 1975 936 2021 2,
968 1974 1007 2021 1,
1037 1971 1105 2013 24.
1142 1968 1284 2019 Ου’ἆεὶς
1313 1968 1391 2023 ἄρα
1411 1968 1504 2012 οὔτε
1532 1986 1612 2022 φο-

30 2093 34 2095 ,
99 2035 316 2092 βούμενος,
358 2053 448 2079 ουτε
474 2035 741 2091 λυπουμενος,
779 2055 871 2080 ουτε
904 2037 1215 2092 ταρασσόμενος,
1251 2037 1462 2091 ἔλευθερος
1492 2038 1610 2078 ἐστιν.

97 2107 204 2146 Pers.
230 2106 279 2155 5,
307 2107 363 2147 83
392 2119 476 2157 sqq.
503 2106 595 2158 ibiq.
627 2107 678 2146 Ο.
706 2107 816 2149 Jahn.
844 2122 882 2159 p.
914 2107 1008 2149 194.
1034 2106 1074 2157 *)
1120 2107 1177 2146 Ex
1204 2107 1262 2145 his
1291 2109 1381 2158 ipsis
1409 2107 1506 2144 effici
1533 2104 1613 2143 vult

97 2173 238 2223 Poeta,
267 2187 449 2224 „avarum
477 2188 553 2212 non
583 2188 668 2213 esse
695 2175 861 2215 liberum.
864 2176 893 2199 ‘⁶

208 2241 256 2279 V.
284 2243 351 2281 67.
387 2242 454 2282 68.
495 2243 679 2280 Perdidit
704 2257 820 2280 arma
846 2264 904 2271 ——
927 2242 1109 2279 obruitur
1130 2256 1185 2279 re.
1218 2243 1433 2280 Sententia:
1460 2241 1611 2290 „Talis‚

100 2308 163 2358 qui
191 2311 311 2345 totum
338 2321 380 2346 se
407 2310 462 2348 rei
489 2311 651 2360 addixit,
679 2311 874 2358 virtutem,
914 2310 940 2346 i.
972 2322 1006 2347 e.
1035 2312 1134 2347 vitae
1162 2310 1343 2347 humanae
1370 2308 1613 2359 praesidium,

101 2377 317 2416 deseruit.“
368 2378 461 2415 Alii:
502 2378 739 2430 ,,ρι’ψασπις
766 2382 804 2415 et
832 2373 1088 2427 λειποτᾶκτης
1127 2382 1207 2426 est,
1246 2377 1317 2414 hoc
1352 2381 1430 2425 est,
1468 2389 1613 2414 summa

99 2443 303 2492 ignominia
328 2445 506 2494 dignus-‘⁶
552 2445 672 2483 Recte
701 2446 869 2495 quidem,
901 2445 976 2483 vid.
1005 2444 1114 2493 hujus
1141 2445 1365 2493 ignominiae
1394 2443 1565 2494 exempla
1589 2457 1613 2482 a

102 2508 288 2556 Bentlejo
315 2511 363 2547 ad
388 2510 424 2548 h.
448 2511 474 2551 l.
506 2511 612 2552 cort.
641 2514 691 2550 ad
719 2513 810 2550 Sall.
835 2513 922 2563 Jug.
950 2513 1027 2558 38,
1054 2513 1093 2551 7.
1135 2512 1248 2548 Hess.
1278 2511 1327 2548 ad
1356 2510 1451 2549 Tac.
1481 2512 1611 2551 Genu.

102 2578 151 2625 6,
176 2577 216 2616 9.
251 2575 383 2616 Stallb.
410 2579 460 2616 ad
487 2578 582 2618 Plat.
610 2581 741 2631 Symp.
771 2583 809 2620 6.
839 2580 894 2630 (p.
928 2578 1022 2619 179.
1053 2579 1115 2629 A.)
1154 2578 1266 2616 allata
1294 2583 1332 2616 et
1359 2579 1408 2616 de
1434 2592 1470 2618 v.
1497 2593 1612 2618 arma

212 2745 249 2792 ²⁸¹)
271 2747 423 2781 Acumen
441 2746 636 2791 particulae
652 2759 760 2794 porro
780 2758 975 2793 quanquam
994 2746 1130 2792 aliquot
1149 2747 1304 2793 interpp.
1325 2760 1395 2782 non
1414 2756 1609 2795 senserunt,

102 2803 139 2838 iu
158 2803 333 2838 commoda
354 2808 468 2837 tamen
487 2802 629 2846 publica
645 2814 846 2850 peccarem,
877 2803 908 2837 si
925 2814 1016 2849 quae
1034 2804 1139 2848 plana
1157 2809 1239 2839 sunt
1254 2804 1392 2850 planius
1411 2805 1606 2843 dilatarem.

54 2863 62 2867 ’
104 2859 175 2900 Qui
199 2860 310 2905 igitur
331 2859 474 2894 aliorum
502 2869 625 2904 parum
649 2863 847 2894 accuratam
874 2859 1201 2905 interpretationem
1224 2872 1328 2896 nosse
1350 2862 1502 2909 gestiet,
1530 2875 1607 2899 eum

105 2916 358 2951 mandabimus
377 2916 421 2950 ad
441 2914 659 2950 Diintzerum
678 2928 716 2960 p.
730 2913 808 2950 458.
828 2958 838 2966 .
