1910 3138
116 182 171 224 69
213 177 495 220 cofflNT.
516 179 573 218 IN
592 178 717 219 HOR.
737 178 836 218 Lm.
861 179 889 217 Ι.
927 178 1091 218 EPIST.
1112 178 1522 217 DUODEVICESlM.
1563 174 1646 217 417

115 295 216 333 dium
243 294 282 332 in
301 305 362 332 vv.
390 292 462 340 30,
480 293 549 342 36,
573 292 644 342 39,
670 293 741 342 69,
769 294 839 341 76,
868 293 923 333 86
950 304 1133 343 quaerere
1156 291 1283 330 velint.
1330 290 1508 330 Tiberius
1534 292 1646 340 enim,

117 367 197 401 tum
216 361 366 413 juvenis
391 360 514 398 bonae
542 361 649 411 spei,
678 373 869 411 nunquam
896 359 944 397 ab
966 359 1125 397 Horatio
1151 359 1301 410 oblique
1325 363 1446 397 tactus
1463 362 1541 405 est;
1569 359 1646 397 vid.

113 442 202 468 ann.
227 429 281 467 *ad
311 430 362 478 9,
391 426 430 468 4.
460 426 546 466 coll.
578 427 736 469 Weber.
764 441 805 478 p.
833 427 928 468 323.
958 427 1009 465 N.
1043 428 1137 468 226.
1186 427 1324 477 Neque
1353 440 1419 465 eos
1442 439 1646 478 moramur,

115 497 178 548 qni
209 496 419 548 Augustum
456 495 658 546 significari
697 496 924 547 opinantur,
965 495 1067 544 quod
1105 495 1130 532 ii
1170 507 1289 545 paene
1329 493 1465 532 faciant
1491 507 1647 533 necesse

114 567 192 613 est,
232 565 296 615 qui
323 562 488 602 Lollium
518 567 662 615 patrem
694 563 753 600 hic
784 563 925 600 vident.
988 563 1066 600 Sed
1097 564 1189 601 satis
1219 563 1268 600 sit
1298 562 1346 598 de
1373 567 1593 612 argumento
1609 563 1648 611 ¹⁸¹)

114 632 343 683 disputasse.

227 699 430 751 Temporis
459 698 606 736 notatio
634 698 821 749 scriptura
850 698 912 736 illa
932 698 1081 748 quidem
1107 711 1141 736 v.
1172 698 1240 738 56.
1272 697 1339 737 57.
1369 695 1501 747 refigit
1527 695 1650 733 IVzmc

113 772 191 806 tam
219 773 323 806 certa
352 771 433 816 est,
468 769 510 803 ut
538 766 768 804 recentiores
797 766 1018 816 chronologi
1046 766 1084 804 in
1118 778 1218 803 anno
1246 764 1340 806 784.
1379 766 1463 815 jure
1489 776 1650 802 consen-

114 836 210 874 tiant
226 837 302 883 **),
349 835 425 881 Qui
451 833 605 871 alteram
635 834 859 885 scripturam
888 833 1019 881 refixit
1049 834 1107 871 Et
1134 846 1241 870 nunc
1268 835 1442 881 tuentur,
1473 835 1513 868 ut
1542 831 1652 868 Mas-

115 917 237 940 sonua
267 902 383 952 (Hor.
414 901 489 942 Vit.
518 915 557 952 p.
583 901 683 951 325)
713 906 750 939 et
785 902 1053 952 Grotesendus
1081 901 1200 951 (Aug.
1234 899 1438 950 Encyclop.
1468 899 1514 935 X.
1543 902 1582 941 2.
1610 912 1649 950 p.

117 970 220 1021 475)
247 969 457 1021 Epistulam
485 981 546 1008 ao.
583 969 679 1009 738.
709 974 750 1007 ut
786 971 867 1019 ille,
906 970 966 1008 vel
994 969 1110 1007 multo
1138 972 1228 1019 post
1264 980 1351 1004 ann.
1380 967 1477 1007 733.
1516 971 1559 1004 ut
1592 966 1652 1004 hic

116 1038 292 1088 scriptam
316 1038 531 1088 opinantur.
594 1037 670 1080 Qui
701 1037 754 1078 M.
781 1037 964 1085 Lollium,
1006 1038 1122 1074 virum
1151 1035 1405 1081 consularem,
1448 1035 1651 1084 significari

114 1105 268 1154 volunt,
308 1109 459 1156 tempus
491 1104 656 1155 scriptae
686 1105 881 1156 Epistolae
907 1106 1122 1142 adxannum
1152 1103 1263 1152 742.‚
1293 1104 1347 1140 uti
1372 1102 1586 1140 Rodelliscs
1613 1108 1652 1142 et

116 1173 335 1219 Dat-erius,
360 1172 543 1211 referunt.

228 1241 275 1278 V.
299 1242 322 1281 1
345 1262 400 1269 —
420 1242 458 1282 8.
486 1241 610 1286 Quum
639 1240 678 1277 in
707 1240 943 1279 concilianda
972 1241 1178 1293 principum
1207 1239 1371 1276 virorum
1397 1236 1560 1275 amicitia
1587 1238 1650 1286 qui

116 1322 197 1349 eam
226 1301 587 1347 commendationem
614 1309 877 1358 quaesiverant
905 1310 953 1346 ad
981 1309 1168 1359 quandam
1197 1306 1483 1355 scurrilitatem,
1514 1310 1556 1343 ut
1587 1318 1650 1342 as-

113 1377 235 1426 solet,
263 1377 373 1428 proni
401 1376 543 1414 inventi
571 1376 773 1415 videantur
802 1391 911 1426 esse,
943 1376 1151 1424 Horatius,
1191 1386 1267 1424 qua
1294 1374 1366 1411 fuit
1402 1373 1439 1410 in
1467 1371 1648 1410 amiculus

114 1445 371 1493 humanitate,
410 1444 497 1493 „de
534 1442 660 1482 Lollio
690 1446 834 1495 optima
859 1456 1028 1495 quaeque
1057 1460 1099 1484 se
1130 1457 1283 1496 sperare
1314 1444 1367 1481 ait
1398 1444 1437 1478 et
1465 1440 1569 1487 fore,
1608 1443 1650 1476 ut

0 1523 7 1544 ³
57 1554 63 1559 ,
117 1513 338 1551 adolescens
368 1512 464 1550 bene
493 1515 659 1549 moratus
688 1515 727 1549 et
753 1511 844 1549 illud
873 1512 1002 1549 vitium
1032 1518 1071 1551 et
1100 1514 1202 1564 quod
1231 1512 1317 1550 huic
1335 1509 1562 1548 contrarium
1590 1512 1650 1546 est

116 1594 185 1619 sua
213 1585 350 1632 sponte
380 1579 566 1617 devitet.“
615 1579 710 1617 Hinc
738 1579 942 1630 explicabis
966 1594 1002 1618 v.
1033 1584 1072 1622 1.
1102 1588 1248 1618 metues
1277 1579 1371 1631 (vid.
1394 1578 1444 1615 ad
1476 1577 1541 1624 16,
1565 1576 1650 1625 60.)

119 1653 159 1686 et
186 1648 393 1699 Epitheton
431 1645 648 1696 liberrime,
688 1648 790 1698 quod
820 1648 942 1698 ipsum
971 1647 1086 1686 Lollii
1124 1649 1290 1687 indolem
1328 1646 1376 1684 ab
1420 1644 1649 1683 assentando

117 1726 274 1765 prorsus
292 1714 450 1751 alienam
469 1714 613 1752 urbane
633 1715 787 1752 indicat.
832 1716 895 1753 Sic
923 1716 1005 1767 pari
1025 1716 1236 1754 urbanitate
1262 1717 1328 1764 17,
1351 1716 1387 1755 1.
1409 1715 1447 1755 2-
1498 1713 1652 1763 Quam·

118 1782 180 1819 vis
209 1802 267 1809 —-
294 1804 350 1810 —
375 1781 439 1818 uti
464 1781 569 1819 dixit.
626 1782 748 1827 Quam
775 1796 855 1821 rem
883 1784 946 1834 qui
975 1797 1107 1835 parum
1129 1785 1189 1822 hic
1210 1782 1493 1829 intellexerant,
1522 1782 1650 1818 sinon

118 1849 155 1886 in
184 1848 448 1900 Superlativo,
476 1849 529 1886 uti
563 1849 782 1901 (It-nquius,
819 1852 951 1902 „quod
981 1852 1018 1890 in
1047 1864 1205 1890 excessu
1232 1854 1291 1888 est
1318 1849 1571 1897 extremum,“
1599 1848 1651 1884 ita

117 1919 159 1953 ut
185 1915 304 1953 Poeta
340 1914 502 1954 Lollium
541 1919 718 1967 „rustica
747 1919 923 1958 libertate
960 1921 1091 1958 rudem
1120 1920 1229 1970 quasi
1258 1917 1437 1956 dedolare
1464 1915 1650 1953 studuerit

117 1982 371 2034 lenioremque
399 1985 478 2022 suis
503 1986 719 2035 efficere,“
758 1994 797 2026 at
822 1988 956 2026 saltem
993 1989 1175 2038 „nimiam
1204 1987 1391 2025 libertatis
1418 1995 1649 2033 exsuperan-

117 2051 235 2088 tiam“
264 2051 453 2090 viderunt.
501 2054 576 2099 Qui
598 2054 791 2093 nobiscum
812 2056 951 2104 sentit,
981 2068 1028 2093 ne
1058 2069 1103 2093 ea
1122 2056 1272 2105 quidem
1300 2052 1539 2092 excusatione
1567 2054 1650 2086 ute-

117 2121 202 2168 tur,
231 2131 306 2169 qua
328 2119 396 2159 I¹r.
429 2120 638 2159 Iaccheius
665 2122 729 2173 (V.
757 2136 796 2174 p.
818 2120 892 2172 78)
922 2121 1084 2160 Lollium
1112 2123 1150 2159 id
1176 2123 1276 2173 quod
1303 2121 1373 2158 sibi
1401 2120 1471 2170 ipsi
1496 2117 1648 2154 debuis-

230 2246 272 2290 *)
305 2246 409 2280 Conf.
440 2248 504 2281 Fr.
529 2247 725 2284 Jacobsium
755 2240 907 2294 quoque'
926 2250 989 2292 (V.
1010 2260 1045 2293 p.
1067 2248 1148 2291 78),
1190 2247 1238 2280 W
1237 2244 1491 2280 alckenuerium
1519 2243 1583 2285 (II.
1610 2254 1645 2287 p.

119 2297 187 2336 174
204 2303 322 2348 sqq·),
348 2303 533 2338 Weber-um
554 2316 590 2350 p.
606 2305 690 2341 301.
727 2306 782 2339 De
796 2304 963 2350 Epistola
978 2305 1064 2338 ficta
1084 2304 1151 2348 [ἳέ]
1171 2302 1261 2336 dixit
1279 2302 1325 2336 W
1326 2302 1494 2335 εἰῶσι-ωε
1509 2298 1545 2333 in
1559 2299 1647 2332 Pro-

117 2357 184 2391 lus.
202 2358 235 2392 Ι.
257 2370 295 2403 p.
315 2360 373 2393 22.

201 2407 264 2456 **)
290 2413 406 2448 Nimio
426 2415 506 2460 plus
518 2415 649 2450 tribuit
667 2416 831 2450 versibus
849 2417 891 2451 61
908 2434 965 2441 -
979 2412 1025 2450 64
1049 2414 1281 2449 Walckenaer
1301 2413 1368 2455 (11.
1385 2423 1419 2456 p.
1436 2411 1539 2453 176)=
1566 2409 1647 2452 „En

118 2464 207 2511 734,
230 2470 366 2513 epoque
388 2471 407 2503 ἡ
426 2470 578 2516 laquelle
596 2473 643 2506 H.
660 2473 789 2506 eet-ivit
810 2475 905 2506 cette
920 2471 1054 2516 epure,
1078 2469 1250 2504 Maximus
1267 2467 1355 2501 &tait
1370 2479 1458 2501 avec
1471 2479 1536 2501 son
1552 2466 1647 2500 frere

118 2524 205 2558 dans
219 2534 285 2557 une
305 2525 438 2559 maison
452 2526 496 2560 de
511 2539 701 2573 campagus
715 2529 760 2563 de
777 2528 854 2561 leur
870 2531 975 2573 pere,
997 2529 1078 2573 pres
1098 2525 1144 2559 du
1159 2526 1214 2559 lac
1228 2523 1379 2566 Lucrin‚
1404 2529 1440 2557 et
1458 2523 1502 2557 ils
1523 2521 1647 2558 s’amu-

119 2580 236 2614 saient
254 2586 334 2614 tous
354 2581 446 2614 deux
461 2583 482 2615 a
500 2582 640 2617 simulet
654 2595 715 2618 sur
729 2597 769 2618 ce
784 2584 839 2617 lac
856 2594 944 2617 avec
959 2583 1004 2617 de
1024 2581 1158 2628 petites
1174 2582 1330 2626 barques
1345 2581 1379 2614 le
1398 2581 1535 2615 fameux
1553 2592 1646 2615 com-

119 2637 181 2671 bat
194 2637 298 2670 navat
313 2635 500 2671 d'Actium.
529 2639 601 2672 Ces
615 2639 707 2674 deux
722 2639 982 2674 circonstances
1001 2649 1087 2672 nous
1102 2642 1279 2683 prouvent
1295 2648 1363 2683 que
1377 2631 1519 2682 l'epitre
1534 2637 1645 2671 d'Ho-

122 2704 202 2727 race
221 2693 275 2727 fut
296 2692 405 2727 ecrite
426 2704 468 2726 en
487 2697 647 2729 automne
663 2700 701 2729 et
715 2695 801 2729 dans
822 2695 855 2729 le
870 2694 958 2729 mois
977 2695 1178 2739 septembre
1190 2720 1202 2738 ‚
1224 2693 1311 2728 mois
1325 2692 1488 2738 prospice
1503 2704 1593 2739 pour
1609 2693 1643 2728 la

47 2778 50 2781 ,
124 2749 265 2792 chasse,
289 2754 327 2784 et
346 2760 388 2783 au
410 2754 701 2784 commencement
719 2752 847 2796 duquel
866 2750 1008 2785 avaient
1028 2750 1097 2785 lieu
1113 2749 1162 2784 les
1180 2750 1267 2795 jeux
1287 2749 1499 2796 Actiaques,
1522 2750 1643 2785 fundes

124 2815 190 2850 par
207 2806 390 2851 Αιιςιιεεῐειι
410 2810 479 2841 etc.
516 2806 565 2841 At
582 2806 752 2841 Horatius
766 2806 877 2842 verbo
895 2807 1069 2843 interdum
1088 2806 1199 2841 utitur
1210 2833 1220 2852 ‚
1241 2811 1280 2840 ut
1299 2806 1412 2841 ludum
1427 2806 1576 2842 subinde
1589 2819 1646 2842 re·

128 2861 272 2905 petitum
289 2861 435 2900 indicet.
