1910 3138
251 189 335 233 286

319 317 486 368 Cautus
523 317 634 363 enim
668 317 818 362 metuit
849 315 1022 364 foveam
1053 313 1180 378 lupus
1213 318 1501 378 accipiterque

829 165 1201 236 ΗοιιΑΤιι

1703 193 1788 251 m

323 398 562 457 suspectos
596 397 776 456 laqueos
812 398 857 441 et
893 399 1088 458 opertum
1121 397 1276 443 miluus
1310 398 1499 457 hamum,

318 477 514 523 Oderunt
547 489 730 536 peccare
763 477 862 522 boni
895 477 1064 522 virtutis
1097 490 1263 524 amore.

246 638 269 672 6
292 637 332 681 (a
348 638 382 671 1.
395 635 462 681 ιιι.)
490 636 589 677 Pott.
606 638 638 672 1.
653 637 689 672 7.
716 636 800 682 (sed
813 648 884 672 non
904 636 1013 672 satis«

246 693 434 738 distincte)
458 691 545 739 Lps.
570 694 605 730 2.
626 693 661 728 3.
683 693 807 740 (paulo
831 692 991 738 divisim)

245 750 345 785 Mon.
360 752 395 786 6.
413 749 508 784 Edd.
524 750 762 797 &aq-Bentl.
778 749 859 797 (qui
874 754 990 797 uterq.

246 807 351 854 defi),
374 818 462 853 quos
477 818 552 852 seq.
567 807 759 843 recentior.
786 809 864 842 fere
885 818 977 845 omn.
967 833 990 853 .,

246 865 546 911 approbaruntH.
557 863 730 912 Stephan.
739 865 778 900 in
784 865 901 901 Diatr.
913 876 988 900 sec.

246 934 285 968 p.
302 922 383 958 136.
399 922 461 956 alii
476 933 535 968 ap.
551 922 618 958 Fe.
632 928 747 969 negat
761 927 876 967 atque.
898 921 990 960 Mss.

245 978 352 1026 reliq.
369 982 407 1015 et
422 978 568 1013 aliorum
583 982 621 1013 et
634 983 749 1016 nostr.
764 979 861 1014 Edd.
877 979 990 1025 vulg„

245 1036 354 1072 etiam
375 1037 482 1072 Baxt.
504 1035 583 1071 Jon.
608 1036 741 1071 Sandb.
761 1035 860 1072 Batt.
881 1038 992 1072 Gesn.

245 1093 370 1128 Oberl.
417 1091 542 1129 Comb.
591 1091 680 1128 Bad.
724 1094 847 1140 Camp.
890 1093 991 1128 Pott.

245 1149 380 1197 Charp.
414 1149 531 1185 Amar.
576 1149 760 1195 renuitque
799 1155 992 1197 negatque.

245 1208 316 1242 Μ’.
330 1219 390 1243 ιιιι.
403 1207 541 1242 Bersm.
553 1206 677 1241 Comb.
692 1206 736 1243 D.
752 1207 833 1242 Val.
848 1211 922 1241 tres
934 1207 994 1252 [21]

244 1265 316 1299 Ed.
341 1264 454 1300 Daru.
499 1263 563 1298 Sic
588 1266 627 1298 et
651 1266 803 1310 propter
822 1262 993 1309 scriptur.

246 1321 350 1357 duor.
371 1320 454 1356 cdd.
476 1319 595 1356 renuit
611 1325 792 1367 negatque
809 1319 994 1366 legendum

246 1377 386 1415 censuit
409 1378 582 1412 Torrent.
609 1382 671 1412 aut
694 1377 811 1414 remit
837 1377 993 1424 negitat-

245 1446 323 1480 que.
351 1433 548 1479 renuitque.
573 1434 644 1469 Ed.
663 1433 778 1481 princ.
798 1446 857 1480 ap.
878 1435 990 1469 Gesn.

246 1492 432 1527 et.Comb.
445 1510 494 1517 -
507 1491 685 1527 Sabellus.-
703 1491 766 1526 Sic
780 1490 865 1526 dist.
881 1491 994 1526 Gesn.

247 1549 372 1584 Comb.
392 1549 504 1583 Zeun.
521 1547 630 1583 Both.
649 1551 688 1584 et
706 1548 878 1595 complur.
902 1547 995 1583 Vide

246 1605 340 1640 infla
369 1617 406 1640 v.
434 1603 493 1641 50.
543 1605 617 1647 Qui
642 1608 759 1640 autem
786 1605 996 1652 particulam

248 1668 352 1707 atque
383 1661 621 1708 postpositam
659 1662 729 1698 sibi
767 1662 996 1708 persuadent,

245 1731 320 1754 rem
354 1719 491 1753 Poetae
528 1731 676 1765 prorsus
715 1719 898 1766 indignam
929 1719 998 1755 tri-

244 1777 370 1818 buunt,
390 1787 510 1811 omnes
531 1775 622 1811 enim
639 1775 721 1820 loci,
742 1777 871 1823 quibus
893 1782 998 1822 atque

245 1832 417 1879 postponi
439 1831 582 1867 videtur
608 1832 790 1877 (Dillenb.
810 1833 856 1868 ad
874 1833 996 1881 Epod.

248 1890 314 1934 17,
343 1885 427 1933 4.)‚
467 1901 508 1923 eo
541 1890 645 1924 modo
678 1890 882 1935 explicandi
914 1893 998 1924 sunt

248 1957 351 1994 quem
370 1946 584 1981 monstravit
602 1946 785 1992 Bentlejus
805 1947 850 1981 ad
868 1947 946 1981 Sat.
961 1947 994 1990 1,

247 2001 291 2049 4,
320 2003 400 2039 107.
451 2001 646 2037 verissime
679 2013 818 2048 quoque
853 2003 898 2037 de
928 2003 996 2038 hac

248 2072 290 2095 re
318 2058 503 2106 disputant
532 2059 679 2104 Godosr.
703 2060 930 2094 Heu-mannus
957 2059 995 2093 in

249 2116 435 2165 „NJbb.“
461 2113 565 2152 1841.
591 2115 768 2151 XXXIII.
792 2116 828 2151 3.
854 2128 891 2162 p.
914 2114 995 2151 252.

249 2179 287 2210 et
311 2173 487 2220 Hauptius
507 2173 545 2207 in
575 2173 733 2208 Observ.
753 2172 851 2210 critt.
878 2183 915 2218 p.
935 2168 995 2207 48.

250 2229 347 2276 Quid
377 2228 547 2277 quaeris?
583 2228 736 2264 Verbum
764 2228 998 2276 frequentati-

247 2298 330 2322 vum
350 2292 391 2321 ut
408 2286 495 2323 alias
513 2287 552 2321 in
571 2286 721 2333 simplex
734 2289 871 2321 temere
885 2289 998 2321 muta-

249 2350 324 2380 tum
342 2348 412 2380 est.
451 2343 556 2379 Conf.
578 2344 696 2380 Schm.
717 2343 763 2378 ad
782 2344 816 2379 h.
839 2343 864 2379 l.
894 2343 995 2378 Cort-

251 2407 288 2439 et
306 2401 425 2439 Kritz.
450 2401 495 2436 ad
515 2401 602 2436 Sall.
622 2402 703 2446 Jug.
723 2402 804 2445 111,
823 2402 856 2437 2.
885 2401 996 2435 Goer.

250 2458 294 2493 ad
315 2458 394 2493 Cic.
409 2457 545 2494 Acadd.
563 2459 596 2503 2,
615 2460 671 2495 22.
687 2470 725 2504 p.
743 2458 823 2494 129.
843 2461 882 2492 et
896 2457 997 2492 Gies.

250 2515 295 2550 ad
315 2515 393 2549 Cic.
410 2515 455 2550 de
471 2513 591 2550 Divin.
614 2517 647 2559 1,
669 2516 702 2561 1,
724 2516 757 2552 2.
778 2514 860 2550 coli.
878 2513 996 2550 Hand.

251 2573 361 2607 Turs.
381 2573 410 2606 I.
431 2583 467 2617 p.
490 2571 572 2607 512.

306 2629 350 2662 V.
381 2627 439 2663 50.
475 2629 608 2674 Captus
633 2639 730 2662 nam.
773 2627 845 2662 Ms.
879 2627 933 2663 Ik.
964 2622 1000 2662 4.

252 2682 374 2718 Barth.
395 2685 488 2719 Adv.
511 2685 570 2729 37,
592 2686 649 2722 22.
663 2704 721 2711 ——·
734 2689 880 2719 metuat.
898 2684 997 2719 Mon.

250 2738 287 2771 b.
311 2759 357 2766 -
373 2744 528 2784 foveam.-
549 2742 601 2787 [,]
621 2743 696 2788 lup.
731 2741 794 2776 Sic
812 2752 1000 2787 perperam

252 2793 336 2830 dist.
366 2796 446 2835 edd.
477 2797 588 2832 Fabr.
614 2798 727 2834 Pulm.
746 2797 829 2833 Bas.
850 2797 932 2834 580.
952 2797 998 2833 al-

254 2868 302 2874 -·
321 2851 364 2882 V·
378 2852 435 2889 51.
453 2854 651 2900 Suspectus.
666 2855 757 2889 Mss.
772 2859 848 2889 tres
859 2855 997 2890 Bersm.

253 2907 364 2941 Gesn.
386 2907 420 2941 3.
452 2910 531 2944 Val.
552 2922 627 2947 sex.
646 2911 712 2946 Fe.
736 2913 753 2947 1
767 2938 777 2956 ‚
800 2924 831 2946 c.
850 2916 878 2947 t.
903 2912 943 2958 (a
963 2913 997 2947 2.

1037 636 1105 682 m.)
1129 638 1173 681 2,
1189 636 1228 674 d.
1245 636 1291 683 3,
1315 636 1351 675 d.
1371 639 1414 683 6,
1432 649 1468 675 a.
1487 639 1532 683 7,
1558 638 1592 678 b.
1620 639 1727 677 Dess.
1749 640 1782 674 1.

1032 691 1138 739 Lips.
1167 693 1201 730 2.
1235 693 1278 739 (a
1299 695 1333 729 1.
1354 690 1421 739 m.)
1453 694 1598 730 corbei.
1633 695 1781 730 Mentel.

1036 749 1134 786 Mon.
1160 761 1195 785 a.
1224 761 1256 785 c.
1283 750 1311 785 f.
1331 749 1360 786 i.
1388 750 1563 787 Be'niA.
1582 750 1628 787 R.
1646 751 1674 787 f.
1703 752 1785 788 Am-

1037 808 1135 842 bros.
1154 806 1198 841 B.
1218 805 1313 842 Edd.
1333 807 1422 843 Ven.
1439 805 1522 844 477.
1541 809 1599 844 81.
1631 809 1785 857 διεφθη-

1035 876 1102 900 sos.
1122 863 1268 899 Hildeb.
1283 863 1377 902 Mor.
1395 864 1487 912 phil.
1506 877 1539 901 c.
1557 865 1640 912 995.
1661 869 1782 903 etms.
1845 867 1852 873 '
1880 842 1883 843 ⁷

1034 932 1094 957 ιιιι.
1124 920 1261 957 Bersm.
1288 940 1345 948 —
1377 923 1593 969 andepo-mn.
1628 922 1699 960 Ms-
1721 934 1782 961 un.

1034 979 1171 1014 Bersm.
1189 978 1255 1014 Fe.
1278 979 1312 1023 1,
1331 978 1424 1024 ιι.3,
1444 991 1480 1016 a.
1499 979 1542 1024 7,
1555 978 1781 1025 ’.Βηθὴλ

1035 1035 1134 1071 Μοιι.
1150 1035 1187 1070 b.
1204 1034 1299 1071 vict.
1314 1039 1428 1071 etun.
1445 1048 1504 1083 ap.
1522 1028 1651 1072 Barth.
1668 1037 1781 1083 (Λᾶν.

1036 1092 1096 1138 37,
1119 1094 1175 1129 22.
1206 1092 1268 1139 qui
1285 1093 1423 1139 probat·
1440 1097 1479 1128 et
1497 1092 1672 1140 explicat.
1699 1104 1786 1130 cura

1037 1150 1258 1195 absconsum,
1278 1149 1326 1194 gl.
1344 1149 1548 1194 cadavere).
1566 1150 1664 1186 Edd.
1684 1150 1783 1189 Med.
1824 1156 1829 1159 ⁴
1877 1133 1885 1159 ¹⁷

1038 1203 1122 1242 474.
1141 1206 1232 1242 Ven.
1247 1203 1329 1244 477.
1348 1207 1408 1242 79.
1426 1206 1486 1243 83.
1503 1207 1560 1242 86.
1579 1206 1690 1242 Loch-
1701 1205 1787 1245 498.

1039 1263 1140 1298 Flor.
1162 1259 1243 1299 482.
1264 1263 1310 1298 al.
1333 1268 1371 1298 at
1389 1268 1501 1309 opert.
1521 1263 1593 1298 Ms.
1611 1263 1677 1302 Fe.
1699 1266 1733 1310 1,
1747 1276 1786 1300 ιι.

1038 1320 1138 1356 Μοιι.
1157 1331 1202 1354 m.
1223 1319 1316 1355 Edd.
1334 1315 1418 1355 481.
1435 1319 1495 1355 98.
1513 1318 1597 1356 Aac.
1616 1333 1660 1356 ac
1673 1327 1785 1368 opert.

1037 1376 1107 1411 Ed.
1122 1376 1223 1423 Lips.
1237 1373 1320 1414 492.
1334 1378 1373 1412 et
1389 1380 1486 1422 teste
1498 1375 1576 1412 Fen
1587 1373 1671 1413 499.
1690 1378 1783 1414 Ven.

1037 1433 1119 1471 492.
1159 1433 1306 1479 Vulgat.
1338 1437 1487 1469 servant
1520 1433 1665 1480 Cadom.
1699 1430 1784 1471 480.

1039 1489 1121 1526 Ald.
1144 1489 1244 1531 Junt.
1265 1510 1321 1517 —
1348 1490 1487 1526 miluus.
1507 1489 1596 1530 Mus.
1614 1491 1728 1526 Pulm.
1749 1493 1784 1528 2.

1039 1547 1074 1582 3.
1094 1548 1206 1595 eruq.
1227 1549 1260 1592 1,
1277 1547 1405 1583 a-vd,
1415 1547 1544 1594 Aeaeis.
1558 1547 1595 1586 3.
1608 1543 1646 1583 4.
1663 1538 1785 1584 1301'01.

1041 1606 1076 1641 2.
1108 1604 1219 1640 Goth.
1240 1605 1327 1651 Lps.
1352 1605 1386 1640 1.
1413 1603 1450 1639 3.
1485 1604 1599 1640 Dcrv.
1615 1606 1655 1641 1.
1685 1604 1785 1649 Μοιι.

1039 1665 1081 1696 ut
1098 1661 1172 1697 vid.
1193 1673 1284 1699 omn.
1304 1660 1412 1696 Bern.
1431 1661 1475 1697 A.
1494 1661 1542 1695 E.
1560 1661 1676 1704 Rc..
1703 1661 1788 1699 Am-
1859 1639 1873 1708 ,Ἰ

1040 1719 1139 1753 bros.
1158 1717 1202 1754 Α.
1218 1719 1263 1757 C.
1279 1717 1324 1752 F.
1341 1718 1385 1754 P.
1406 1717 1477 1752 Ed.
1495 1719 1611 1765 princ.
1631 1717 1730 1764 Med.'
1743 1721 1788 1754 'et
1864 1752 1869 1760 ,

1040 1772 1125 1811 474.
1147 1779 1185 1810 et
1201 1775 1331 1822 pleriq.
1351 1778 1518 1818 recentt.;
1540 1775 1611 1811 def.
1631 1775 1719 1812 Dac.
1739 1775 1786 1813 ad
1855 1787 1871 1795 ⁶

1041 1831 1077 1867 h.
1093 1832 1118 1866 l.
1139 1835 1177 1866 et
1192 1831 1298 1867 Torr.
1321 1831 1500 1867 Vanderb.
1521 1826 1587 1869 Fe.
1605 1832 1651 1867 ad
1665 1833 1785 1879 Epod.

1043 1890 1099 1934 16,
1118 1889 1178 1925 32.
1199 1888 1358 1935 interpp.
1381 1889 1427 1924 ad
1445 1889 1601 1946 Phaedr.
1621 1890 1655 1934 1,
1675 1889 1734 1935 31,
1748 1889 1784 1924 3.
1865 1914 1867 1919 -

1041 1946 1084 1980 C.
1108 1945 1273 1981 Schneid.
1298 1945 1508 1981 Elementrl.
1526 1957 1570 1992 p.
1598 1915 1681 1982 364.
1711 1945 1788 1984 σεί-
1862 1942 1867 1958 ³

1039 2002 1125 2037 vius.
1144 2001 1239 2036 Edd.
1261 2003 1360 2048 vulg.
1392 2003 1686 2038 mametham.
1713 2001 1787 2048 Μ’.

1039 2059 1163 2093 Barth.
1184 2059 1249 2094 l.l.
1271 2059 1380 2094 Bern.
1402 2061 1449 2094 G.
1468 2058 1631 2095 Ambros.
1649 2059 1692 2094 Ρ.
1714 2059 1782 2095 Ed,

1040 2115 1154 2160 princ.
1171 2115 1268 2150 Med.
1281 2121 1318 2151 et
1327 2111 1410 2151 474.
1432 2117 1481 2152 ad
1490 2127 1620 2160 amum,
1631 2116 1785 2151 lemnum.
1847 2116 1865 2155 ζ

1040 2171 1204 2206 Ambros.
1225 2172 1269 2206 C.
1286 2172 1406 2206 Guelf.
1422 2169 1458 2207 4.
1482 2171 1536 2206 De
1555 2171 1785 2217 aspiratione,

1041 2238 1142 2274 quam
1161 2228 1329 2262 omittunt
1347 2228 1516 2274 complur.
1531 2227 1609 2264 cdd.
1626 2232 1667 2262 ut
1679 2227 1784 2263 Dess.
1849 2243 1862 2266 f

1041 2286 1074 2321 2.
1097 2284 1259 2319 Ambros.
1278 2285 1320 2319 P.
1341 2284 1447 2319 nem.
1467 2285 1510 2319 c,
1531 2284 1626 2320 conf.
1647 2285 1784 2320 omn.
1850 2275 1859 2311 f

1041 2341 1088 2376 ad
1110 2340 1215 2387 Apul.
1242 2340 1287 2376 de
1311 2341 1432 2387 Aspir.
1460 2353 1498 2387 p.
1520 2341 1578 2376 89.
1610 2341 1700 2376 Post
1717 2342 1785 2377 Ιιιι-
1850 2342 1852 2347 ’

1041 2409 1136 2434 mum
1156 2401 1288 2444 puncto
1317 2397 1400 2433 dist.
1421 2401 1568 2444 praeter
1591 2393 1785 2439 Tartaron.

1042 2459 1080 2489 et
1094 2454 1265 2490 Duntzer.
1267 2455 1359 2502 ,qui
1378 2467 1413 2490 v.
1429 2466 1505 2501 seq.
1521 2455 1566 2491 ad
1580 2455 1672 2494 hunc
1685 2460 1786 2513 recte

1042 2513 1217 2546 referunt.

1043 2636 1102 2672 ap.
1121 2625 1233 2660 Pulm.
1278 2626 1368 2660 Post
1386 2625 1478 2660 hunc
1496 2635 1657 2668 versum,
1683 2633 1785 2671 quen

1045 2686 1083 2717 et
1109 2693 1145 2718 v·
1175 2680 1232 2717 53.
1267 2682 1388 2717 laudat
1415 2682 1578 2716 Vincent.
1605 2680 1786 2726 ΒοΙΙρνωο..

1045 2738 1189 2786 Specul.
1210 2737 1335 2774 histor.
1356 2740 1398 2783 7,
1417 2740 1494 2782 68.,
1515 2737 1665 2772 habent=
1697 2737 1785 2780 Odc-
1859 2726 1891 2749 ⁸

1042 2801 1127 2832 runt
1153 2807 1300 2842 peccare
1326 2794 1412 2830 mali
1427 2792 1619 2840 formidine
1649 2802 1786 2838 poenae

1043 2863 1125 2888 mss.
1145 2853 1269 2887 Comb.
1289 2852 1332 2887 D.
1351 2851 1394 2885 F.
1415 2851 1460 2885 G.
1481 2851 1521 2894 (a
1541 2851 1573 2885 2.
1592 2849 1656 2893 m.)
1692 2847 1782 2884 Bad-

1045 2911 1078 2947 1.
1097 2909 1133 2944 3.
1162 2910 1214 2946 11(.
1233 2906 1269 2945 4.
1301 2907 1420 2943 Guelf.
1441 2907 1474 2940 1.
1511 2907 1580 2950 (an
1604 2904 1782 2952 reliq.‘3!)

1101 2569 1142 2602 V.
1158 2567 1216 2605 52.
1236 2568 1375 2615 pietatis
1394 2579 1524 2605 amore.
1555 2567 1624 2604 Ma.
1643 2579 1703 2603 un·
1723 2567 1785 2613 (k)
