1910 3138
150 203 209 249 w
262 197 543 247 mmm·
556 204 615 245 m
630 202 1519 251 HOR.L1B.1.EPIST.QUART.DEcm.
1574 198 1659 242 217

150 337 281 381 οων,
300 331 506 368 mure
530 330 835 382 potest.1d.de
862 330 976 369 offic.
1007 331 1046 380 1,
1074 327 1143 380 40,
1173 327 1267 371 145.
1296 329 1433 368 metior
1458 330 1660 367 actionum

152 398 304 451 qm
291 410 485 436 canorum
507 405 716 436 concentus
744 405 812 437 eet.

167 477 172 481 ·
202 487 207 490 ·
261 464 310 505 V.
336 467 404 508 32.
442 466 497 505 Ut
523 473 657 505 tenues
686 474 801 519 togae
832 467 984 519 (oppos.
1016 466 1158 503 crassis
1182 465 1264 504 Sat.
1293 466 1343 515 1,
1369 464 1419 514 3,
1449 463 1515 505 15
1504 491 1539 514 ,
1563 463 1659 514 pin-

148 531 300 586 giiibue
326 533 433 572 Suet.
460 534 595 574 octav.
629 535 722 583 82,
760 535 875 573 hirtis
903 530 1397 587 Quintil.lnst.12‚10'‚
1424 529 1512 582 47)
1541 531 1660 569 1101111·

150 610 242 639 m
263 601 539 653 elegantiorum
577 606 706 651 erant,
742 602 795 641 ita
835 602 955 639 nitidi
980 600 1121 651 capilli
1154 601 1179 639 i.
1209 613 1245 638 e.
1276 598 1477 651 :mguentis
1504 596 1661 636 delibuti

153 665 378 720 (odoratum
414 676 539 720 caput
571 671 652 708 Sat.
688 671 736 719 2,
774 671 822 719 7,
859 669 945 721 55.)
974 669 1256 707 convivantium.
1299 667 1413 705 Ovid.
1450 665 1499 704 A.
1536 666 1583 704 Δ.
1618 664 1660 713 3,

152 733 238 778 443
258 749 343 788 sqq.
371 736 460 775 Nec
479 748 600 774 ‘coma
624 751 693 774 νοε
712 736 844 787 sallat
870 737 1026 789 liquida
1052 737 1293 774 m'tckiiseima
1315 734 1465 773 nardo.-
1493 755 1544 762 —
1575 733 1663 770 Nx

152 810 251 855 'toga
285 804 459 855 decipiat
475 805 558 853 filo
594 806 837 846 tenuissima.
878 804 1091 844 Maximian.
1118 804 1230 854 Eleg.
1262 807 1308 853 1,
1339 804 1432 844 177·
1467 801 1662 851 (Wemd-

155 870 220 910 VI.
248 885 289 924 Ρ.
313 873 416 924 300)
455 873 584 923 Turpe
610 874 696 910 seni
718 872 852 910 vultus
879 873 997 910 niu'dc
1019 879 1215 924 vestesque
1238 871 1413 909 decorae.
1450 870 1565 909 Mart.
1595 869 1664 918 12,

153 939 224 989 38,
255 941 293 980 3.
337 941 453 978 Crine
483 942 611 978 nitens
620 970 637 987 ,
666 942 780 993 niger
806 947 1032 993 unguento,
1056 940 1285 992 perlucidus
1311 946 1424 977 ostro.
1462 932 1665 986 nimiast)

155 1000 205 1044 'ad
237 1008 312 1046 od.
343 1010 383 1059 1,
409 1005 449 1054 4,
479 1007 518 1047 9.
548 1011 589 1058 2,
618 1011 659 1058 7,
689 1011 728 1049 7.
758 1009 886 1046 Burm-
917 1009 966 1046 ad
989 1009 1147 1047 Petron.
1179 1008 1272 1048 109.
1300 1020 1338 1058 Ρ.
1359 1004 1454 1047 504.
1482 1004 1588 1043 Diss.
1617 1002 1666 1041 ad

157 1073 247 1113 Tib.
280 1076 318 1125 1,
348 1077 395 1126 7,
425 1075 491 1117 51.
523 1075 697 1115 Hildebr.
729 1077 778 1114 ad
804 1075 916 1127 Apul.
949 1076 1042 1116 Met.
1072 1075 1121 1126 5,
1149 1075 1217 1116 30.
1253 1088 1292 1126 Ρ.
1316 1075 1413 1116 389.
1442 1095 1497 1102 --
1524 1074 1571 1111 V.
1598 1071 1665 1112 33.

155 1142 371 1180 immunem
398 1143 568 1181 Cinarae
593 1146 759 1195 rapaci,
787 1156 913 1195 „quae
940 1143 1022 1182 aliis
1050 1156 1185 1195 rapere
1214 1142 1360 1181 solebat
1385 1142 1420 1180 ei
1447 1141 1529 1179 sine
1556 1139 1666 1178 donis

156 1209 321 1262 phenif‘
357 1210 414 1249 lta
439 1210 529 1250 Tib.
552 1213 593 1261 2,
617 1211 659 1263 4,
691 1212 759 1253 25.
784 1226 913 1263 rapax
939 1212 1114 1253 donam.
1154 1211 1267 1249 Conf.
1292 1209 1453 1249 Taubm.
1475 1209 1526 1246 ad
1544 1207 1667 1246 Plaut.

157 1275 275 1317 Troe.
294 1280 336 1327 2,
362 1280 400 1328 1,
431 1279 497 1321 23.
527 1284 566 1319 et
589 1280 655 1318 Fr.
679 1281 820 1319 Jacobs
848 1281 896 1318 ad
918 1280 1064 1321 Delect.
1090 1279 1224 1331 Epigr.
1255 1291 1312 1329 gr.
1334 1280 1377 1328 7,
1399 1278 1466 1328 16,
1494 1276 1534 1316 3.
1575 1275 1667 1313 Inde

158 1344 263 1383 bona
287 1351 444 1386 vocatur
470 1347 547 1385 od.
574 1346 622 1404 4,
650 1350 696 1398 1,
726 1349 790 1398 3.,
828 1347 892 1386 ubi
910 1347 1073 1400 felicem
1108 1352 1243 1399 utpote
1278 1351 1463 1385 mortuam
1494 1342 1671 1392 intelligit

158 1413 316 1453 doctiss.
349 1414 653 1467 Peerlkampiue
666 1444 681 1462 ‚
713 1417 782 1454 sed
810 1417 979 1454 similiter
1006 1415 1096 1454 Tib.
1127 1418 1167 1466 2,
1195 1414 1237 1466 4,
1266 1411 1334 1456 45.
1364 1414 1471 1463 (ibiq.
1500 1411 1667 1450 Broukh.

161 1482 247 1520 coll.
273 1484 404 1533 Bergl.
433 1484 481 1522 ad
508 1483 674 1534 Alciphr.
704 1485 743 1532 1,
772 1483 842 1532 38,
873 1483 939 1525 10.
963 1483 1119 1534 Forbig.
1153 1484 1203 1521 ad
1228 1483 1334 1532 Virg.
1362 1481 1459 1522 Aen.
1486 1483 1525 1530 1,
1555 1477 1668 1526 195.)

158 1548 223 1586 At
244 1549 348 1587 bona
358 1579 373 1597 ,
406 1564 508 1602 quae
531 1565 602 1588 nec
628 1564 756 1587 avara
771 1550 875 1601 suit.
912 1551 1076 1603 Propter
1091 1550 1270 1601 Epitheta
1288 1550 1504 1587 immunem
1530 1545 1671 1599 (Bentl.

162 1621 203 1655 et
229 1618 340 1656 Both.
368 1619 418 1656 ad
449 1618 523 1656 od.
559 1618 600 1666 8,
628 1618 696 1667 23,
730 1619 798 1658 17.
826 1617 910 1656 coll.
940 1617 978 1664 4,
1010 1620 1077 1668 12,
1109 1617 1194 1671 23.)
1222 1622 1261 1656 et
1286 1618 1429 1669 rapaci
1453 1617 1492 1654 vi
1519 1618 1669 1653 eontra-

160 1685 298 1723 riorum
335 1685 527 1735 eleganter
562 1685 688 1736 posita
721 1698 799 1723 non
826 1687 1013 1724 assentior
1047 1685 1286 1738 Grotesendo
1313 1684 1369 1737 (p.
1396 1682 1529 1734 464),
1558 1693 1670 1733 quum

159 1753 394 1802 Adiectivum
407 1766 536 1803 rapax
555 1765 636 1790 cum
656 1752 774 1790 vultu
798 1755 967 1791 nimium
992 1753 1144 1791 lubrico
1163 1758 1368 1805 comparat.
1398 1752 1565 1803 (Interim
1586 1750 1669 1787 lau-

161 1822 253 1859 dare
280 1825 431 1872 poterat
465 1820 638 1858 Beierum
664 1821 714 1858 ad
742 1820 821 1859 Cic.
850 1821 957 1862 Lael.
987 1821 1063 1873 14,
1091 1821 1130 1862 5.
1162 1835 1200 1873 p.
1229 1821 1334 1874 79.).
1378 1821 1604 1870 Quanquam
1631 1821 1671 1855 et

159 1888 250 1926 mihi
281 1892 322 1926 ut
349 1889 422 1939 ipsi
451 1888 613 1938 Glycera
639 1892 679 1926 et
712 1888 861 1926 Cinara
886 1902 961 1927 una
987 1891 1193 1940 eademque
1218 1889 1346 1941 puella
1366 1889 1515 1926 videtur
1539 1887 1668 1934 fuisse,

163 1956 266 2007 quod
299 1955 400 1994 idem
432 1957 572 1995 sentire
599 1955 847 1994 Diintzemm
882 1970 922 2007 p.
951 1957 1020 1997 36.
1053 1958 1177 1996 video.
1220 1957 1298 1995 Sed
1334 1957 1384 1994 de
1419 1955 1491 1993 hoc
1525 1951 1672 1992 Horatii

159 2036 287 2069 amore
330 2036 401 2074 pro
441 2024 696 2063 Romanorum
732 2023 898 2062 moribus
936 2038 1014 2062 non
1051 2026 1253 2063 inhonesto
1290 2026 1392 2062 varie
1431 2024 1670 2073 disputarunt

163 2091 231 2130 viri
266 2091 414 2129 eruditi.
470 2092 611 2130 Confer
645 2098 799 2144 praeter
827 2092 911 2131 ill‘os
953 2093 1066 2133 Guil.
1104 2093 1330 2131 Fic'rstenau
1368 2092 1416 2129 de
1458 2090 1670 2127 Carminum

165 2158 254 2209 aliq.
282 2159 429 2197 Horatii
448 2159 702 2210 chronologia.
730 2160 852 2199 Marb.
876 2161 997 2201 1838.
1023 2175 1063 2212 Ρ.
1079 2161 1133 2201 53
1151 2183 1199 2188 -
1218 2162 1287 2202 62.
1323 2158 1480 2197 Weber.
1501 2158 1539 2194 in
1567 2154 1669 2204 „Ar-

165 2226 280 2264 chiv“
307 2241 346 2279 p.
367 2227 448 2269 255
466 2248 523 2254 -
542 2227 636 2269 259.
667 2232 705 2266 et
732 2229 772 2266 in
795 2228 879 2268 libr.
903 2241 971 2266 suo
993 2241 1033 2279 Ρ.
1058 2229 1112 2268 73
1127 2241 1213 2278 sqq.
1246 2225 1503 2275 Dillenburg.
1526 2223 1575 2259 ad
1593 2222 1669 2259 od.

170 2293 219 2343 4,
249 2294 323 2344 13,
353 2296 418 2336 21.
471 2294 632 2347 Teuffil.
664 2295 1000 2345 „Charakteristik
1028 2296 1096 2333 des
1124 2295 1287 2333 Horaz“
1315 2308 1354 2345 p.
1380 2294 1434 2333 87
1462 2304 1546 2341 sqq.
1585 2288 1670 2326 coll.

167 2365 296 2400 annot.
324 2361 373 2398 ad
402 2364 444 2412 7,
471 2363 540 2403 28.
574 2362 619 2399 C'.
646 2364 810 2405 Passer.
838 2365 890 2402 N.
914 2362 1006 2405 214.
1040 2361 1218 2401 Brouklz.
1249 2362 1297 2398 ad
1325 2360 1440 2410 Prop.
1464 2356 1505 2406 4,
1535 2358 1574 2406 1,
1602 2356 1670 2397 95.

280 2428 327 2464 V.
354 2426 423 2468 34.
451 2427 629 2466 bibulum
654 2429 799 2480 liquidi
819 2452 873 2458 —-
897 2430 1071 2467 Falerni.
1111 2430 1262 2467 Nomen
1286 2426 1451 2464 Falerni
1474 2424 1540 2461 hic
1566 2428 1673 2464 θετι-

168 2490 243 2534 κόν
268 2494 416 2532 videtur
444 2508 548 2542 esse3
585 2497 632 2536 ef.
660 2497 815 2548 Forbig.
844 2499 894 2535 ad
924 2498 1025 2547 Vix-g.
1056 2496 1128 2533 Ge.
1158 2497 1207 2542 2,
1235 2493 1302 2533 96.
1326 2515 1383 2521 -
1410 2491 1589 2543 liquidi
1578 2505 1605 2530 1.
1634 2504 1669 2530 e.

170 2560 374 2609 defaecati,
403 2565 444 2598 ut
470 2562 556 2600 Tib.
578 2563 620 2612 3,
648 2566 689 2612 6,
716 2566 783 2606 62.
814 2564 999 2615 (Huschk.
1024 2567 1062 2600 et
1079 2560 1203 2611 Diss.)
1242 2560 1302 2596 Tu
1322 2573 1450 2609 puer,
1482 2561 1522 2605 i,
1548 2559 1670 2611 liqui-

170 2627 267 2664 dum
292 2627 442 2678 fortius
475 2628 578 2665 adde
607 2644 768 2668 merum.
816 2630 928 2668 Mart.
963 2631 1038 2678 12,
1068 2628 1147 2675 60,
1186 2627 1224 2667 8·
1264 2633 1308 2663 ut
1345 2626 1535 2678 liquidem
1563 2634 1671 2677 potet

284 2774 322 2818 *)
340 2775 536 2809 Ridiculum
556 2786 639 2810 sane
657 2776 797 2812 Zurckn‘i
812 2784 1055 2818 commentum,
1083 2785 1152 2819 quo
1177 2774 1299 2820 priora
1321 2776 1432 2809 verba
1458 2774 1503 2810 ad
1526 2774 1667 2810 Horatii

174 2843 301 2877 corpus
320 2832 463 2866 obesum
479 2831 611 2872 refert3
641 2834 822 2868 confundit
839 2833 948 2878 igitur
966 2836 1070 2878 togas
1087 2836 1208 2867 tenues
1224 2842 1300 2867 cnm
1317 2831 1412 2877 togis
1431 2831 1519 2867 mis
1533 2832 1666 2880 gracile

173 2899 299 2933 corpus
319 2886 619 2923 circumdantibus.
