<?xml version="1.0" encoding="UTF-8"?>
<!DOCTYPE html PUBLIC "-//W3C//DTD XHTML 1.0 Transitional//EN"
    "http://www.w3.org/TR/xhtml1/DTD/xhtml1-transitional.dtd">
<html xmlns="http://www.w3.org/1999/xhtml" xml:lang="en" lang="en">
 <head>
  <title>
</title>
<meta http-equiv="Content-Type" content="text/html;charset=utf-8" />
  <meta name='ocr-system' content='tesseract 3.04.00' />
  <meta name='ocr-capabilities' content='ocr_page ocr_carea ocr_par ocr_line ocrx_word'/>
</head>
<body>
  <div class='ocr_page' id='page_1' title='image "./epistolascomment02horauoft_0567.png"; bbox 0 0 1910 3138; ppageno 0'>
   <div class='ocr_carea' id='block_1_1' title="bbox 123 93 1681 187">
    <p class='ocr_par' dir='ltr' id='par_1_1' title="bbox 123 93 1681 187">
     <span class='ocr_line' id='line_1_1' title="bbox 123 93 1681 187; baseline -0.004 -16"><span class='ocrx_word' id='word_1_1' title='bbox 123 96 237 171; x_wconf 70' lang='lat'><strong>⁵211</strong></span> <span class='ocrx_word' id='word_1_2' title='bbox 427 93 430 96; x_wconf 34' lang='lat'><strong>⁴</strong></span> <span class='ocrx_word' id='word_1_3' title='bbox 778 122 1057 187; x_wconf 67' lang='lat' dir='ltr'><strong>armosos</strong></span> <span class='ocrx_word' id='word_1_4' title='bbox 1593 121 1681 165; x_wconf 79' lang='lat'><strong>559</strong></span> 
     </span>
    </p>
   </div>
   <div class='ocr_carea' id='block_1_2' title="bbox 124 236 1681 694">
    <p class='ocr_par' dir='ltr' id='par_1_2' title="bbox 124 236 1681 694">
     <span class='ocr_line' id='line_1_2' title="bbox 150 236 1679 293; baseline -0.001 -16"><span class='ocrx_word' id='word_1_5' title='bbox 150 251 329 292; x_wconf 57' lang='lat' dir='ltr'><strong>arguere,</strong></span> <span class='ocrx_word' id='word_1_6' title='bbox 361 238 427 290; x_wconf 86' lang='lat' dir='ltr'><strong>qui</strong></span> <span class='ocrx_word' id='word_1_7' title='bbox 453 241 498 276; x_wconf 84' lang='lat' dir='ltr'><strong>nt</strong></span> <span class='ocrx_word' id='word_1_8' title='bbox 525 238 743 276; x_wconf 68' lang='lat' dir='ltr'><strong>Mareotim·</strong></span> <span class='ocrx_word' id='word_1_9' title='bbox 776 237 851 277; x_wconf 86' lang='lat' dir='ltr'><strong>hoc</strong></span> <span class='ocrx_word' id='word_1_10' title='bbox 878 238 964 290; x_wconf 84' lang='lat' dir='ltr'><strong>ipso</strong></span> <span class='ocrx_word' id='word_1_11' title='bbox 1002 249 1101 275; x_wconf 90' lang='lat' dir='ltr'><strong>anno</strong></span> <span class='ocrx_word' id='word_1_12' title='bbox 1137 236 1349 293; x_wconf 79' lang='lat' dir='ltr'><strong>Epistolam</strong></span> <span class='ocrx_word' id='word_1_13' title='bbox 1385 237 1567 289; x_wconf 82' lang='lat' dir='ltr'><strong>scriptam</strong></span> <span class='ocrx_word' id='word_1_14' title='bbox 1592 238 1679 290; x_wconf 86' lang='lat' dir='ltr'><strong>opi-</strong></span> 
     </span>
     <span class='ocr_line' id='line_1_3' title="bbox 150 303 1678 356; baseline -0.003 -9"><span class='ocrx_word' id='word_1_15' title='bbox 150 310 307 346; x_wconf 72' lang='lat' dir='ltr'><strong>mtur-</strong></span> <span class='ocrx_word' id='word_1_16' title='bbox 343 305 374 343; x_wconf 88' lang='lat' dir='ltr'><strong>li</strong></span> <span class='ocrx_word' id='word_1_17' title='bbox 398 305 497 344; x_wconf 88' lang='lat' dir='ltr'><strong>enim</strong></span> <span class='ocrx_word' id='word_1_18' title='bbox 524 306 562 343; x_wconf 92' lang='lat' dir='ltr'><strong>in</strong></span> <span class='ocrx_word' id='word_1_19' title='bbox 586 305 720 356; x_wconf 82' lang='lat' dir='ltr'><strong>plagas</strong></span> <span class='ocrx_word' id='word_1_20' title='bbox 748 309 788 342; x_wconf 90' lang='lat' dir='ltr'><strong>et</strong></span> <span class='ocrx_word' id='word_1_21' title='bbox 812 306 910 343; x_wconf 89' lang='lat' dir='ltr'><strong>retia</strong></span> <span class='ocrx_word' id='word_1_22' title='bbox 929 303 980 342; x_wconf 87' lang='lat' dir='ltr'><strong>ad</strong></span> <span class='ocrx_word' id='word_1_23' title='bbox 998 305 1270 355; x_wconf 84' lang='lat' dir='ltr'><strong>expediendum</strong></span> <span class='ocrx_word' id='word_1_24' title='bbox 1288 309 1447 356; x_wconf 80' lang='lat' dir='ltr'><strong>propter</strong></span> <span class='ocrx_word' id='word_1_25' title='bbox 1465 303 1678 355; x_wconf 83' lang='lat' dir='ltr'><strong>complures</strong></span> 
     </span>
     <span class='ocr_line' id='line_1_4' title="bbox 151 370 1679 426; baseline -0.001 -14"><span class='ocrx_word' id='word_1_26' title='bbox 151 372 342 426; x_wconf 69' lang='lat' dir='ltr'><strong>Epistola·</strong></span> <span class='ocrx_word' id='word_1_27' title='bbox 367 386 404 411; x_wconf 89' lang='lat' dir='ltr'><strong>a.</strong></span> <span class='ocrx_word' id='word_1_28' title='bbox 426 386 464 411; x_wconf 88' lang='lat' dir='ltr'><strong>u.</strong></span> <span class='ocrx_word' id='word_1_29' title='bbox 486 370 584 413; x_wconf 84' lang='grc'><strong>734.</strong></span> <span class='ocrx_word' id='word_1_30' title='bbox 607 373 767 423; x_wconf 79' lang='lat' dir='ltr'><strong>scriptas</strong></span> <span class='ocrx_word' id='word_1_31' title='bbox 786 371 956 410; x_wconf 83' lang='lat' dir='ltr'><strong>difficilia</strong></span> <span class='ocrx_word' id='word_1_32' title='bbox 974 384 1062 410; x_wconf 84' lang='lat' dir='ltr'><strong>sese</strong></span> <span class='ocrx_word' id='word_1_33' title='bbox 1084 371 1260 420; x_wconf 86' lang='lat' dir='ltr'><strong>induunt,</strong></span> <span class='ocrx_word' id='word_1_34' title='bbox 1289 371 1362 409; x_wconf 82' lang='lat' dir='ltr'><strong>nisi</strong></span> <span class='ocrx_word' id='word_1_35' title='bbox 1388 372 1443 420; x_wconf 89' lang='lat' dir='ltr'><strong>si,</strong></span> <span class='ocrx_word' id='word_1_36' title='bbox 1469 375 1513 410; x_wconf 85' lang='lat' dir='ltr'><strong>nt</strong></span> <span class='ocrx_word' id='word_1_37' title='bbox 1528 371 1679 410; x_wconf 72' lang='lat' dir='ltr'><strong>Kimb-</strong></span> 
     </span>
     <span class='ocr_line' id='line_1_5' title="bbox 151 437 1678 492; baseline -0.002 -12"><span class='ocrx_word' id='word_1_38' title='bbox 151 454 223 480; x_wconf 66' lang='grc' dir='ltr'><strong>πο·</strong></span> <span class='ocrx_word' id='word_1_39' title='bbox 243 444 284 480; x_wconf 77' lang='lat' dir='ltr'><strong>et</strong></span> <span class='ocrx_word' id='word_1_40' title='bbox 313 439 539 478; x_wconf 75' lang='lat' dir='ltr'><strong>Fumenau</strong></span> <span class='ocrx_word' id='word_1_41' title='bbox 553 440 617 492; x_wconf 80' lang='lat'><strong>*),</strong></span> <span class='ocrx_word' id='word_1_42' title='bbox 654 441 749 478; x_wconf 87' lang='lat' dir='ltr'><strong>hanc</strong></span> <span class='ocrx_word' id='word_1_43' title='bbox 777 438 986 491; x_wconf 83' lang='lat' dir='ltr'><strong>Epistolam</strong></span> <span class='ocrx_word' id='word_1_44' title='bbox 1017 438 1077 476; x_wconf 89' lang='lat' dir='ltr'><strong>alii</strong></span> <span class='ocrx_word' id='word_1_45' title='bbox 1105 437 1201 476; x_wconf 90' lang='lat' dir='ltr'><strong>libro</strong></span> <span class='ocrx_word' id='word_1_46' title='bbox 1235 438 1395 484; x_wconf 83' lang='lat' dir='ltr'><strong>emisso,</strong></span> <span class='ocrx_word' id='word_1_47' title='bbox 1433 443 1476 476; x_wconf 91' lang='lat' dir='ltr'><strong>ut</strong></span> <span class='ocrx_word' id='word_1_48' title='bbox 1498 438 1678 490; x_wconf 84' lang='lat' dir='ltr'><strong>Epodon‚</strong></span> 
     </span>
     <span class='ocr_line' id='line_1_6' title="bbox 150 505 1679 559; baseline -0.001 -13"><span class='ocrx_word' id='word_1_49' title='bbox 150 507 315 546; x_wconf 74' lang='lat' dir='ltr'><strong>additam</strong></span> <span class='ocrx_word' id='word_1_50' title='bbox 335 507 407 545; x_wconf 87' lang='lat' dir='ltr'><strong>sibi</strong></span> <span class='ocrx_word' id='word_1_51' title='bbox 425 509 669 559; x_wconf 81' lang='lat' dir='ltr'><strong>persuadent.</strong></span> <span class='ocrx_word' id='word_1_52' title='bbox 715 507 766 545; x_wconf 78' lang='lat' dir='ltr'><strong>At</strong></span> <span class='ocrx_word' id='word_1_53' title='bbox 785 507 909 558; x_wconf 85' lang='lat' dir='ltr'><strong>pergit</strong></span> <span class='ocrx_word' id='word_1_54' title='bbox 928 505 1128 542; x_wconf 68' lang='lat' dir='ltr'><strong>Frank-ius</strong></span> <span class='ocrx_word' id='word_1_55' title='bbox 1136 532 1153 550; x_wconf 93' lang='lat'><em>‚</em></span> <span class='ocrx_word' id='word_1_56' title='bbox 1179 505 1249 543; x_wconf 93' lang='lat' dir='ltr'><strong>Vir</strong></span> <span class='ocrx_word' id='word_1_57' title='bbox 1269 505 1567 554; x_wconf 68' lang='lat' dir='ltr'><strong>literatissimum,</strong></span> <span class='ocrx_word' id='word_1_58' title='bbox 1595 506 1679 558; x_wconf 84' lang='lat' dir='ltr'><strong>opi·</strong></span> 
     </span>
     <span class='ocr_line' id='line_1_7' title="bbox 124 570 1680 626; baseline -0.001 -13"><span class='ocrx_word' id='word_1_59' title='bbox 124 584 127 587; x_wconf 85' lang='lat'>&#39;</span> <span class='ocrx_word' id='word_1_60' title='bbox 150 575 265 614; x_wconf 86' lang='lat' dir='ltr'><strong>nione</strong></span> <span class='ocrx_word' id='word_1_61' title='bbox 292 576 550 626; x_wconf 85' lang='lat' dir='ltr'><strong>praejudicata</strong></span> <span class='ocrx_word' id='word_1_62' title='bbox 579 580 742 613; x_wconf 86' lang='lat' dir='ltr'><strong>armatus</strong></span> <span class='ocrx_word' id='word_1_63' title='bbox 770 573 996 612; x_wconf 83' lang='lat' dir='ltr'><strong>concludere</strong></span> <span class='ocrx_word' id='word_1_64' title='bbox 1023 573 1080 624; x_wconf 88' lang='lat' dir='ltr'><strong>(p.</strong></span> <span class='ocrx_word' id='word_1_65' title='bbox 1106 571 1200 623; x_wconf 82' lang='lat'>75):</span> <span class='ocrx_word' id='word_1_66' title='bbox 1239 570 1429 622; x_wconf 85' lang='lat' dir='ltr'><strong>„Poetam</strong></span> <span class='ocrx_word' id='word_1_67' title='bbox 1454 585 1532 610; x_wconf 88' lang='lat' dir='ltr'><strong>non</strong></span> <span class='ocrx_word' id='word_1_68' title='bbox 1556 573 1680 612; x_wconf 74' lang='lat' dir='ltr'><strong>solum</strong></span> 
     </span>
     <span class='ocr_line' id='line_1_8' title="bbox 150 639 1681 694; baseline -0.001 -13"><span class='ocrx_word' id='word_1_69' title='bbox 150 643 247 681; x_wconf 82' lang='lat' dir='ltr'><strong>hanc</strong></span> <span class='ocrx_word' id='word_1_70' title='bbox 273 642 470 694; x_wconf 84' lang='lat' dir='ltr'><strong>epistolam</strong></span> <span class='ocrx_word' id='word_1_71' title='bbox 502 654 602 680; x_wconf 89' lang='lat' dir='ltr'><strong>anno</strong></span> <span class='ocrx_word' id='word_1_72' title='bbox 630 641 766 680; x_wconf 82' lang='lat' dir='ltr'><strong>aetatis</strong></span> <span class='ocrx_word' id='word_1_73' title='bbox 800 641 1106 694; x_wconf 75' lang='lat' dir='ltr'><strong>quadragesimo</strong></span> <span class='ocrx_word' id='word_1_74' title='bbox 1142 640 1280 691; x_wconf 80' lang='lat' dir='ltr'><strong>quinto</strong></span> <span class='ocrx_word' id='word_1_75' title='bbox 1310 639 1336 676; x_wconf 84' lang='lat' dir='ltr'><strong>i.</strong></span> <span class='ocrx_word' id='word_1_76' title='bbox 1366 651 1400 678; x_wconf 90' lang='lat' dir='ltr'><strong>e.</strong></span> <span class='ocrx_word' id='word_1_77' title='bbox 1436 652 1566 678; x_wconf 87' lang='lat' dir='ltr'><strong>mense</strong></span> <span class='ocrx_word' id='word_1_78' title='bbox 1601 639 1681 680; x_wconf 87' lang='lat' dir='ltr'><strong>De-</strong></span> 
     </span>
    </p>
   </div>
   <div class='ocr_carea' id='block_1_3' title="bbox 151 751 420 759">
    <p class='ocr_par' dir='ltr' id='par_1_3' title="bbox 151 751 420 759">
     <span class='ocr_line' id='line_1_9' title="bbox 151 751 420 759; baseline 0 0"><span class='ocrx_word' id='word_1_79' title='bbox 151 751 420 759; x_wconf 95' lang='lat' dir='ltr'><strong> </strong></span> 
     </span>
    </p>
   </div>
   <div class='ocr_carea' id='block_1_4' title="bbox 150 814 1680 1372">
    <p class='ocr_par' dir='ltr' id='par_1_4' title="bbox 150 814 1680 1372">
     <span class='ocr_line' id='line_1_10' title="bbox 150 814 1679 864; baseline 0 -12"><span class='ocrx_word' id='word_1_80' title='bbox 150 817 220 852; x_wconf 80' lang='lat' dir='ltr'><strong>boc</strong></span> <span class='ocrx_word' id='word_1_81' title='bbox 247 817 460 864; x_wconf 77' lang='lat' dir='ltr'><strong>Epistolinm</strong></span> <span class='ocrx_word' id='word_1_82' title='bbox 488 818 597 853; x_wconf 77' lang='lat' dir='ltr'><strong>scribi</strong></span> <span class='ocrx_word' id='word_1_83' title='bbox 624 817 805 864; x_wconf 88' lang='lat' dir='ltr'><strong>potuerit,</strong></span> <span class='ocrx_word' id='word_1_84' title='bbox 834 817 940 852; x_wconf 86' lang='lat' dir='ltr'><strong>etiam</strong></span> <span class='ocrx_word' id='word_1_85' title='bbox 962 816 1217 862; x_wconf 81' lang='lat' dir='ltr'><strong>Dillenlmrger</strong></span> <span class='ocrx_word' id='word_1_86' title='bbox 1246 814 1389 860; x_wconf 74' lang='lat' dir='ltr'><strong>(zimm.</strong></span> <span class='ocrx_word' id='word_1_87' title='bbox 1419 814 1679 859; x_wconf 60' lang='lat' dir='ltr'><strong>„zeitschriw</strong></span> 
     </span>
     <span class='ocr_line' id='line_1_11' title="bbox 154 870 1679 920; baseline -0.001 -11"><span class='ocrx_word' id='word_1_88' title='bbox 154 870 256 909; x_wconf 83' lang='grc'><strong>1840.</strong></span> <span class='ocrx_word' id='word_1_89' title='bbox 275 886 312 919; x_wconf 84' lang='lat' dir='ltr'><strong>p.</strong></span> <span class='ocrx_word' id='word_1_90' title='bbox 333 874 421 918; x_wconf 88' lang='grc'><strong>673)</strong></span> <span class='ocrx_word' id='word_1_91' title='bbox 446 880 484 909; x_wconf 91' lang='lat' dir='ltr'><strong>et</strong></span> <span class='ocrx_word' id='word_1_92' title='bbox 501 874 662 910; x_wconf 77' lang='lat' dir='ltr'><strong>Diintzer</strong></span> <span class='ocrx_word' id='word_1_93' title='bbox 687 875 766 920; x_wconf 82' lang='grc' dir='ltr'><strong>(ΙΙΙ.</strong></span> <span class='ocrx_word' id='word_1_94' title='bbox 796 886 832 920; x_wconf 85' lang='lat' dir='ltr'><strong>p.</strong></span> <span class='ocrx_word' id='word_1_95' title='bbox 852 875 897 910; x_wconf 85' lang='lat'><strong>66</strong></span> <span class='ocrx_word' id='word_1_96' title='bbox 915 876 1011 919; x_wconf 87' lang='lat' dir='ltr'><strong>sqq.)</strong></span> <span class='ocrx_word' id='word_1_97' title='bbox 1039 877 1237 907; x_wconf 83' lang='lat' dir='ltr'><strong>senserunt.</strong></span> <span class='ocrx_word' id='word_1_98' title='bbox 1275 872 1438 917; x_wconf 81' lang='lat' dir='ltr'><strong>Uterque</strong></span> <span class='ocrx_word' id='word_1_99' title='bbox 1462 871 1520 906; x_wconf 80' lang='lat' dir='ltr'><strong>vir</strong></span> <span class='ocrx_word' id='word_1_100' title='bbox 1541 872 1679 917; x_wconf 69' lang='lat' dir='ltr'><strong>doctus,</strong></span> 
     </span>
     <span class='ocr_line' id='line_1_12' title="bbox 153 927 1680 977; baseline -0.001 -12"><span class='ocrx_word' id='word_1_101' title='bbox 153 930 214 965; x_wconf 79' lang='lat' dir='ltr'><strong>ille</strong></span> <span class='ocrx_word' id='word_1_102' title='bbox 231 930 270 965; x_wconf 75' lang='lat' dir='ltr'><strong>in</strong></span> <span class='ocrx_word' id='word_1_103' title='bbox 292 928 379 967; x_wconf 79' lang='lat' dir='ltr'><strong>edit.</strong></span> <span class='ocrx_word' id='word_1_104' title='bbox 398 931 526 966; x_wconf 81' lang='lat' dir='ltr'><strong>Horat.</strong></span> <span class='ocrx_word' id='word_1_105' title='bbox 551 944 588 977; x_wconf 91' lang='lat' dir='ltr'><strong>p.</strong></span> <span class='ocrx_word' id='word_1_106' title='bbox 609 933 680 975; x_wconf 62' lang='lat'><strong>22„</strong></span> <span class='ocrx_word' id='word_1_107' title='bbox 702 932 758 965; x_wconf 84' lang='lat' dir='ltr'><strong>bic</strong></span> <span class='ocrx_word' id='word_1_108' title='bbox 777 931 801 966; x_wconf 90' lang='lat' dir='ltr'><strong>l.</strong></span> <span class='ocrx_word' id='word_1_109' title='bbox 822 931 845 965; x_wconf 91' lang='lat' dir='ltr'><strong>l.</strong></span> <span class='ocrx_word' id='word_1_110' title='bbox 869 942 959 964; x_wconf 89' lang='lat' dir='ltr'><strong>anno</strong></span> <span class='ocrx_word' id='word_1_111' title='bbox 974 929 1055 965; x_wconf 87' lang='lat'><strong>735.</strong></span> <span class='ocrx_word' id='word_1_112' title='bbox 1074 929 1228 964; x_wconf 77' lang='lat' dir='ltr'><strong>ve1736.</strong></span> <span class='ocrx_word' id='word_1_113' title='bbox 1246 927 1373 963; x_wconf 89' lang='lat' dir='ltr'><strong>librum</strong></span> <span class='ocrx_word' id='word_1_114' title='bbox 1391 928 1420 962; x_wconf 91' lang='lat'><strong>1.</strong></span> <span class='ocrx_word' id='word_1_115' title='bbox 1439 928 1680 973; x_wconf 84' lang='lat' dir='ltr'><strong>Epistolarum</strong></span> 
     </span>
     <span class='ocr_line' id='line_1_13' title="bbox 151 983 1680 1033; baseline -0.001 -11"><span class='ocrx_word' id='word_1_116' title='bbox 151 986 312 1022; x_wconf 67' lang='lat' dir='ltr'><strong>emissum</strong></span> <span class='ocrx_word' id='word_1_117' title='bbox 331 992 447 1033; x_wconf 83' lang='lat' dir='ltr'><strong>putat.</strong></span> <span class='ocrx_word' id='word_1_118' title='bbox 484 989 539 1022; x_wconf 86' lang='lat' dir='ltr'><strong>Ad</strong></span> <span class='ocrx_word' id='word_1_119' title='bbox 563 988 658 1022; x_wconf 87' lang='lat' dir='ltr'><strong>illam</strong></span> <span class='ocrx_word' id='word_1_120' title='bbox 676 987 908 1030; x_wconf 77' lang='lat' dir='ltr'><strong>sententiam,</strong></span> <span class='ocrx_word' id='word_1_121' title='bbox 928 987 954 1021; x_wconf 90' lang='lat' dir='ltr'><strong>i.</strong></span> <span class='ocrx_word' id='word_1_122' title='bbox 971 999 1002 1022; x_wconf 93' lang='lat' dir='ltr'><strong>e.</strong></span> <span class='ocrx_word' id='word_1_123' title='bbox 1023 986 1090 1020; x_wconf 84' lang='lat' dir='ltr'><strong>boc</strong></span> <span class='ocrx_word' id='word_1_124' title='bbox 1107 997 1210 1019; x_wconf 91' lang='lat' dir='ltr'><strong>unum</strong></span> <span class='ocrx_word' id='word_1_125' title='bbox 1228 990 1412 1029; x_wconf 81' lang='lat' dir='ltr'><strong>constare,</strong></span> <span class='ocrx_word' id='word_1_126' title='bbox 1437 983 1499 1019; x_wconf 89' lang='lat' dir='ltr'><strong>illo</strong></span> <span class='ocrx_word' id='word_1_127' title='bbox 1518 986 1596 1020; x_wconf 87' lang='lat' dir='ltr'><strong>loco</strong></span> <span class='ocrx_word' id='word_1_128' title='bbox 1609 984 1680 1020; x_wconf 81' lang='lat' dir='ltr'><strong>nisi</strong></span> 
     </span>
     <span class='ocr_line' id='line_1_14' title="bbox 152 1041 1679 1089; baseline -0.001 -10"><span class='ocrx_word' id='word_1_129' title='bbox 152 1049 317 1089; x_wconf 68' lang='lat' dir='ltr'><strong>peractos</strong></span> <span class='ocrx_word' id='word_1_130' title='bbox 334 1055 380 1079; x_wconf 81' lang='lat' dir='ltr'><strong>m.</strong></span> <span class='ocrx_word' id='word_1_131' title='bbox 400 1045 589 1079; x_wconf 86' lang='lat' dir='ltr'><strong>Decembri</strong></span> <span class='ocrx_word' id='word_1_132' title='bbox 608 1046 743 1079; x_wconf 80' lang='lat' dir='ltr'><strong>natales</strong></span> <span class='ocrx_word' id='word_1_133' title='bbox 762 1043 905 1079; x_wconf 81' lang='lat' dir='ltr'><strong>Horatii</strong></span> <span class='ocrx_word' id='word_1_134' title='bbox 925 1054 992 1077; x_wconf 89' lang='lat' dir='ltr'><strong>non</strong></span> <span class='ocrx_word' id='word_1_135' title='bbox 1014 1042 1294 1085; x_wconf 88' lang='lat' dir='ltr'><strong>commemorari,</strong></span> <span class='ocrx_word' id='word_1_136' title='bbox 1321 1041 1474 1075; x_wconf 86' lang='lat' dir='ltr'><strong>accessit</strong></span> <span class='ocrx_word' id='word_1_137' title='bbox 1494 1042 1679 1087; x_wconf 66' lang='lat' dir='ltr'><strong>Grotq&#39;en-</strong></span> 
     </span>
     <span class='ocr_line' id='line_1_15' title="bbox 150 1096 1679 1146; baseline -0.001 -10"><span class='ocrx_word' id='word_1_138' title='bbox 150 1101 217 1136; x_wconf 68' lang='lat' dir='ltr'><strong>du</strong></span> <span class='ocrx_word' id='word_1_139' title='bbox 235 1110 374 1146; x_wconf 83' lang='lat' dir='ltr'><strong>quoque</strong></span> <span class='ocrx_word' id='word_1_140' title='bbox 393 1100 428 1135; x_wconf 89' lang='lat' dir='ltr'><strong>in</strong></span> <span class='ocrx_word' id='word_1_141' title='bbox 454 1101 690 1146; x_wconf 78' lang='lat' dir='ltr'><strong>„Zeitschrift</strong></span> <span class='ocrx_word' id='word_1_142' title='bbox 707 1101 734 1135; x_wconf 82' lang='lat' dir='ltr'><strong>f.</strong></span> <span class='ocrx_word' id='word_1_143' title='bbox 753 1101 788 1136; x_wconf 89' lang='lat' dir='ltr'><strong>d.</strong></span> <span class='ocrx_word' id='word_1_144' title='bbox 809 1100 1090 1142; x_wconf 68' lang='lat' dir='ltr'><strong>Altertbmsw.,“</strong></span> <span class='ocrx_word' id='word_1_145' title='bbox 1112 1096 1213 1134; x_wconf 84' lang='lat'><strong>1845.</strong></span> <span class='ocrx_word' id='word_1_146' title='bbox 1231 1110 1268 1143; x_wconf 87' lang='lat' dir='ltr'><strong>p.</strong></span> <span class='ocrx_word' id='word_1_147' title='bbox 1290 1098 1371 1132; x_wconf 87' lang='lat'><strong>931.</strong></span> <span class='ocrx_word' id='word_1_148' title='bbox 1404 1097 1446 1131; x_wconf 87' lang='lat' dir='ltr'><strong>Si</strong></span> <span class='ocrx_word' id='word_1_149' title='bbox 1466 1098 1679 1134; x_wconf 72' lang='lat' dir='ltr'><strong>Weicltems</strong></span> 
     </span>
     <span class='ocr_line' id='line_1_16' title="bbox 152 1153 1676 1202; baseline 0 -12"><span class='ocrx_word' id='word_1_150' title='bbox 152 1156 215 1200; x_wconf 89' lang='lat' dir='ltr'><strong>(de</strong></span> <span class='ocrx_word' id='word_1_151' title='bbox 236 1157 324 1192; x_wconf 82' lang='lat' dir='ltr'><strong>Luc.</strong></span> <span class='ocrx_word' id='word_1_152' title='bbox 348 1157 448 1192; x_wconf 79' lang='lat' dir='ltr'><strong>Varii</strong></span> <span class='ocrx_word' id='word_1_153' title='bbox 467 1164 505 1192; x_wconf 92' lang='lat' dir='ltr'><strong>et</strong></span> <span class='ocrx_word' id='word_1_154' title='bbox 524 1158 641 1192; x_wconf 85' lang='lat' dir='ltr'><strong>Cassii</strong></span> <span class='ocrx_word' id='word_1_155' title='bbox 660 1159 776 1192; x_wconf 86' lang='lat' dir='ltr'><strong>Parm.</strong></span> <span class='ocrx_word' id='word_1_156' title='bbox 802 1157 868 1191; x_wconf 70' lang='lat' dir='ltr'><strong>vit.</strong></span> <span class='ocrx_word' id='word_1_157' title='bbox 887 1169 923 1202; x_wconf 90' lang='lat' dir='ltr'><strong>p.</strong></span> <span class='ocrx_word' id='word_1_158' title='bbox 942 1157 1038 1199; x_wconf 89' lang='grc'><strong>167.)</strong></span> <span class='ocrx_word' id='word_1_159' title='bbox 1058 1155 1246 1189; x_wconf 83' lang='lat' dir='ltr'><strong>editionem</strong></span> <span class='ocrx_word' id='word_1_160' title='bbox 1265 1154 1310 1188; x_wconf 88' lang='lat' dir='ltr'><strong>ad</strong></span> <span class='ocrx_word' id='word_1_161' title='bbox 1329 1153 1464 1188; x_wconf 86' lang='lat' dir='ltr'><strong>initium</strong></span> <span class='ocrx_word' id='word_1_162' title='bbox 1483 1154 1565 1189; x_wconf 89' lang='lat' dir='ltr'><strong>anni</strong></span> <span class='ocrx_word' id='word_1_163' title='bbox 1587 1165 1622 1189; x_wconf 88' lang='lat' dir='ltr'><strong>u.</strong></span> <span class='ocrx_word' id='word_1_164' title='bbox 1643 1166 1676 1190; x_wconf 84' lang='lat' dir='ltr'><strong>c.</strong></span> 
     </span>
     <span class='ocr_line' id='line_1_17' title="bbox 151 1208 1679 1259; baseline -0.002 -12"><span class='ocrx_word' id='word_1_165' title='bbox 151 1212 234 1248; x_wconf 88' lang='grc'><strong>738.</strong></span> <span class='ocrx_word' id='word_1_166' title='bbox 258 1213 392 1258; x_wconf 81' lang='lat' dir='ltr'><strong>refert,</strong></span> <span class='ocrx_word' id='word_1_167' title='bbox 417 1213 551 1259; x_wconf 76' lang='lat' dir='ltr'><strong>Teuffel</strong></span> <span class='ocrx_word' id='word_1_168' title='bbox 571 1215 772 1259; x_wconf 82' lang='lat' dir='ltr'><strong>(„Horaz.“</strong></span> <span class='ocrx_word' id='word_1_169' title='bbox 792 1214 951 1258; x_wconf 83' lang='lat' dir='ltr'><strong>Tiibing.</strong></span> <span class='ocrx_word' id='word_1_170' title='bbox 976 1210 1076 1246; x_wconf 85' lang='lat'><strong>1843.</strong></span> <span class='ocrx_word' id='word_1_171' title='bbox 1099 1223 1133 1257; x_wconf 89' lang='lat' dir='ltr'><strong>p.</strong></span> <span class='ocrx_word' id='word_1_172' title='bbox 1152 1209 1229 1254; x_wconf 84' lang='lat'><strong>24.)</strong></span> <span class='ocrx_word' id='word_1_173' title='bbox 1249 1211 1297 1245; x_wconf 85' lang='lat' dir='ltr'><strong>ad</strong></span> <span class='ocrx_word' id='word_1_174' title='bbox 1310 1222 1435 1245; x_wconf 83' lang='lat' dir='ltr'><strong>annum</strong></span> <span class='ocrx_word' id='word_1_175' title='bbox 1446 1208 1527 1246; x_wconf 82' lang='lat'><strong>742.</strong></span> <span class='ocrx_word' id='word_1_176' title='bbox 1548 1217 1586 1245; x_wconf 91' lang='lat' dir='ltr'><strong>et</strong></span> <span class='ocrx_word' id='word_1_177' title='bbox 1605 1211 1679 1245; x_wconf 79' lang='lat' dir='ltr'><strong>Ro-</strong></span> 
     </span>
     <span class='ocr_line' id='line_1_18' title="bbox 151 1266 1676 1316; baseline -0.001 -13"><span class='ocrx_word' id='word_1_178' title='bbox 151 1269 275 1304; x_wconf 74' lang='lat' dir='ltr'><strong>dellt‘us</strong></span> <span class='ocrx_word' id='word_1_179' title='bbox 291 1270 336 1304; x_wconf 79' lang='lat' dir='ltr'><strong>ad</strong></span> <span class='ocrx_word' id='word_1_180' title='bbox 355 1281 434 1307; x_wconf 87' lang='lat' dir='ltr'><strong>ann.</strong></span> <span class='ocrx_word' id='word_1_181' title='bbox 453 1268 534 1305; x_wconf 80' lang='lat'><strong>744.</strong></span> <span class='ocrx_word' id='word_1_182' title='bbox 555 1276 767 1316; x_wconf 82' lang='lat' dir='ltr'><strong>prorogant,</strong></span> <span class='ocrx_word' id='word_1_183' title='bbox 787 1281 864 1304; x_wconf 88' lang='lat' dir='ltr'><strong>mea</strong></span> <span class='ocrx_word' id='word_1_184' title='bbox 883 1269 1020 1314; x_wconf 88' lang='lat' dir='ltr'><strong>quidem</strong></span> <span class='ocrx_word' id='word_1_185' title='bbox 1042 1268 1219 1303; x_wconf 87' lang='lat' dir='ltr'><strong>sententia</strong></span> <span class='ocrx_word' id='word_1_186' title='bbox 1236 1266 1291 1301; x_wconf 83' lang='lat' dir='ltr'><strong>illi</strong></span> <span class='ocrx_word' id='word_1_187' title='bbox 1307 1266 1379 1301; x_wconf 77' lang='lat' dir='ltr'><strong>viri</strong></span> <span class='ocrx_word' id='word_1_188' title='bbox 1394 1267 1566 1302; x_wconf 81' lang='lat' dir='ltr'><strong>facultate</strong></span> <span class='ocrx_word' id='word_1_189' title='bbox 1582 1279 1676 1302; x_wconf 82' lang='lat' dir='ltr'><strong>com-</strong></span> 
     </span>
     <span class='ocr_line' id='line_1_19' title="bbox 152 1326 994 1372; baseline -0.001 -12"><span class='ocrx_word' id='word_1_190' title='bbox 152 1326 300 1370; x_wconf 73' lang='lat' dir='ltr'><strong>putandi</strong></span> <span class='ocrx_word' id='word_1_191' title='bbox 318 1327 463 1361; x_wconf 74' lang='lat' dir='ltr'><strong>maxime</strong></span> <span class='ocrx_word' id='word_1_192' title='bbox 481 1327 638 1372; x_wconf 82' lang='lat' dir='ltr'><strong>insignes</strong></span> <span class='ocrx_word' id='word_1_193' title='bbox 657 1339 720 1361; x_wconf 89' lang='lat' dir='ltr'><strong>suo</strong></span> <span class='ocrx_word' id='word_1_194' title='bbox 737 1328 819 1371; x_wconf 86' lang='lat' dir='ltr'><strong>jure</strong></span> <span class='ocrx_word' id='word_1_195' title='bbox 838 1332 994 1360; x_wconf 76' lang='lat' dir='ltr'><strong>utuntur.</strong></span> 
     </span>
    </p>
   </div>
   <div class='ocr_carea' id='block_1_5' title="bbox 148 1399 1680 2858">
    <p class='ocr_par' dir='ltr' id='par_1_5' title="bbox 148 1399 1680 2858">
     <span class='ocr_line' id='line_1_20' title="bbox 262 1399 1680 1449; baseline -0.002 -12"><span class='ocrx_word' id='word_1_196' title='bbox 262 1399 304 1448; x_wconf 77' lang='grc'><strong>*)</strong></span> <span class='ocrx_word' id='word_1_197' title='bbox 322 1403 404 1439; x_wconf 83' lang='lat' dir='ltr'><strong>vid.</strong></span> <span class='ocrx_word' id='word_1_198' title='bbox 423 1404 626 1448; x_wconf 75' lang='lat' dir='ltr'><strong>Kirclmm’,</strong></span> <span class='ocrx_word' id='word_1_199' title='bbox 646 1404 724 1439; x_wconf 81' lang='lat' dir='ltr'><strong>Viri</strong></span> <span class='ocrx_word' id='word_1_200' title='bbox 745 1403 959 1449; x_wconf 80' lang='lat' dir='ltr'><strong>doctissimi,</strong></span> <span class='ocrx_word' id='word_1_201' title='bbox 989 1403 1139 1445; x_wconf 82' lang='lat' dir='ltr'><strong>Quaest.</strong></span> <span class='ocrx_word' id='word_1_202' title='bbox 1156 1403 1285 1436; x_wconf 87' lang='lat' dir='ltr'><strong>Horat.</strong></span> <span class='ocrx_word' id='word_1_203' title='bbox 1305 1414 1342 1447; x_wconf 88' lang='lat' dir='ltr'><strong>p.</strong></span> <span class='ocrx_word' id='word_1_204' title='bbox 1362 1401 1429 1445; x_wconf 89' lang='grc'><strong>37,</strong></span> <span class='ocrx_word' id='word_1_205' title='bbox 1456 1400 1680 1436; x_wconf 68' lang='grc' dir='ltr'><strong>Γῦηῑαωυῧ</strong></span> 
     </span>
     <span class='ocr_line' id='line_1_21' title="bbox 154 1457 1676 1506; baseline -0.002 -12"><span class='ocrx_word' id='word_1_206' title='bbox 154 1466 375 1495; x_wconf 81' lang='lat' dir='ltr'><strong>commentat.</strong></span> <span class='ocrx_word' id='word_1_207' title='bbox 396 1461 440 1494; x_wconf 92' lang='lat' dir='ltr'><strong>de</strong></span> <span class='ocrx_word' id='word_1_208' title='bbox 461 1460 575 1496; x_wconf 84' lang='lat' dir='ltr'><strong>carm.</strong></span> <span class='ocrx_word' id='word_1_209' title='bbox 594 1461 678 1506; x_wconf 83' lang='lat' dir='ltr'><strong>aliq.</strong></span> <span class='ocrx_word' id='word_1_210' title='bbox 706 1462 796 1495; x_wconf 86' lang='lat' dir='ltr'><strong>Hor.</strong></span> <span class='ocrx_word' id='word_1_211' title='bbox 817 1460 1066 1506; x_wconf 81' lang='lat' dir='ltr'><strong>chronologia,</strong></span> <span class='ocrx_word' id='word_1_212' title='bbox 1095 1459 1277 1503; x_wconf 83' lang='lat' dir='ltr'><strong>Marburg,</strong></span> <span class='ocrx_word' id='word_1_213' title='bbox 1306 1459 1413 1492; x_wconf 83' lang='lat' dir='ltr'><strong>Hass.</strong></span> <span class='ocrx_word' id='word_1_214' title='bbox 1435 1457 1538 1492; x_wconf 86' lang='lat'><strong>1838.</strong></span> <span class='ocrx_word' id='word_1_215' title='bbox 1560 1469 1598 1502; x_wconf 92' lang='lat' dir='ltr'><strong>p.</strong></span> <span class='ocrx_word' id='word_1_216' title='bbox 1620 1457 1676 1492; x_wconf 85' lang='lat'><strong>15.</strong></span> 
     </span>
     <span class='ocr_line' id='line_1_22' title="bbox 155 1514 1678 1560; baseline -0.001 -11"><span class='ocrx_word' id='word_1_217' title='bbox 155 1524 193 1550; x_wconf 90' lang='lat' dir='ltr'><strong>et</strong></span> <span class='ocrx_word' id='word_1_218' title='bbox 209 1516 244 1550; x_wconf 91' lang='lat' dir='ltr'><strong>in</strong></span> <span class='ocrx_word' id='word_1_219' title='bbox 263 1516 502 1560; x_wconf 76' lang='lat' dir='ltr'><strong>„zeitschrist</strong></span> <span class='ocrx_word' id='word_1_220' title='bbox 519 1518 544 1552; x_wconf 77' lang='lat' dir='ltr'><strong>f.</strong></span> <span class='ocrx_word' id='word_1_221' title='bbox 559 1517 593 1550; x_wconf 92' lang='lat' dir='ltr'><strong>d.</strong></span> <span class='ocrx_word' id='word_1_222' title='bbox 608 1517 874 1555; x_wconf 82' lang='lat' dir='ltr'><strong>Altertbmsw.“</strong></span> <span class='ocrx_word' id='word_1_223' title='bbox 896 1515 998 1552; x_wconf 86' lang='lat'><strong>1846.</strong></span> <span class='ocrx_word' id='word_1_224' title='bbox 1017 1517 1066 1551; x_wconf 88' lang='lat' dir='ltr'><strong>N.</strong></span> <span class='ocrx_word' id='word_1_225' title='bbox 1083 1518 1139 1551; x_wconf 88' lang='lat'><strong>11.</strong></span> <span class='ocrx_word' id='word_1_226' title='bbox 1158 1527 1194 1560; x_wconf 87' lang='lat' dir='ltr'><strong>p.</strong></span> <span class='ocrx_word' id='word_1_227' title='bbox 1207 1517 1252 1550; x_wconf 88' lang='lat'><strong>82</strong></span> <span class='ocrx_word' id='word_1_228' title='bbox 1271 1534 1318 1540; x_wconf 91' lang='lat'>—</span> <span class='ocrx_word' id='word_1_229' title='bbox 1335 1514 1405 1558; x_wconf 67' lang='lat'><strong>83„</strong></span> <span class='ocrx_word' id='word_1_230' title='bbox 1429 1525 1576 1559; x_wconf 88' lang='lat' dir='ltr'><strong>quocum</strong></span> <span class='ocrx_word' id='word_1_231' title='bbox 1594 1524 1678 1547; x_wconf 81' lang='lat' dir='ltr'><strong>con·</strong></span> 
     </span>
     <span class='ocr_line' id='line_1_23' title="bbox 155 1562 1677 1618; baseline -0.001 -12"><span class='ocrx_word' id='word_1_232' title='bbox 155 1573 211 1607; x_wconf 82' lang='lat' dir='ltr'><strong>ser</strong></span> <span class='ocrx_word' id='word_1_233' title='bbox 230 1574 435 1608; x_wconf 72' lang='lat' dir='ltr'><strong>Schfflerum</strong></span> <span class='ocrx_word' id='word_1_234' title='bbox 455 1573 720 1608; x_wconf 81' lang='lat' dir='ltr'><strong>dissentientem</strong></span> <span class='ocrx_word' id='word_1_235' title='bbox 739 1573 828 1611; x_wconf 86' lang='lat' dir='ltr'><strong>ibid.</strong></span> <span class='ocrx_word' id='word_1_236' title='bbox 849 1570 950 1608; x_wconf 85' lang='lat'><strong>1341.</strong></span> <span class='ocrx_word' id='word_1_237' title='bbox 969 1562 1005 1618; x_wconf 64' lang='grc' dir='ltr'><strong>ῥ’.</strong></span> <span class='ocrx_word' id='word_1_238' title='bbox 1023 1571 1104 1606; x_wconf 88' lang='grc'><strong>451.</strong></span> <span class='ocrx_word' id='word_1_239' title='bbox 1125 1578 1162 1606; x_wconf 90' lang='lat' dir='ltr'><strong>et</strong></span> <span class='ocrx_word' id='word_1_240' title='bbox 1179 1571 1215 1605; x_wconf 91' lang='lat' dir='ltr'><strong>iu</strong></span> <span class='ocrx_word' id='word_1_241' title='bbox 1238 1571 1509 1614; x_wconf 77' lang='lat' dir='ltr'><strong>‚,Horatianis.“</strong></span> <span class='ocrx_word' id='word_1_242' title='bbox 1530 1571 1677 1604; x_wconf 78' lang='lat' dir='ltr'><strong>Schwe-</strong></span> 
     </span>
     <span class='ocr_line' id='line_1_24' title="bbox 154 1626 1677 1676; baseline -0.001 -13"><span class='ocrx_word' id='word_1_243' title='bbox 154 1629 222 1663; x_wconf 89' lang='lat' dir='ltr'><strong>rin.</strong></span> <span class='ocrx_word' id='word_1_244' title='bbox 244 1627 344 1665; x_wconf 85' lang='grc'><strong>1844.</strong></span> <span class='ocrx_word' id='word_1_245' title='bbox 364 1641 398 1674; x_wconf 88' lang='lat' dir='ltr'><strong>p.</strong></span> <span class='ocrx_word' id='word_1_246' title='bbox 418 1630 476 1665; x_wconf 85' lang='lat'><strong>23.</strong></span> <span class='ocrx_word' id='word_1_247' title='bbox 506 1630 667 1664; x_wconf 78' lang='lat' dir='ltr'><strong>Praeivit</strong></span> <span class='ocrx_word' id='word_1_248' title='bbox 691 1630 939 1676; x_wconf 85' lang='lat' dir='ltr'><strong>quodammodo</strong></span> <span class='ocrx_word' id='word_1_249' title='bbox 960 1629 1148 1663; x_wconf 71' lang='lat' dir='ltr'><strong>Massurius</strong></span> <span class='ocrx_word' id='word_1_250' title='bbox 1168 1628 1257 1673; x_wconf 90' lang='lat' dir='ltr'><strong>(Vit.</strong></span> <span class='ocrx_word' id='word_1_251' title='bbox 1278 1627 1404 1662; x_wconf 79' lang='lat' dir='ltr'><strong>Horat.</strong></span> <span class='ocrx_word' id='word_1_252' title='bbox 1425 1639 1462 1673; x_wconf 88' lang='lat' dir='ltr'><strong>p.</strong></span> <span class='ocrx_word' id='word_1_253' title='bbox 1481 1628 1587 1670; x_wconf 84' lang='lat'>261),</span> <span class='ocrx_word' id='word_1_254' title='bbox 1614 1626 1677 1672; x_wconf 88' lang='lat' dir='ltr'><strong>qui</strong></span> 
     </span>
     <span class='ocr_line' id='line_1_25' title="bbox 155 1683 1672 1731; baseline -0.003 -11"><span class='ocrx_word' id='word_1_255' title='bbox 155 1685 320 1730; x_wconf 83' lang='lat' dir='ltr'><strong>Epistola</strong></span> <span class='ocrx_word' id='word_1_256' title='bbox 339 1685 383 1719; x_wconf 84' lang='lat' dir='ltr'><strong>ad</strong></span> <span class='ocrx_word' id='word_1_257' title='bbox 402 1696 483 1719; x_wconf 80' lang='lat' dir='ltr'><strong>ann.</strong></span> <span class='ocrx_word' id='word_1_258' title='bbox 506 1686 588 1720; x_wconf 85' lang='lat'><strong>733.</strong></span> <span class='ocrx_word' id='word_1_259' title='bbox 607 1687 721 1721; x_wconf 87' lang='lat' dir='ltr'><strong>relata</strong></span> <span class='ocrx_word' id='word_1_260' title='bbox 739 1687 868 1721; x_wconf 84' lang='lat' dir='ltr'><strong>haecce</strong></span> <span class='ocrx_word' id='word_1_261' title='bbox 891 1686 1064 1731; x_wconf 78' lang='lat' dir='ltr'><strong>disputat:</strong></span> <span class='ocrx_word' id='word_1_262' title='bbox 1086 1684 1155 1728; x_wconf 79' lang='lat' dir='ltr'><strong>„Si</strong></span> <span class='ocrx_word' id='word_1_263' title='bbox 1174 1695 1259 1718; x_wconf 83' lang='lat' dir='ltr'><strong>vero</strong></span> <span class='ocrx_word' id='word_1_264' title='bbox 1274 1683 1361 1718; x_wconf 86' lang='lat' dir='ltr'><strong>haec</strong></span> <span class='ocrx_word' id='word_1_265' title='bbox 1374 1683 1537 1728; x_wconf 81' lang='lat' dir='ltr'><strong>Epistola</strong></span> <span class='ocrx_word' id='word_1_266' title='bbox 1551 1702 1605 1709; x_wconf 89' lang='lat'>—</span> <span class='ocrx_word' id='word_1_267' title='bbox 1623 1702 1672 1708; x_wconf 90' lang='lat'>—</span> 
     </span>
     <span class='ocr_line' id='line_1_26' title="bbox 153 1739 1677 1788; baseline -0.002 -12"><span class='ocrx_word' id='word_1_268' title='bbox 153 1742 198 1776; x_wconf 85' lang='lat' dir='ltr'><strong>ad</strong></span> <span class='ocrx_word' id='word_1_269' title='bbox 217 1741 369 1787; x_wconf 83' lang='lat' dir='ltr'><strong>priorem</strong></span> <span class='ocrx_word' id='word_1_270' title='bbox 390 1742 630 1788; x_wconf 80' lang='lat' dir='ltr'><strong>Epistularum</strong></span> <span class='ocrx_word' id='word_1_271' title='bbox 650 1744 774 1778; x_wconf 88' lang='lat' dir='ltr'><strong>librum</strong></span> <span class='ocrx_word' id='word_1_272' title='bbox 801 1742 1011 1788; x_wconf 88' lang='lat' dir='ltr'><strong>pertinuerit</strong></span> <span class='ocrx_word' id='word_1_273' title='bbox 1037 1752 1172 1786; x_wconf 84' lang='lat' dir='ltr'><strong>unaque</strong></span> <span class='ocrx_word' id='word_1_274' title='bbox 1200 1740 1296 1775; x_wconf 88' lang='lat' dir='ltr'><strong>edita</strong></span> <span class='ocrx_word' id='word_1_275' title='bbox 1322 1739 1450 1784; x_wconf 83' lang='lat' dir='ltr'><strong>fuerit,</strong></span> <span class='ocrx_word' id='word_1_276' title='bbox 1478 1745 1552 1774; x_wconf 88' lang='lat' dir='ltr'><strong>tum</strong></span> <span class='ocrx_word' id='word_1_277' title='bbox 1580 1744 1677 1773; x_wconf 87' lang='lat' dir='ltr'><strong>esset</strong></span> 
     </span>
     <span class='ocr_line' id='line_1_27' title="bbox 153 1796 1676 1844; baseline -0.002 -12"><span class='ocrx_word' id='word_1_278' title='bbox 153 1798 357 1842; x_wconf 87' lang='lat' dir='ltr'><strong>dicendum,</strong></span> <span class='ocrx_word' id='word_1_279' title='bbox 386 1799 481 1833; x_wconf 85' lang='lat' dir='ltr'><strong>illam</strong></span> <span class='ocrx_word' id='word_1_280' title='bbox 500 1799 668 1844; x_wconf 86' lang='lat' dir='ltr'><strong>temporis</strong></span> <span class='ocrx_word' id='word_1_281' title='bbox 692 1805 807 1834; x_wconf 84' lang='lat' dir='ltr'><strong>uotam</strong></span> <span class='ocrx_word' id='word_1_282' title='bbox 826 1811 849 1833; x_wconf 89' lang='lat' dir='ltr'><strong>a</strong></span> <span class='ocrx_word' id='word_1_283' title='bbox 867 1800 979 1833; x_wconf 87' lang='lat' dir='ltr'><strong>Poeta</strong></span> <span class='ocrx_word' id='word_1_284' title='bbox 1001 1798 1058 1832; x_wconf 90' lang='lat' dir='ltr'><strong>hic</strong></span> <span class='ocrx_word' id='word_1_285' title='bbox 1082 1798 1280 1843; x_wconf 83' lang='lat' dir='ltr'><strong>appositam</strong></span> <span class='ocrx_word' id='word_1_286' title='bbox 1307 1809 1349 1831; x_wconf 93' lang='lat' dir='ltr'><strong>eo</strong></span> <span class='ocrx_word' id='word_1_287' title='bbox 1370 1797 1440 1831; x_wconf 87' lang='lat' dir='ltr'><strong>fine</strong></span> <span class='ocrx_word' id='word_1_288' title='bbox 1466 1807 1535 1830; x_wconf 87' lang='lat' dir='ltr'><strong>non</strong></span> <span class='ocrx_word' id='word_1_289' title='bbox 1553 1796 1676 1838; x_wconf 78' lang='lat' dir='ltr'><strong>fuisse,</strong></span> 
     </span>
     <span class='ocr_line' id='line_1_28' title="bbox 153 1852 1675 1902; baseline -0.002 -13"><span class='ocrx_word' id='word_1_290' title='bbox 153 1861 194 1889; x_wconf 87' lang='lat' dir='ltr'><strong>ut</strong></span> <span class='ocrx_word' id='word_1_291' title='bbox 212 1867 254 1889; x_wconf 87' lang='lat' dir='ltr'><strong>ea</strong></span> <span class='ocrx_word' id='word_1_292' title='bbox 271 1855 474 1899; x_wconf 83' lang='lat' dir='ltr'><strong>designaret</strong></span> <span class='ocrx_word' id='word_1_293' title='bbox 493 1867 637 1898; x_wconf 86' lang='lat' dir='ltr'><strong>annum,</strong></span> <span class='ocrx_word' id='word_1_294' title='bbox 657 1867 725 1902; x_wconf 93' lang='lat' dir='ltr'><strong>quo</strong></span> <span class='ocrx_word' id='word_1_295' title='bbox 744 1857 834 1890; x_wconf 89' lang='lat' dir='ltr'><strong>bunc</strong></span> <span class='ocrx_word' id='word_1_296' title='bbox 854 1856 972 1890; x_wconf 86' lang='lat' dir='ltr'><strong>emisit</strong></span> <span class='ocrx_word' id='word_1_297' title='bbox 999 1854 1127 1889; x_wconf 88' lang='lat' dir='ltr'><strong>librum</strong></span> <span class='ocrx_word' id='word_1_298' title='bbox 1145 1854 1327 1900; x_wconf 80' lang='lat' dir='ltr'><strong>ipsamque</strong></span> <span class='ocrx_word' id='word_1_299' title='bbox 1344 1853 1559 1898; x_wconf 82' lang='lat' dir='ltr'><strong>Epistolam3</strong></span> <span class='ocrx_word' id='word_1_300' title='bbox 1587 1852 1675 1886; x_wconf 87' lang='lat' dir='ltr'><strong>alias</strong></span> 
     </span>
     <span class='ocr_line' id='line_1_29' title="bbox 154 1908 1675 1958; baseline -0.001 -14"><span class='ocrx_word' id='word_1_301' title='bbox 154 1910 243 1945; x_wconf 87' lang='lat' dir='ltr'><strong>enim</strong></span> <span class='ocrx_word' id='word_1_302' title='bbox 262 1910 354 1945; x_wconf 89' lang='lat' dir='ltr'><strong>idem</strong></span> <span class='ocrx_word' id='word_1_303' title='bbox 372 1912 636 1957; x_wconf 85' lang='lat' dir='ltr'><strong>complectitur,</strong></span> <span class='ocrx_word' id='word_1_304' title='bbox 656 1925 746 1958; x_wconf 83' lang='lat' dir='ltr'><strong>quae</strong></span> <span class='ocrx_word' id='word_1_305' title='bbox 764 1912 959 1947; x_wconf 84' lang='lat' dir='ltr'><strong>certissime</strong></span> <span class='ocrx_word' id='word_1_306' title='bbox 977 1911 1113 1956; x_wconf 89' lang='lat' dir='ltr'><strong>aliquot</strong></span> <span class='ocrx_word' id='word_1_307' title='bbox 1131 1915 1212 1956; x_wconf 87' lang='lat' dir='ltr'><strong>post</strong></span> <span class='ocrx_word' id='word_1_308' title='bbox 1230 1912 1321 1945; x_wconf 87' lang='lat' dir='ltr'><strong>bunc</strong></span> <span class='ocrx_word' id='word_1_309' title='bbox 1335 1909 1434 1944; x_wconf 82' lang='lat' dir='ltr'><strong>annis</strong></span> <span class='ocrx_word' id='word_1_310' title='bbox 1453 1908 1675 1954; x_wconf 84' lang='lat' dir='ltr'><strong>conscriptae</strong></span> 
     </span>
     <span class='ocr_line' id='line_1_30' title="bbox 152 1965 1676 2014; baseline -0.002 -13"><span class='ocrx_word' id='word_1_311' title='bbox 152 1969 306 2002; x_wconf 80' lang='lat' dir='ltr'><strong>fuerunt.</strong></span> <span class='ocrx_word' id='word_1_312' title='bbox 342 1968 452 2002; x_wconf 74' lang='lat' dir='ltr'><strong>Forte</strong></span> <span class='ocrx_word' id='word_1_313' title='bbox 469 1969 645 2014; x_wconf 87' lang='lat' dir='ltr'><strong>adeoque,</strong></span> <span class='ocrx_word' id='word_1_314' title='bbox 667 1975 706 2003; x_wconf 92' lang='lat' dir='ltr'><strong>ut</strong></span> <span class='ocrx_word' id='word_1_315' title='bbox 725 1969 880 2004; x_wconf 87' lang='lat' dir='ltr'><strong>nonnulli</strong></span> <span class='ocrx_word' id='word_1_316' title='bbox 899 1974 1060 2010; x_wconf 82' lang='lat' dir='ltr'><strong>censent,</strong></span> <span class='ocrx_word' id='word_1_317' title='bbox 1083 1967 1152 2001; x_wconf 86' lang='lat' dir='ltr'><strong>ista</strong></span> <span class='ocrx_word' id='word_1_318' title='bbox 1175 1967 1336 2012; x_wconf 77' lang='lat' dir='ltr'><strong>Epistola</strong></span> <span class='ocrx_word' id='word_1_319' title='bbox 1356 1966 1399 2000; x_wconf 86' lang='lat' dir='ltr'><strong>ad</strong></span> <span class='ocrx_word' id='word_1_320' title='bbox 1419 1966 1513 1999; x_wconf 81' lang='lat' dir='ltr'><strong>aliud</strong></span> <span class='ocrx_word' id='word_1_321' title='bbox 1532 1965 1676 1999; x_wconf 87' lang='lat' dir='ltr'><strong>Horatii</strong></span> 
     </span>
     <span class='ocr_line' id='line_1_31' title="bbox 153 2021 1674 2071; baseline -0.001 -14"><span class='ocrx_word' id='word_1_322' title='bbox 153 2024 313 2058; x_wconf 85' lang='lat' dir='ltr'><strong>volumen</strong></span> <span class='ocrx_word' id='word_1_323' title='bbox 332 2025 569 2070; x_wconf 83' lang='lat' dir='ltr'><strong>spectaverit,</strong></span> <span class='ocrx_word' id='word_1_324' title='bbox 597 2025 688 2070; x_wconf 87' lang='lat' dir='ltr'><strong>quod</strong></span> <span class='ocrx_word' id='word_1_325' title='bbox 708 2027 775 2060; x_wconf 88' lang='lat' dir='ltr'><strong>hoc</strong></span> <span class='ocrx_word' id='word_1_326' title='bbox 795 2031 972 2071; x_wconf 88' lang='lat' dir='ltr'><strong>tempore,</strong></span> <span class='ocrx_word' id='word_1_327' title='bbox 1000 2025 1058 2058; x_wconf 79' lang='lat' dir='ltr'><strong>vel</strong></span> <span class='ocrx_word' id='word_1_328' title='bbox 1077 2024 1234 2069; x_wconf 83' lang='lat' dir='ltr'><strong>proxime</strong></span> <span class='ocrx_word' id='word_1_329' title='bbox 1254 2024 1509 2067; x_wconf 83' lang='lat' dir='ltr'><strong>subsequente,</strong></span> <span class='ocrx_word' id='word_1_330' title='bbox 1539 2021 1674 2066; x_wconf 87' lang='lat' dir='ltr'><strong>publici</strong></span> 
     </span>
     <span class='ocr_line' id='line_1_32' title="bbox 148 2079 1675 2126; baseline -0.003 -11"><span class='ocrx_word' id='word_1_331' title='bbox 148 2082 240 2126; x_wconf 83' lang='lat' dir='ltr'><strong>juris</strong></span> <span class='ocrx_word' id='word_1_332' title='bbox 259 2081 426 2115; x_wconf 88' lang='lat' dir='ltr'><strong>fecerit.“</strong></span> <span class='ocrx_word' id='word_1_333' title='bbox 457 2082 583 2116; x_wconf 84' lang='lat' dir='ltr'><strong>Iisdem</strong></span> <span class='ocrx_word' id='word_1_334' title='bbox 604 2081 686 2116; x_wconf 85' lang='lat' dir='ltr'><strong>anni</strong></span> <span class='ocrx_word' id='word_1_335' title='bbox 703 2083 784 2118; x_wconf 90' lang='grc'><strong>733.</strong></span> <span class='ocrx_word' id='word_1_336' title='bbox 803 2082 930 2117; x_wconf 85' lang='lat' dir='ltr'><strong>finibus</strong></span> <span class='ocrx_word' id='word_1_337' title='bbox 947 2080 1140 2125; x_wconf 84' lang='lat' dir='ltr'><strong>Epistolam</strong></span> <span class='ocrx_word' id='word_1_338' title='bbox 1156 2086 1192 2114; x_wconf 88' lang='lat' dir='ltr'><strong>et</strong></span> <span class='ocrx_word' id='word_1_339' title='bbox 1207 2079 1446 2124; x_wconf 85' lang='lat' dir='ltr'><strong>Epistolarum</strong></span> <span class='ocrx_word' id='word_1_340' title='bbox 1461 2079 1586 2112; x_wconf 89' lang='lat' dir='ltr'><strong>librum</strong></span> <span class='ocrx_word' id='word_1_341' title='bbox 1601 2084 1675 2112; x_wconf 82' lang='lat' dir='ltr'><strong>ter-</strong></span> 
     </span>
     <span class='ocr_line' id='line_1_33' title="bbox 153 2135 1671 2183; baseline -0.001 -12"><span class='ocrx_word' id='word_1_342' title='bbox 153 2139 261 2171; x_wconf 84' lang='lat' dir='ltr'><strong>minat</strong></span> <span class='ocrx_word' id='word_1_343' title='bbox 290 2137 521 2172; x_wconf 79' lang='lat' dir='ltr'><strong>Walckenaer</strong></span> <span class='ocrx_word' id='word_1_344' title='bbox 548 2144 586 2171; x_wconf 89' lang='lat' dir='ltr'><strong>et</strong></span> <span class='ocrx_word' id='word_1_345' title='bbox 618 2138 690 2182; x_wconf 89' lang='lat' dir='ltr'><strong>ita,</strong></span> <span class='ocrx_word' id='word_1_346' title='bbox 729 2145 769 2173; x_wconf 90' lang='lat' dir='ltr'><strong>ut</strong></span> <span class='ocrx_word' id='word_1_347' title='bbox 794 2139 888 2173; x_wconf 88' lang='lat' dir='ltr'><strong>illum</strong></span> <span class='ocrx_word' id='word_1_348' title='bbox 912 2137 1060 2183; x_wconf 86' lang='lat' dir='ltr'><strong>posthac</strong></span> <span class='ocrx_word' id='word_1_349' title='bbox 1088 2137 1206 2170; x_wconf 88' lang='lat' dir='ltr'><strong>decem</strong></span> <span class='ocrx_word' id='word_1_350' title='bbox 1232 2135 1406 2180; x_wconf 81' lang='lat' dir='ltr'><strong>Epistolis</strong></span> <span class='ocrx_word' id='word_1_351' title='bbox 1434 2140 1571 2168; x_wconf 88' lang='lat' dir='ltr'><strong>auctum</strong></span> <span class='ocrx_word' id='word_1_352' title='bbox 1604 2135 1671 2177; x_wconf 89' lang='grc' dir='ltr'><strong>(Π.</strong></span> 
     </span>
     <span class='ocr_line' id='line_1_34' title="bbox 153 2190 1673 2240; baseline -0.002 -11"><span class='ocrx_word' id='word_1_353' title='bbox 153 2206 191 2239; x_wconf 89' lang='lat' dir='ltr'><strong>p.</strong></span> <span class='ocrx_word' id='word_1_354' title='bbox 207 2194 285 2229; x_wconf 81' lang='lat'><strong>231.</strong></span> <span class='ocrx_word' id='word_1_355' title='bbox 310 2199 348 2227; x_wconf 88' lang='lat' dir='ltr'><strong>et</strong></span> <span class='ocrx_word' id='word_1_356' title='bbox 363 2190 452 2236; x_wconf 84' lang='lat'><strong>344)</strong></span> <span class='ocrx_word' id='word_1_357' title='bbox 475 2195 636 2238; x_wconf 78' lang='lat' dir='ltr'><strong>prodisse</strong></span> <span class='ocrx_word' id='word_1_358' title='bbox 651 2195 824 2240; x_wconf 84' lang='lat' dir='ltr'><strong>opinetur.</strong></span> <span class='ocrx_word' id='word_1_359' title='bbox 854 2196 892 2228; x_wconf 91' lang='lat' dir='ltr'><strong>In</strong></span> <span class='ocrx_word' id='word_1_360' title='bbox 908 2195 1028 2227; x_wconf 90' lang='lat' dir='ltr'><strong>eadem</strong></span> <span class='ocrx_word' id='word_1_361' title='bbox 1044 2192 1216 2237; x_wconf 84' lang='lat' dir='ltr'><strong>repetitae</strong></span> <span class='ocrx_word' id='word_1_362' title='bbox 1232 2190 1395 2225; x_wconf 83' lang='lat' dir='ltr'><strong>editionis</strong></span> <span class='ocrx_word' id='word_1_363' title='bbox 1410 2191 1584 2225; x_wconf 87' lang='lat' dir='ltr'><strong>sententia</strong></span> <span class='ocrx_word' id='word_1_364' title='bbox 1599 2192 1673 2226; x_wconf 74' lang='lat' dir='ltr'><strong>Lu·-</strong></span> 
     </span>
     <span class='ocr_line' id='line_1_35' title="bbox 153 2247 1670 2295; baseline -0.001 -11"><span class='ocrx_word' id='word_1_365' title='bbox 153 2251 292 2285; x_wconf 74' lang='lat' dir='ltr'><strong>dovicus</strong></span> <span class='ocrx_word' id='word_1_366' title='bbox 306 2261 447 2295; x_wconf 90' lang='lat' dir='ltr'><strong>quoque·</strong></span> <span class='ocrx_word' id='word_1_367' title='bbox 461 2250 575 2284; x_wconf 76' lang='lat' dir='ltr'><strong>Bauer</strong></span> <span class='ocrx_word' id='word_1_368' title='bbox 592 2251 799 2294; x_wconf 77' lang='lat' dir='ltr'><strong>(‚,Auswah1</strong></span> <span class='ocrx_word' id='word_1_369' title='bbox 815 2250 1020 2284; x_wconf 70' lang='lat' dir='ltr'><strong>Romiscber</strong></span> <span class='ocrx_word' id='word_1_370' title='bbox 1033 2250 1183 2292; x_wconf 83' lang='lat' dir='ltr'><strong>Satyren</strong></span> <span class='ocrx_word' id='word_1_371' title='bbox 1204 2260 1238 2282; x_wconf 88' lang='lat' dir='ltr'><strong>u.</strong></span> <span class='ocrx_word' id='word_1_372' title='bbox 1254 2247 1516 2293; x_wconf 85' lang='lat' dir='ltr'><strong>Epigramme.“</strong></span> <span class='ocrx_word' id='word_1_373' title='bbox 1534 2248 1670 2292; x_wconf 78' lang='lat' dir='ltr'><strong>stuttg.</strong></span> 
     </span>
     <span class='ocr_line' id='line_1_36' title="bbox 155 2303 1670 2352; baseline -0.002 -12"><span class='ocrx_word' id='word_1_374' title='bbox 155 2303 265 2340; x_wconf 67' lang='lat'><strong>1841..</strong></span> <span class='ocrx_word' id='word_1_375' title='bbox 278 2318 314 2350; x_wconf 90' lang='lat' dir='ltr'><strong>p.</strong></span> <span class='ocrx_word' id='word_1_376' title='bbox 336 2307 399 2350; x_wconf 82' lang='lat'><strong>31)</strong></span> <span class='ocrx_word' id='word_1_377' title='bbox 419 2313 495 2350; x_wconf 78' lang='lat' dir='ltr'><strong>est,</strong></span> <span class='ocrx_word' id='word_1_378' title='bbox 516 2306 574 2350; x_wconf 89' lang='lat' dir='ltr'><strong>qui</strong></span> <span class='ocrx_word' id='word_1_379' title='bbox 595 2313 740 2352; x_wconf 89' lang='lat' dir='ltr'><strong>praeter</strong></span> <span class='ocrx_word' id='word_1_380' title='bbox 758 2308 827 2341; x_wconf 79' lang='lat' dir='ltr'><strong>alia</strong></span> <span class='ocrx_word' id='word_1_381' title='bbox 847 2308 933 2341; x_wconf 85' lang='lat' dir='ltr'><strong>baec</strong></span> <span class='ocrx_word' id='word_1_382' title='bbox 949 2306 1134 2339; x_wconf 83' lang='lat' dir='ltr'><strong>observat:</strong></span> <span class='ocrx_word' id='word_1_383' title='bbox 1155 2305 1265 2349; x_wconf 86' lang='lat' dir='ltr'><strong>„Man</strong></span> <span class='ocrx_word' id='word_1_384' title='bbox 1290 2305 1426 2338; x_wconf 71' lang='lat' dir='ltr'><strong>mocbte</strong></span> <span class='ocrx_word' id='word_1_385' title='bbox 1454 2304 1670 2347; x_wconf 85' lang='lat' dir='ltr'><strong>vermutben,</strong></span> 
     </span>
     <span class='ocr_line' id='line_1_37' title="bbox 154 2359 1673 2407; baseline -0.001 -12"><span class='ocrx_word' id='word_1_386' title='bbox 154 2362 272 2395; x_wconf 86' lang='lat' dir='ltr'><strong>Horaz</strong></span> <span class='ocrx_word' id='word_1_387' title='bbox 289 2363 379 2396; x_wconf 87' lang='lat' dir='ltr'><strong>habe</strong></span> <span class='ocrx_word' id='word_1_388' title='bbox 394 2363 426 2395; x_wconf 93' lang='lat' dir='ltr'><strong>in</strong></span> <span class='ocrx_word' id='word_1_389' title='bbox 443 2363 589 2397; x_wconf 84' lang='lat' dir='ltr'><strong>zweiter</strong></span> <span class='ocrx_word' id='word_1_390' title='bbox 602 2365 767 2407; x_wconf 78' lang='lat' dir='ltr'><strong>Ausgabe</strong></span> <span class='ocrx_word' id='word_1_391' title='bbox 783 2364 879 2398; x_wconf 84' lang='lat' dir='ltr'><strong>diese</strong></span> <span class='ocrx_word' id='word_1_392' title='bbox 895 2361 1013 2396; x_wconf 81' lang='lat' dir='ltr'><strong>Briefe</strong></span> <span class='ocrx_word' id='word_1_393' title='bbox 1035 2372 1102 2394; x_wconf 84' lang='lat' dir='ltr'><strong>von</strong></span> <span class='ocrx_word' id='word_1_394' title='bbox 1124 2363 1300 2405; x_wconf 63' lang='lat' dir='ltr'><strong>spaterem</strong></span> <span class='ocrx_word' id='word_1_395' title='bbox 1315 2361 1440 2394; x_wconf 89' lang='lat' dir='ltr'><strong>Datum</strong></span> <span class='ocrx_word' id='word_1_396' title='bbox 1456 2359 1673 2404; x_wconf 81' lang='lat' dir='ltr'><strong>eingeschal-</strong></span> 
     </span>
     <span class='ocr_line' id='line_1_38' title="bbox 154 2416 1672 2465; baseline 0 -14"><span class='ocrx_word' id='word_1_397' title='bbox 154 2423 227 2461; x_wconf 88' lang='lat' dir='ltr'><strong>tet,</strong></span> <span class='ocrx_word' id='word_1_398' title='bbox 243 2417 305 2451; x_wconf 87' lang='lat' dir='ltr'><strong>das</strong></span> <span class='ocrx_word' id='word_1_399' title='bbox 318 2418 564 2452; x_wconf 81' lang='lat' dir='ltr'><strong>Schlussstiick</strong></span> <span class='ocrx_word' id='word_1_400' title='bbox 578 2420 663 2454; x_wconf 89' lang='lat' dir='ltr'><strong>aber</strong></span> <span class='ocrx_word' id='word_1_401' title='bbox 679 2431 802 2465; x_wconf 83' lang='lat' dir='ltr'><strong>wegen</strong></span> <span class='ocrx_word' id='word_1_402' title='bbox 817 2420 932 2453; x_wconf 83' lang='lat' dir='ltr'><strong>seines</strong></span> <span class='ocrx_word' id='word_1_403' title='bbox 947 2417 1143 2464; x_wconf 86' lang='lat' dir='ltr'><strong>passenden</strong></span> <span class='ocrx_word' id='word_1_404' title='bbox 1158 2418 1294 2451; x_wconf 85' lang='lat' dir='ltr'><strong>Inbalts</strong></span> <span class='ocrx_word' id='word_1_405' title='bbox 1310 2417 1355 2451; x_wconf 87' lang='lat' dir='ltr'><strong>da</strong></span> <span class='ocrx_word' id='word_1_406' title='bbox 1370 2416 1542 2460; x_wconf 78' lang='lat' dir='ltr'><strong>gelassen,</strong></span> <span class='ocrx_word' id='word_1_407' title='bbox 1562 2429 1618 2450; x_wconf 84' lang='lat' dir='ltr'><strong>wo</strong></span> <span class='ocrx_word' id='word_1_408' title='bbox 1633 2429 1672 2451; x_wconf 81' lang='lat' dir='ltr'><strong>es</strong></span> 
     </span>
     <span class='ocr_line' id='line_1_39' title="bbox 152 2473 1672 2518; baseline 0 -11"><span class='ocrx_word' id='word_1_409' title='bbox 152 2474 276 2508; x_wconf 83' lang='lat' dir='ltr'><strong>friiber</strong></span> <span class='ocrx_word' id='word_1_410' title='bbox 297 2475 490 2518; x_wconf 76' lang='lat' dir='ltr'><strong>gestauden</strong></span> <span class='ocrx_word' id='word_1_411' title='bbox 510 2475 607 2510; x_wconf 87' lang='lat' dir='ltr'><strong>hatte</strong></span> <span class='ocrx_word' id='word_1_412' title='bbox 627 2478 722 2510; x_wconf 87' lang='lat' dir='ltr'><strong>etc.“</strong></span> <span class='ocrx_word' id='word_1_413' title='bbox 764 2477 955 2510; x_wconf 76' lang='lat' dir='ltr'><strong>Kirehnero</strong></span> <span class='ocrx_word' id='word_1_414' title='bbox 977 2474 1057 2508; x_wconf 91' lang='lat' dir='ltr'><strong>olim</strong></span> <span class='ocrx_word' id='word_1_415' title='bbox 1083 2484 1249 2507; x_wconf 85' lang='lat' dir='ltr'><strong>assensus</strong></span> <span class='ocrx_word' id='word_1_416' title='bbox 1269 2479 1324 2506; x_wconf 90' lang='lat' dir='ltr'><strong>est</strong></span> <span class='ocrx_word' id='word_1_417' title='bbox 1351 2473 1521 2517; x_wconf 74' lang='lat' dir='ltr'><strong>orellius,</strong></span> <span class='ocrx_word' id='word_1_418' title='bbox 1552 2474 1615 2507; x_wconf 83' lang='lat' dir='ltr'><strong>sed</strong></span> <span class='ocrx_word' id='word_1_419' title='bbox 1634 2473 1672 2508; x_wconf 85' lang='lat' dir='ltr'><strong>in</strong></span> 
     </span>
     <span class='ocr_line' id='line_1_40' title="bbox 155 2526 1671 2576; baseline 0.001 -12"><span class='ocrx_word' id='word_1_420' title='bbox 155 2529 311 2564; x_wconf 86' lang='lat' dir='ltr'><strong>editione</strong></span> <span class='ocrx_word' id='word_1_421' title='bbox 328 2531 376 2564; x_wconf 89' lang='grc' dir='ltr'><strong>Π.</strong></span> <span class='ocrx_word' id='word_1_422' title='bbox 394 2531 543 2566; x_wconf 81' lang='lat' dir='ltr'><strong>mutavit</strong></span> <span class='ocrx_word' id='word_1_423' title='bbox 560 2537 708 2566; x_wconf 87' lang='lat' dir='ltr'><strong>mentem</strong></span> <span class='ocrx_word' id='word_1_424' title='bbox 729 2537 765 2566; x_wconf 90' lang='lat' dir='ltr'><strong>et</strong></span> <span class='ocrx_word' id='word_1_425' title='bbox 779 2534 866 2566; x_wconf 84' lang='lat' dir='ltr'><strong>banc</strong></span> <span class='ocrx_word' id='word_1_426' title='bbox 880 2530 1075 2576; x_wconf 83' lang='lat' dir='ltr'><strong>Epistolam</strong></span> <span class='ocrx_word' id='word_1_427' title='bbox 1089 2529 1132 2564; x_wconf 90' lang='lat' dir='ltr'><strong>ad</strong></span> <span class='ocrx_word' id='word_1_428' title='bbox 1147 2541 1226 2563; x_wconf 89' lang='lat' dir='ltr'><strong>ann.</strong></span> <span class='ocrx_word' id='word_1_429' title='bbox 1242 2526 1324 2565; x_wconf 90' lang='grc'><strong>734.</strong></span> <span class='ocrx_word' id='word_1_430' title='bbox 1338 2528 1479 2572; x_wconf 87' lang='lat' dir='ltr'><strong>retulit,</strong></span> <span class='ocrx_word' id='word_1_431' title='bbox 1499 2540 1567 2574; x_wconf 87' lang='lat' dir='ltr'><strong>quo</strong></span> <span class='ocrx_word' id='word_1_432' title='bbox 1582 2529 1671 2565; x_wconf 80' lang='lat' dir='ltr'><strong>duae</strong></span> 
     </span>
     <span class='ocr_line' id='line_1_41' title="bbox 157 2584 1668 2633; baseline 0 -13"><span class='ocrx_word' id='word_1_433' title='bbox 157 2585 248 2620; x_wconf 86' lang='lat' dir='ltr'><strong>aliae</strong></span> <span class='ocrx_word' id='word_1_434' title='bbox 267 2597 308 2619; x_wconf 91' lang='lat' dir='ltr'><strong>re</strong></span> <span class='ocrx_word' id='word_1_435' title='bbox 329 2597 415 2620; x_wconf 83' lang='lat' dir='ltr'><strong>vera</strong></span> <span class='ocrx_word' id='word_1_436' title='bbox 441 2587 512 2620; x_wconf 84' lang='lat' dir='ltr'><strong>sint</strong></span> <span class='ocrx_word' id='word_1_437' title='bbox 542 2589 766 2633; x_wconf 84' lang='lat' dir='ltr'><strong>compositae.</strong></span> <span class='ocrx_word' id='word_1_438' title='bbox 814 2589 915 2622; x_wconf 90' lang='lat' dir='ltr'><strong>Illum</strong></span> <span class='ocrx_word' id='word_1_439' title='bbox 934 2593 1046 2620; x_wconf 84' lang='lat' dir='ltr'><strong>autem</strong></span> <span class='ocrx_word' id='word_1_440' title='bbox 1067 2597 1241 2620; x_wconf 88' lang='lat' dir='ltr'><strong>numerum</strong></span> <span class='ocrx_word' id='word_1_441' title='bbox 1264 2585 1452 2619; x_wconf 88' lang='lat' dir='ltr'><strong>indicatum</strong></span> <span class='ocrx_word' id='word_1_442' title='bbox 1471 2597 1551 2620; x_wconf 82' lang='lat' dir='ltr'><strong>esse</strong></span> <span class='ocrx_word' id='word_1_443' title='bbox 1572 2584 1668 2631; x_wconf 87' lang='lat' dir='ltr'><strong>dicit,</strong></span> 
     </span>
     <span class='ocr_line' id='line_1_42' title="bbox 155 2642 1667 2688; baseline 0.002 -13"><span class='ocrx_word' id='word_1_444' title='bbox 155 2642 238 2688; x_wconf 88' lang='lat' dir='ltr'><strong>quia</strong></span> <span class='ocrx_word' id='word_1_445' title='bbox 258 2644 433 2676; x_wconf 88' lang='lat' dir='ltr'><strong>commode</strong></span> <span class='ocrx_word' id='word_1_446' title='bbox 452 2654 493 2676; x_wconf 89' lang='lat' dir='ltr'><strong>ac</strong></span> <span class='ocrx_word' id='word_1_447' title='bbox 514 2649 658 2678; x_wconf 82' lang='lat' dir='ltr'><strong>venuste</strong></span> <span class='ocrx_word' id='word_1_448' title='bbox 685 2643 869 2679; x_wconf 82' lang='lat' dir='ltr'><strong>versiculis</strong></span> <span class='ocrx_word' id='word_1_449' title='bbox 897 2642 1045 2688; x_wconf 89' lang='lat' dir='ltr'><strong>exprimi</strong></span> <span class='ocrx_word' id='word_1_450' title='bbox 1071 2643 1240 2687; x_wconf 86' lang='lat' dir='ltr'><strong>potuerit.</strong></span> <span class='ocrx_word' id='word_1_451' title='bbox 1286 2642 1388 2682; x_wconf 80' lang='lat' dir='ltr'><strong>Quae</strong></span> <span class='ocrx_word' id='word_1_452' title='bbox 1414 2642 1552 2686; x_wconf 89' lang='lat' dir='ltr'><strong>quidem</strong></span> <span class='ocrx_word' id='word_1_453' title='bbox 1577 2643 1667 2678; x_wconf 83' lang='lat' dir='ltr'><strong>ratio</strong></span> 
     </span>
     <span class='ocr_line' id='line_1_43' title="bbox 154 2697 1667 2744; baseline 0.002 -13"><span class='ocrx_word' id='word_1_454' title='bbox 154 2710 281 2732; x_wconf 83' lang='lat' dir='ltr'><strong>vereor</strong></span> <span class='ocrx_word' id='word_1_455' title='bbox 299 2703 337 2732; x_wconf 92' lang='lat' dir='ltr'><strong>ut</strong></span> <span class='ocrx_word' id='word_1_456' title='bbox 357 2697 512 2742; x_wconf 81' lang='lat' dir='ltr'><strong>cuiquam</strong></span> <span class='ocrx_word' id='word_1_457' title='bbox 538 2701 718 2744; x_wconf 82' lang='lat' dir='ltr'><strong>probetur.</strong></span> <span class='ocrx_word' id='word_1_458' title='bbox 766 2699 1040 2734; x_wconf 88' lang='lat' dir='ltr'><strong>Probabiliorem</strong></span> <span class='ocrx_word' id='word_1_459' title='bbox 1060 2710 1168 2744; x_wconf 84' lang='lat' dir='ltr'><strong>supra</strong></span> <span class='ocrx_word' id='word_1_460' title='bbox 1192 2698 1294 2732; x_wconf 87' lang='lat' dir='ltr'><strong>nobis</strong></span> <span class='ocrx_word' id='word_1_461' title='bbox 1318 2697 1478 2732; x_wconf 71' lang='lat' dir='ltr'><strong>attulisse</strong></span> <span class='ocrx_word' id='word_1_462' title='bbox 1499 2699 1667 2734; x_wconf 75' lang='lat' dir='ltr'><strong>videmur.</strong></span> 
     </span>
     <span class='ocr_line' id='line_1_44' title="bbox 154 2751 1668 2801; baseline 0.002 -13"><span class='ocrx_word' id='word_1_463' title='bbox 154 2756 287 2789; x_wconf 79' lang='lat' dir='ltr'><strong>Annum</strong></span> <span class='ocrx_word' id='word_1_464' title='bbox 301 2765 334 2789; x_wconf 87' lang='lat' dir='ltr'><strong>u.</strong></span> <span class='ocrx_word' id='word_1_465' title='bbox 351 2766 383 2789; x_wconf 87' lang='lat' dir='ltr'><strong>c.</strong></span> <span class='ocrx_word' id='word_1_466' title='bbox 399 2751 482 2789; x_wconf 83' lang='lat'><strong>734.</strong></span> <span class='ocrx_word' id='word_1_467' title='bbox 502 2761 644 2800; x_wconf 80' lang='lat' dir='ltr'><strong>praeter</strong></span> <span class='ocrx_word' id='word_1_468' title='bbox 662 2755 750 2790; x_wconf 89' lang='lat' dir='ltr'><strong>alios</strong></span> <span class='ocrx_word' id='word_1_469' title='bbox 770 2757 924 2790; x_wconf 87' lang='lat' dir='ltr'><strong>sentiunt</strong></span> <span class='ocrx_word' id='word_1_470' title='bbox 943 2754 1205 2801; x_wconf 72' lang='lat' dir='ltr'><strong>Mor-gemtem.</strong></span> <span class='ocrx_word' id='word_1_471' title='bbox 1224 2755 1287 2798; x_wconf 85' lang='lat' dir='ltr'><strong>(de</strong></span> <span class='ocrx_word' id='word_1_472' title='bbox 1302 2755 1380 2789; x_wconf 85' lang='lat' dir='ltr'><strong>Sat.</strong></span> <span class='ocrx_word' id='word_1_473' title='bbox 1395 2760 1501 2799; x_wconf 86' lang='lat' dir='ltr'><strong>atque</strong></span> <span class='ocrx_word' id='word_1_474' title='bbox 1516 2756 1668 2801; x_wconf 80' lang='lat' dir='ltr'><strong>Epistol.</strong></span> 
     </span>
     <span class='ocr_line' id='line_1_45' title="bbox 153 2810 1667 2858; baseline 0.001 -12"><span class='ocrx_word' id='word_1_475' title='bbox 153 2812 279 2846; x_wconf 78' lang='lat' dir='ltr'><strong>Horat·</strong></span> <span class='ocrx_word' id='word_1_476' title='bbox 301 2810 416 2846; x_wconf 81' lang='lat' dir='ltr'><strong>Discr.</strong></span> <span class='ocrx_word' id='word_1_477' title='bbox 434 2822 471 2857; x_wconf 89' lang='lat' dir='ltr'><strong>p.</strong></span> <span class='ocrx_word' id='word_1_478' title='bbox 486 2812 540 2856; x_wconf 83' lang='lat'><strong>2.)</strong></span> <span class='ocrx_word' id='word_1_479' title='bbox 563 2819 599 2846; x_wconf 89' lang='lat' dir='ltr'><strong>et</strong></span> <span class='ocrx_word' id='word_1_480' title='bbox 619 2813 845 2847; x_wconf 74' lang='lat' dir='ltr'><strong>Strodtmann</strong></span> <span class='ocrx_word' id='word_1_481' title='bbox 861 2812 895 2846; x_wconf 91' lang='lat' dir='ltr'><strong>in</strong></span> <span class='ocrx_word' id='word_1_482' title='bbox 911 2813 1035 2857; x_wconf 86' lang='lat' dir='ltr'><strong>Progr.</strong></span> <span class='ocrx_word' id='word_1_483' title='bbox 1050 2811 1157 2847; x_wconf 86' lang='lat' dir='ltr'><strong>schol.</strong></span> <span class='ocrx_word' id='word_1_484' title='bbox 1175 2811 1385 2856; x_wconf 79' lang='lat' dir='ltr'><strong>Flensburg.</strong></span> <span class='ocrx_word' id='word_1_485' title='bbox 1402 2812 1504 2847; x_wconf 85' lang='lat'><strong>1839.</strong></span> <span class='ocrx_word' id='word_1_486' title='bbox 1518 2824 1552 2858; x_wconf 86' lang='lat' dir='ltr'><strong>p.</strong></span> <span class='ocrx_word' id='word_1_487' title='bbox 1568 2813 1667 2847; x_wconf 83' lang='lat' dir='ltr'><strong>XIX.</strong></span> 
     </span>
    </p>
   </div>
   <div class='ocr_carea' id='block_1_6' title="bbox 1223 2873 1452 2928">
    <p class='ocr_par' dir='ltr' id='par_1_6' title="bbox 1223 2873 1452 2928">
     <span class='ocr_line' id='line_1_46' title="bbox 1223 2873 1452 2928; baseline 0.004 -12"><span class='ocrx_word' id='word_1_488' title='bbox 1223 2873 1311 2916; x_wconf 80' lang='lat'><strong>36*</strong></span> <span class='ocrx_word' id='word_1_489' title='bbox 1333 2874 1452 2928; x_wconf 87' lang='lat'>(14*)</span> 
     </span>
    </p>
   </div>
  </div>
 </body>
</html>
