<?xml version="1.0" encoding="UTF-8"?>
<!DOCTYPE html PUBLIC "-//W3C//DTD XHTML 1.0 Transitional//EN"
    "http://www.w3.org/TR/xhtml1/DTD/xhtml1-transitional.dtd">
<html xmlns="http://www.w3.org/1999/xhtml" xml:lang="en" lang="en">
 <head>
  <title>
</title>
<meta http-equiv="Content-Type" content="text/html;charset=utf-8" />
  <meta name='ocr-system' content='tesseract 3.04.00' />
  <meta name='ocr-capabilities' content='ocr_page ocr_carea ocr_par ocr_line ocrx_word'/>
</head>
<body>
  <div class='ocr_page' id='page_1' title='image "./epistolascomment02horauoft_0382.png"; bbox 0 0 1910 3138; ppageno 0'>
   <div class='ocr_carea' id='block_1_1' title="bbox 296 217 1818 275">
    <p class='ocr_par' dir='ltr' id='par_1_1' title="bbox 296 217 1818 275">
     <span class='ocr_line' id='line_1_1' title="bbox 296 217 1818 275; baseline 0.001 -13"><span class='ocrx_word' id='word_1_1' title='bbox 296 217 381 262; x_wconf 86' lang='lat'>374</span> <span class='ocrx_word' id='word_1_2' title='bbox 463 218 741 260; x_wconf 80' lang='lat' dir='ltr'><strong>COMMENT.</strong></span> <span class='ocrx_word' id='word_1_3' title='bbox 760 219 819 258; x_wconf 89' lang='lat' dir='ltr'>IN</span> <span class='ocrx_word' id='word_1_4' title='bbox 838 218 964 262; x_wconf 83' lang='lat' dir='ltr'><strong>HOR.</strong></span> <span class='ocrx_word' id='word_1_5' title='bbox 982 218 1086 259; x_wconf 88' lang='lat' dir='ltr'><strong>LIB.</strong></span> <span class='ocrx_word' id='word_1_6' title='bbox 1101 219 1130 259; x_wconf 92' lang='lat'>1.</span> <span class='ocrx_word' id='word_1_7' title='bbox 1159 219 1324 261; x_wconf 77' lang='lat' dir='ltr'><strong>EPIST.</strong></span> <span class='ocrx_word' id='word_1_8' title='bbox 1342 221 1492 263; x_wconf 82' lang='lat' dir='ltr'><strong>SEPT.</strong></span> <span class='ocrx_word' id='word_1_9' title='bbox 1511 220 1687 275; x_wconf 69' lang='lat' dir='ltr'><strong>DECEM.</strong></span> <span class='ocrx_word' id='word_1_10' title='bbox 1763 224 1818 268; x_wconf 76' lang='lat'>26</span> 
     </span>
    </p>
   </div>
   <div class='ocr_carea' id='block_1_2' title="bbox 286 327 1821 2298">
    <p class='ocr_par' dir='ltr' id='par_1_2' title="bbox 286 327 1821 2298">
     <span class='ocr_line' id='line_1_2' title="bbox 295 327 1819 388; baseline 0.001 -15"><span class='ocrx_word' id='word_1_11' title='bbox 295 334 465 374; x_wconf 85' lang='lat' dir='ltr'><strong>Pertinet</strong></span> <span class='ocrx_word' id='word_1_12' title='bbox 491 336 616 371; x_wconf 85' lang='lat' dir='ltr'>autem</span> <span class='ocrx_word' id='word_1_13' title='bbox 639 332 712 370; x_wconf 89' lang='lat' dir='ltr'>huc</span> <span class='ocrx_word' id='word_1_14' title='bbox 737 332 854 382; x_wconf 84' lang='lat' dir='ltr'><strong>Diog.</strong></span> <span class='ocrx_word' id='word_1_15' title='bbox 882 331 1016 371; x_wconf 83' lang='lat' dir='ltr'>Laert.</span> <span class='ocrx_word' id='word_1_16' title='bbox 1047 335 1096 383; x_wconf 87' lang='lat'><strong>2,</strong></span> <span class='ocrx_word' id='word_1_17' title='bbox 1126 334 1193 375; x_wconf 93' lang='lat'>66.</span> <span class='ocrx_word' id='word_1_18' title='bbox 1234 327 1289 386; x_wconf 81' lang='grc' dir='ltr'><strong><em>ἦν</em></strong></span> <span class='ocrx_word' id='word_1_19' title='bbox 1320 331 1364 374; x_wconf 72' lang='grc' dir='ltr'>δὲ</span> <span class='ocrx_word' id='word_1_20' title='bbox 1398 333 1538 383; x_wconf 77' lang='grc' dir='ltr'><strong><em>ἱκανὸς</em></strong></span> <span class='ocrx_word' id='word_1_21' title='bbox 1564 329 1819 388; x_wconf 79' lang='grc' dir='ltr'><strong><em>ἆρμόσασθαι</em></strong></span> 
     </span>
     <span class='ocr_line' id='line_1_3' title="bbox 294 396 1819 456; baseline 0.001 -14"><span class='ocrx_word' id='word_1_22' title='bbox 294 400 364 442; x_wconf 82' lang='grc' dir='ltr'>καὶ</span> <span class='ocrx_word' id='word_1_23' title='bbox 391 398 496 452; x_wconf 85' lang='grc' dir='ltr'><strong><em>τόπῳ</em></strong></span> <span class='ocrx_word' id='word_1_24' title='bbox 525 399 592 440; x_wconf 82' lang='grc' dir='ltr'>καὶ</span> <span class='ocrx_word' id='word_1_25' title='bbox 621 396 752 456; x_wconf 76' lang='grc' dir='ltr'><strong><em>χρόνῳ</em></strong></span> <span class='ocrx_word' id='word_1_26' title='bbox 784 399 854 440; x_wconf 82' lang='grc' dir='ltr'>καὶ</span> <span class='ocrx_word' id='word_1_27' title='bbox 882 396 1083 456; x_wconf 75' lang='grc' dir='ltr'><strong><em>προσώπῳ</em></strong></span> <span class='ocrx_word' id='word_1_28' title='bbox 1111 400 1180 442; x_wconf 79' lang='grc' dir='ltr'>καὶ</span> <span class='ocrx_word' id='word_1_29' title='bbox 1207 404 1340 442; x_wconf 78' lang='grc' dir='ltr'><strong><em>πᾶσαν</em></strong></span> <span class='ocrx_word' id='word_1_30' title='bbox 1365 402 1593 456; x_wconf 72' lang='grc' dir='ltr'><strong><em>περίστασιν</em></strong></span> <span class='ocrx_word' id='word_1_31' title='bbox 1621 400 1819 454; x_wconf 68' lang='grc' dir='ltr'><strong><em>ἁρμονίας</em></strong></span> 
     </span>
     <span class='ocr_line' id='line_1_4' title="bbox 294 466 1820 523; baseline 0.001 -13"><span class='ocrx_word' id='word_1_32' title='bbox 294 468 605 521; x_wconf 68' lang='grc' dir='ltr'><strong><em>ὑποκρίνασθαι.</em></strong></span> <span class='ocrx_word' id='word_1_33' title='bbox 652 467 842 508; x_wconf 79' lang='lat' dir='ltr'><strong>Plutarch.</strong></span> <span class='ocrx_word' id='word_1_34' title='bbox 881 470 929 507; x_wconf 91' lang='lat' dir='ltr'>de</span> <span class='ocrx_word' id='word_1_35' title='bbox 965 468 1090 511; x_wconf 82' lang='lat' dir='ltr'>Anim.</span> <span class='ocrx_word' id='word_1_36' title='bbox 1127 469 1165 509; x_wconf 88' lang='lat' dir='ltr'>T</span> <span class='ocrx_word' id='word_1_37' title='bbox 1165 484 1273 522; x_wconf 83' lang='lat' dir='ltr'>ranq.</span> <span class='ocrx_word' id='word_1_38' title='bbox 1301 469 1382 508; x_wconf 89' lang='lat' dir='ltr'><strong>VII.</strong></span> <span class='ocrx_word' id='word_1_39' title='bbox 1418 484 1459 522; x_wconf 88' lang='lat' dir='ltr'>p.</span> <span class='ocrx_word' id='word_1_40' title='bbox 1487 471 1584 512; x_wconf 80' lang='lat'><strong>836.</strong></span> <span class='ocrx_word' id='word_1_41' title='bbox 1635 469 1680 512; x_wconf 87' lang='lat'>‘0</span> <span class='ocrx_word' id='word_1_42' title='bbox 1714 466 1820 523; x_wconf 84' lang='grc' dir='ltr'><strong><em>’Λρί-</em></strong></span> 
     </span>
     <span class='ocr_line' id='line_1_5' title="bbox 293 530 1820 592; baseline 0 -14"><span class='ocrx_word' id='word_1_43' title='bbox 293 552 462 584; x_wconf 84' lang='grc' dir='ltr'><strong><em>στιππος</em></strong></span> <span class='ocrx_word' id='word_1_44' title='bbox 480 559 537 564; x_wconf 93' lang='grc'><strong>-</strong></span> <span class='ocrx_word' id='word_1_45' title='bbox 554 558 611 566; x_wconf 77' lang='lat'><strong>—</strong></span> <span class='ocrx_word' id='word_1_46' title='bbox 632 530 810 587; x_wconf 62' lang='grc' dir='ltr'>ἀγαθὸς,</span> <span class='ocrx_word' id='word_1_47' title='bbox 840 533 975 591; x_wconf 67' lang='grc' dir='ltr'><strong><em>ὥσπερ</em></strong></span> <span class='ocrx_word' id='word_1_48' title='bbox 994 537 1059 579; x_wconf 78' lang='grc' dir='ltr'>ἐπὶ</span> <span class='ocrx_word' id='word_1_49' title='bbox 1085 539 1205 592; x_wconf 82' lang='grc' dir='ltr'><em>ζυγοῦ</em></span> <span class='ocrx_word' id='word_1_50' title='bbox 1227 534 1330 591; x_wconf 83' lang='grc' dir='ltr'>πρός</span> <span class='ocrx_word' id='word_1_51' title='bbox 1345 534 1394 578; x_wconf 73' lang='grc' dir='ltr'>τοὶ</span> <span class='ocrx_word' id='word_1_52' title='bbox 1417 538 1598 590; x_wconf 74' lang='grc' dir='ltr'><strong><em>βελτίονα</em></strong></span> <span class='ocrx_word' id='word_1_53' title='bbox 1614 540 1695 579; x_wconf 73' lang='grc' dir='ltr'><strong><em>τῶν</em></strong></span> <span class='ocrx_word' id='word_1_54' title='bbox 1721 536 1820 579; x_wconf 70' lang='grc' dir='ltr'><strong><em>ὕπο-</em></strong></span> 
     </span>
     <span class='ocr_line' id='line_1_6' title="bbox 294 603 1819 658; baseline -0.002 -11"><span class='ocrx_word' id='word_1_55' title='bbox 294 603 488 655; x_wconf 82' lang='grc' dir='ltr'><strong><em>κειμένων</em></strong></span> <span class='ocrx_word' id='word_1_56' title='bbox 516 603 775 656; x_wconf 78' lang='grc' dir='ltr'><strong><em>ἐξαναφέρειν</em></strong></span> <span class='ocrx_word' id='word_1_57' title='bbox 802 603 868 645; x_wconf 86' lang='grc' dir='ltr'>καὶ</span> <span class='ocrx_word' id='word_1_58' title='bbox 893 604 1183 658; x_wconf 65' lang='grc' dir='ltr'><strong><em>ἀνακουφίζειν</em></strong></span> <span class='ocrx_word' id='word_1_59' title='bbox 1211 603 1347 647; x_wconf 69' lang='grc' dir='ltr'><strong><em>αὐτόν.</em></strong></span> <span class='ocrx_word' id='word_1_60' title='bbox 1408 605 1520 646; x_wconf 85' lang='lat' dir='ltr'><strong>Conf.</strong></span> <span class='ocrx_word' id='word_1_61' title='bbox 1555 606 1738 657; x_wconf 78' lang='lat' dir='ltr'>Heusing.</span> <span class='ocrx_word' id='word_1_62' title='bbox 1769 607 1819 644; x_wconf 84' lang='lat' dir='ltr'>ad</span> 
     </span>
     <span class='ocr_line' id='line_1_7' title="bbox 294 671 1820 727; baseline 0 -16"><span class='ocrx_word' id='word_1_63' title='bbox 294 673 373 711; x_wconf 92' lang='lat' dir='ltr'><strong>Cic.</strong></span> <span class='ocrx_word' id='word_1_64' title='bbox 405 673 453 710; x_wconf 92' lang='lat' dir='ltr'>de</span> <span class='ocrx_word' id='word_1_65' title='bbox 482 672 598 711; x_wconf 84' lang='lat' dir='ltr'><strong>Offie.</strong></span> <span class='ocrx_word' id='word_1_66' title='bbox 632 674 671 721; x_wconf 90' lang='lat'>1,</span> <span class='ocrx_word' id='word_1_67' title='bbox 699 671 770 723; x_wconf 85' lang='lat'>41,</span> <span class='ocrx_word' id='word_1_68' title='bbox 801 674 855 714; x_wconf 91' lang='lat'>10</span> <span class='ocrx_word' id='word_1_69' title='bbox 880 671 1019 727; x_wconf 87' lang='lat'><strong>(148).</strong></span> <span class='ocrx_word' id='word_1_70' title='bbox 1084 675 1206 714; x_wconf 86' lang='lat' dir='ltr'>Recte</span> <span class='ocrx_word' id='word_1_71' title='bbox 1235 688 1259 713; x_wconf 81' lang='lat' dir='ltr'>a</span> <span class='ocrx_word' id='word_1_72' title='bbox 1286 673 1498 713; x_wconf 74' lang='lat' dir='ltr'><strong>Scholiasta</strong></span> <span class='ocrx_word' id='word_1_73' title='bbox 1533 673 1688 726; x_wconf 83' lang='lat' dir='ltr'>Cruqnii</span> <span class='ocrx_word' id='word_1_74' title='bbox 1715 673 1820 711; x_wconf 80' lang='lat' dir='ltr'>color</span> 
     </span>
     <span class='ocr_line' id='line_1_8' title="bbox 292 741 1819 794; baseline 0.002 -16"><span class='ocrx_word' id='word_1_75' title='bbox 292 754 434 791; x_wconf 81' lang='lat' dir='ltr'>„omne</span> <span class='ocrx_word' id='word_1_76' title='bbox 458 754 579 791; x_wconf 86' lang='lat' dir='ltr'>genus</span> <span class='ocrx_word' id='word_1_77' title='bbox 609 741 709 779; x_wconf 86' lang='lat' dir='ltr'>vitae</span> <span class='ocrx_word' id='word_1_78' title='bbox 738 744 777 779; x_wconf 85' lang='lat' dir='ltr'>et</span> <span class='ocrx_word' id='word_1_79' title='bbox 805 741 1019 792; x_wconf 84' lang='lat' dir='ltr'>conditio‚“</span> <span class='ocrx_word' id='word_1_80' title='bbox 1047 742 1096 780; x_wconf 83' lang='lat' dir='ltr'>ab</span> <span class='ocrx_word' id='word_1_81' title='bbox 1123 742 1230 792; x_wconf 80' lang='lat' dir='ltr'>aliis,</span> <span class='ocrx_word' id='word_1_82' title='bbox 1269 746 1311 780; x_wconf 93' lang='lat' dir='ltr'>ut</span> <span class='ocrx_word' id='word_1_83' title='bbox 1345 742 1546 794; x_wconf 81' lang='lat' dir='ltr'>Cruquio,</span> <span class='ocrx_word' id='word_1_84' title='bbox 1585 742 1819 788; x_wconf 76' lang='lat' dir='ltr'>Samdono,</span> 
     </span>
     <span class='ocr_line' id='line_1_9' title="bbox 298 809 1820 862; baseline 0.001 -16"><span class='ocrx_word' id='word_1_85' title='bbox 298 809 549 859; x_wconf 76' lang='lat' dir='ltr'>Campe-nono</span> <span class='ocrx_word' id='word_1_86' title='bbox 561 837 579 855; x_wconf 91' lang='lat'><strong>,</strong></span> <span class='ocrx_word' id='word_1_87' title='bbox 604 809 759 847; x_wconf 87' lang='lat' dir='ltr'>amictus</span> <span class='ocrx_word' id='word_1_88' title='bbox 785 809 1026 859; x_wconf 76' lang='lat' dir='ltr'>intelligitur,</span> <span class='ocrx_word' id='word_1_89' title='bbox 1053 814 1259 861; x_wconf 87' lang='lat' dir='ltr'>propterea</span> <span class='ocrx_word' id='word_1_90' title='bbox 1287 811 1389 861; x_wconf 86' lang='lat' dir='ltr'>quod</span> <span class='ocrx_word' id='word_1_91' title='bbox 1417 823 1603 862; x_wconf 75' lang='lat' dir='ltr'>purpurae</span> <span class='ocrx_word' id='word_1_92' title='bbox 1630 814 1672 849; x_wconf 92' lang='lat' dir='ltr'>et</span> <span class='ocrx_word' id='word_1_93' title='bbox 1695 811 1820 848; x_wconf 82' lang='lat' dir='ltr'>diver·</span> 
     </span>
     <span class='ocr_line' id='line_1_10' title="bbox 292 875 1820 929; baseline 0.003 -12"><span class='ocrx_word' id='word_1_94' title='bbox 292 891 416 917; x_wconf 84' lang='lat' dir='ltr'>sarum</span> <span class='ocrx_word' id='word_1_95' title='bbox 445 878 606 917; x_wconf 91' lang='lat' dir='ltr'>vestium</span> <span class='ocrx_word' id='word_1_96' title='bbox 633 876 767 928; x_wconf 87' lang='lat' dir='ltr'><strong>(Diog.</strong></span> <span class='ocrx_word' id='word_1_97' title='bbox 794 875 925 915; x_wconf 87' lang='lat' dir='ltr'>Laert.</span> <span class='ocrx_word' id='word_1_98' title='bbox 955 879 1004 927; x_wconf 83' lang='lat'><strong>2,</strong></span> <span class='ocrx_word' id='word_1_99' title='bbox 1033 878 1105 929; x_wconf 88' lang='lat'>67)</span> <span class='ocrx_word' id='word_1_100' title='bbox 1130 880 1271 918; x_wconf 90' lang='lat' dir='ltr'>mentio</span> <span class='ocrx_word' id='word_1_101' title='bbox 1295 880 1384 927; x_wconf 85' lang='lat' dir='ltr'>fiat,</span> <span class='ocrx_word' id='word_1_102' title='bbox 1423 880 1494 918; x_wconf 88' lang='lat' dir='ltr'>sed</span> <span class='ocrx_word' id='word_1_103' title='bbox 1516 879 1566 917; x_wconf 83' lang='lat' dir='ltr'>cf.</span> <span class='ocrx_word' id='word_1_104' title='bbox 1603 879 1684 920; x_wconf 73' lang='lat' dir='ltr'><strong>snt.</strong></span> <span class='ocrx_word' id='word_1_105' title='bbox 1709 880 1750 926; x_wconf 86' lang='lat'><strong>2,</strong></span> <span class='ocrx_word' id='word_1_106' title='bbox 1779 879 1820 920; x_wconf 74' lang='lat'>12</span> 
     </span>
     <span class='ocr_line' id='line_1_11' title="bbox 291 944 1820 995; baseline 0 -12"><span class='ocrx_word' id='word_1_107' title='bbox 291 947 358 987; x_wconf 89' lang='lat'>60.</span> <span class='ocrx_word' id='word_1_108' title='bbox 389 946 440 988; x_wconf 88' lang='lat' dir='ltr'>ib.</span> <span class='ocrx_word' id='word_1_109' title='bbox 469 946 653 985; x_wconf 86' lang='lat' dir='ltr'>Wiistem.</span> <span class='ocrx_word' id='word_1_110' title='bbox 681 946 787 983; x_wconf 66' lang='lat' dir='ltr'>vitae</span> <span class='ocrx_word' id='word_1_111' title='bbox 811 944 941 995; x_wconf 83' lang='lat' dir='ltr'>color,</span> <span class='ocrx_word' id='word_1_112' title='bbox 969 946 1068 984; x_wconf 86' lang='lat' dir='ltr'><strong>Stat.</strong></span> <span class='ocrx_word' id='word_1_113' title='bbox 1102 947 1228 986; x_wconf 85' lang='lat' dir='ltr'>Praef.</span> <span class='ocrx_word' id='word_1_114' title='bbox 1257 947 1353 985; x_wconf 87' lang='lat' dir='ltr'>silv.</span> <span class='ocrx_word' id='word_1_115' title='bbox 1385 948 1451 987; x_wconf 90' lang='lat' dir='ltr'><strong>lib.</strong></span> <span class='ocrx_word' id='word_1_116' title='bbox 1481 950 1519 990; x_wconf 86' lang='lat'>2.</span> <span class='ocrx_word' id='word_1_117' title='bbox 1558 945 1738 992; x_wconf 78' lang='lat' dir='ltr'>Melior,</span> <span class='ocrx_word' id='word_1_118' title='bbox 1774 947 1820 984; x_wconf 75' lang='lat' dir='ltr'>in</span> 
     </span>
     <span class='ocr_line' id='line_1_12' title="bbox 290 1014 1821 1067; baseline 0.001 -16"><span class='ocrx_word' id='word_1_119' title='bbox 290 1015 401 1051; x_wconf 75' lang='lat' dir='ltr'>omni</span> <span class='ocrx_word' id='word_1_120' title='bbox 426 1015 533 1051; x_wconf 69' lang='lat' dir='ltr'>vitae</span> <span class='ocrx_word' id='word_1_121' title='bbox 564 1014 690 1052; x_wconf 85' lang='lat' dir='ltr'>colore</span> <span class='ocrx_word' id='word_1_122' title='bbox 716 1014 935 1056; x_wconf 63' lang='lat' dir='ltr'>tersi-ssime,</span> <span class='ocrx_word' id='word_1_123' title='bbox 999 1015 1132 1054; x_wconf 88' lang='lat' dir='ltr'>Senec.</span> <span class='ocrx_word' id='word_1_124' title='bbox 1161 1015 1284 1067; x_wconf 85' lang='lat' dir='ltr'><strong>Epist.</strong></span> <span class='ocrx_word' id='word_1_125' title='bbox 1317 1015 1384 1057; x_wconf 92' lang='grc'><strong>20.</strong></span> <span class='ocrx_word' id='word_1_126' title='bbox 1422 1017 1512 1067; x_wconf 81' lang='lat' dir='ltr'>ipsa</span> <span class='ocrx_word' id='word_1_127' title='bbox 1542 1017 1644 1053; x_wconf 82' lang='lat' dir='ltr'>inter</span> <span class='ocrx_word' id='word_1_128' title='bbox 1670 1028 1712 1053; x_wconf 73' lang='lat' dir='ltr'>se</span> <span class='ocrx_word' id='word_1_129' title='bbox 1736 1017 1821 1053; x_wconf 74' lang='lat' dir='ltr'>vita</span> 
     </span>
     <span class='ocr_line' id='line_1_13' title="bbox 291 1082 1821 1135; baseline 0.001 -15"><span class='ocrx_word' id='word_1_130' title='bbox 291 1084 412 1120; x_wconf 80' lang='lat' dir='ltr'>unius</span> <span class='ocrx_word' id='word_1_131' title='bbox 433 1083 518 1120; x_wconf 81' lang='lat' dir='ltr'>sine</span> <span class='ocrx_word' id='word_1_132' title='bbox 543 1084 747 1121; x_wconf 79' lang='lat' dir='ltr'>actionum</span> <span class='ocrx_word' id='word_1_133' title='bbox 773 1082 1013 1120; x_wconf 73' lang='lat' dir='ltr'>dissensione</span> <span class='ocrx_word' id='word_1_134' title='bbox 1036 1083 1177 1121; x_wconf 83' lang='lat' dir='ltr'>coloris</span> <span class='ocrx_word' id='word_1_135' title='bbox 1207 1084 1270 1125; x_wconf 78' lang='lat' dir='ltr'>sit.</span> <span class='ocrx_word' id='word_1_136' title='bbox 1294 1106 1350 1113; x_wconf 90' lang='lat'>——</span> <span class='ocrx_word' id='word_1_137' title='bbox 1378 1091 1528 1135; x_wconf 80' lang='lat' dir='ltr'>status,</span> <span class='ocrx_word' id='word_1_138' title='bbox 1565 1084 1661 1122; x_wconf 82' lang='lat' dir='ltr'>ratio</span> <span class='ocrx_word' id='word_1_139' title='bbox 1691 1088 1732 1122; x_wconf 85' lang='lat' dir='ltr'>et</span> <span class='ocrx_word' id='word_1_140' title='bbox 1757 1096 1821 1122; x_wconf 81' lang='lat' dir='ltr'>se-</span> 
     </span>
     <span class='ocr_line' id='line_1_14' title="bbox 290 1151 1820 1204; baseline 0 -14"><span class='ocrx_word' id='word_1_141' title='bbox 290 1165 376 1190; x_wconf 87' lang='lat' dir='ltr'>cum</span> <span class='ocrx_word' id='word_1_142' title='bbox 403 1155 442 1190; x_wconf 90' lang='lat' dir='ltr'>et</span> <span class='ocrx_word' id='word_1_143' title='bbox 471 1164 552 1190; x_wconf 88' lang='lat' dir='ltr'>cum</span> <span class='ocrx_word' id='word_1_144' title='bbox 581 1151 663 1189; x_wconf 84' lang='lat' dir='ltr'>aliis</span> <span class='ocrx_word' id='word_1_145' title='bbox 690 1151 803 1198; x_wconf 76' lang='lat' dir='ltr'>inita3</span> <span class='ocrx_word' id='word_1_146' title='bbox 831 1164 918 1196; x_wconf 78' lang='lat' dir='ltr'>res,</span> <span class='ocrx_word' id='word_1_147' title='bbox 941 1164 1003 1189; x_wconf 89' lang='lat' dir='ltr'>res</span> <span class='ocrx_word' id='word_1_148' title='bbox 1029 1152 1245 1202; x_wconf 83' lang='lat' dir='ltr'>familiaris,</span> <span class='ocrx_word' id='word_1_149' title='bbox 1278 1152 1557 1204; x_wconf 88' lang='lat' dir='ltr'>qualiscumque</span> <span class='ocrx_word' id='word_1_150' title='bbox 1585 1153 1698 1190; x_wconf 86' lang='lat' dir='ltr'>variis</span> <span class='ocrx_word' id='word_1_151' title='bbox 1725 1155 1820 1190; x_wconf 85' lang='lat' dir='ltr'>tem-</span> 
     </span>
     <span class='ocr_line' id='line_1_15' title="bbox 289 1217 1820 1272; baseline 0.001 -15"><span class='ocrx_word' id='word_1_152' title='bbox 289 1219 446 1271; x_wconf 84' lang='lat' dir='ltr'>poribus</span> <span class='ocrx_word' id='word_1_153' title='bbox 482 1220 563 1258; x_wconf 84' lang='lat' dir='ltr'><strong>fuit.</strong></span> <span class='ocrx_word' id='word_1_154' title='bbox 618 1217 680 1258; x_wconf 91' lang='lat' dir='ltr'>De</span> <span class='ocrx_word' id='word_1_155' title='bbox 702 1219 764 1257; x_wconf 94' lang='lat' dir='ltr'>illo</span> <span class='ocrx_word' id='word_1_156' title='bbox 793 1219 843 1258; x_wconf 84' lang='lat' dir='ltr'>ad</span> <span class='ocrx_word' id='word_1_157' title='bbox 875 1219 999 1269; x_wconf 87' lang='lat' dir='ltr'>legem</span> <span class='ocrx_word' id='word_1_158' title='bbox 1027 1220 1339 1272; x_wconf 86' lang='lat' dir='ltr'>philosophorum</span> <span class='ocrx_word' id='word_1_159' title='bbox 1366 1220 1531 1272; x_wconf 82' lang='lat' dir='ltr'>Epictet.</span> <span class='ocrx_word' id='word_1_160' title='bbox 1573 1219 1721 1259; x_wconf 82' lang='lat' dir='ltr'>Euchir.</span> <span class='ocrx_word' id='word_1_161' title='bbox 1751 1217 1820 1260; x_wconf 90' lang='lat'>48.</span> 
     </span>
     <span class='ocr_line' id='line_1_16' title="bbox 289 1283 1820 1341; baseline 0.003 -17"><span class='ocrx_word' id='word_1_162' title='bbox 289 1286 359 1338; x_wconf 81' lang='lat' dir='ltr'>(ib,</span> <span class='ocrx_word' id='word_1_163' title='bbox 388 1287 532 1338; x_wconf 88' lang='lat' dir='ltr'>Heyn.)</span> <span class='ocrx_word' id='word_1_164' title='bbox 575 1284 811 1338; x_wconf 78' lang='grc' dir='ltr'><strong><em>Φιλοσόφου</em></strong></span> <span class='ocrx_word' id='word_1_165' title='bbox 841 1284 978 1335; x_wconf 77' lang='grc' dir='ltr'><strong><em>στάσις</em></strong></span> <span class='ocrx_word' id='word_1_166' title='bbox 1006 1286 1075 1327; x_wconf 81' lang='grc' dir='ltr'>καὶ</span> <span class='ocrx_word' id='word_1_167' title='bbox 1100 1284 1322 1341; x_wconf 82' lang='grc' dir='ltr'><strong><em>χαρακτήρ·</em></strong></span> <span class='ocrx_word' id='word_1_168' title='bbox 1359 1291 1494 1329; x_wconf 79' lang='grc' dir='ltr'><strong><em>πᾶσαν</em></strong></span> <span class='ocrx_word' id='word_1_169' title='bbox 1523 1283 1722 1339; x_wconf 79' lang='grc' dir='ltr'><strong><em>ω’φέλειαν</em></strong></span> <span class='ocrx_word' id='word_1_170' title='bbox 1750 1286 1820 1328; x_wconf 76' lang='grc' dir='ltr'>καὶ</span> 
     </span>
     <span class='ocr_line' id='line_1_17' title="bbox 289 1351 1818 1411; baseline -0.001 -15"><span class='ocrx_word' id='word_1_171' title='bbox 289 1351 449 1409; x_wconf 72' lang='grc' dir='ltr'><strong><em>βλάβην</em></strong></span> <span class='ocrx_word' id='word_1_172' title='bbox 483 1355 523 1405; x_wconf 77' lang='grc' dir='ltr'>ἐξ</span> <span class='ocrx_word' id='word_1_173' title='bbox 561 1355 706 1396; x_wconf 77' lang='grc' dir='ltr'><strong><em>ἑαυτοῦ</em></strong></span> <span class='ocrx_word' id='word_1_174' title='bbox 741 1356 958 1411; x_wconf 76' lang='grc' dir='ltr'><strong><em>προσδοκᾷ.</em></strong></span> <span class='ocrx_word' id='word_1_175' title='bbox 1000 1378 1058 1385; x_wconf 92' lang='lat'>-·</span> <span class='ocrx_word' id='word_1_176' title='bbox 1094 1356 1141 1394; x_wconf 89' lang='lat' dir='ltr'>V.</span> <span class='ocrx_word' id='word_1_177' title='bbox 1169 1355 1236 1398; x_wconf 90' lang='lat'>24.</span> <span class='ocrx_word' id='word_1_178' title='bbox 1285 1357 1514 1394; x_wconf 77' lang='lat' dir='ltr'>Teneantem</span> <span class='ocrx_word' id='word_1_179' title='bbox 1546 1359 1702 1404; x_wconf 77' lang='lat' dir='ltr'>rmy&#39;ora</span> <span class='ocrx_word' id='word_1_180' title='bbox 1730 1360 1818 1406; x_wconf 61' lang='lat' dir='ltr'>etc„</span> 
     </span>
     <span class='ocr_line' id='line_1_18' title="bbox 289 1422 1821 1477; baseline 0 -15"><span class='ocrx_word' id='word_1_181' title='bbox 289 1425 315 1466; x_wconf 91' lang='lat' dir='ltr'>i.</span> <span class='ocrx_word' id='word_1_182' title='bbox 345 1437 394 1472; x_wconf 89' lang='lat' dir='ltr'>e.‚</span> <span class='ocrx_word' id='word_1_183' title='bbox 421 1428 464 1462; x_wconf 92' lang='lat' dir='ltr'>ut</span> <span class='ocrx_word' id='word_1_184' title='bbox 488 1428 574 1462; x_wconf 88' lang='lat' dir='ltr'>utar</span> <span class='ocrx_word' id='word_1_185' title='bbox 596 1423 721 1463; x_wconf 88' lang='lat' dir='ltr'>verbis</span> <span class='ocrx_word' id='word_1_186' title='bbox 745 1422 942 1475; x_wconf 82' lang='lat' dir='ltr'>Lambini,</span> <span class='ocrx_word' id='word_1_187' title='bbox 968 1428 1244 1475; x_wconf 86' lang='lat' dir='ltr'>„quaerentem</span> <span class='ocrx_word' id='word_1_188' title='bbox 1268 1425 1420 1477; x_wconf 84' lang='lat' dir='ltr'>quidem</span> <span class='ocrx_word' id='word_1_189' title='bbox 1442 1426 1610 1477; x_wconf 79' lang='lat' dir='ltr'>majora,</span> <span class='ocrx_word' id='word_1_190' title='bbox 1638 1437 1821 1476; x_wconf 83' lang='lat' dir='ltr'>praesen-</span> 
     </span>
     <span class='ocr_line' id='line_1_19' title="bbox 289 1492 1820 1545; baseline 0 -14"><span class='ocrx_word' id='word_1_191' title='bbox 289 1493 390 1531; x_wconf 87' lang='lat' dir='ltr'>tibus</span> <span class='ocrx_word' id='word_1_192' title='bbox 409 1496 536 1531; x_wconf 88' lang='lat' dir='ltr'>autem</span> <span class='ocrx_word' id='word_1_193' title='bbox 554 1492 635 1531; x_wconf 80' lang='lat' dir='ltr'>fere</span> <span class='ocrx_word' id='word_1_194' title='bbox 654 1495 891 1531; x_wconf 89' lang='lat' dir='ltr'>contentum:</span> <span class='ocrx_word' id='word_1_195' title='bbox 921 1494 1136 1545; x_wconf 81' lang='lat' dir='ltr'>praesentia</span> <span class='ocrx_word' id='word_1_196' title='bbox 1154 1507 1274 1544; x_wconf 86' lang='lat' dir='ltr'>aequo</span> <span class='ocrx_word' id='word_1_197' title='bbox 1294 1494 1418 1532; x_wconf 88' lang='lat' dir='ltr'>animo</span> <span class='ocrx_word' id='word_1_198' title='bbox 1441 1493 1671 1532; x_wconf 86' lang='lat' dir='ltr'>ferentem.“</span> <span class='ocrx_word' id='word_1_199' title='bbox 1714 1493 1820 1531; x_wconf 88' lang='lat' dir='ltr'>Idem</span> 
     </span>
     <span class='ocr_line' id='line_1_20' title="bbox 288 1556 1818 1615; baseline 0.002 -16"><span class='ocrx_word' id='word_1_200' title='bbox 288 1562 370 1600; x_wconf 87' lang='lat' dir='ltr'>fere</span> <span class='ocrx_word' id='word_1_201' title='bbox 398 1563 447 1600; x_wconf 93' lang='lat' dir='ltr'>de</span> <span class='ocrx_word' id='word_1_202' title='bbox 474 1561 671 1613; x_wconf 82' lang='lat' dir='ltr'>Aristippo</span> <span class='ocrx_word' id='word_1_203' title='bbox 706 1564 892 1599; x_wconf 85' lang='lat' dir='ltr'>testantur</span> <span class='ocrx_word' id='word_1_204' title='bbox 923 1561 1040 1612; x_wconf 83' lang='lat' dir='ltr'>Diog.</span> <span class='ocrx_word' id='word_1_205' title='bbox 1069 1561 1200 1604; x_wconf 81' lang='lat' dir='ltr'>Laert.</span> <span class='ocrx_word' id='word_1_206' title='bbox 1229 1562 1279 1611; x_wconf 92' lang='lat'><strong>2,</strong></span> <span class='ocrx_word' id='word_1_207' title='bbox 1316 1563 1384 1602; x_wconf 89' lang='lat'>66.</span> <span class='ocrx_word' id='word_1_208' title='bbox 1423 1556 1596 1602; x_wconf 77' lang='grc' dir='ltr'><strong><em>ἆπέλαυε</em></strong></span> <span class='ocrx_word' id='word_1_209' title='bbox 1631 1559 1704 1614; x_wconf 85' lang='grc' dir='ltr'><strong><em>μὲν</em></strong></span> <span class='ocrx_word' id='word_1_210' title='bbox 1739 1558 1818 1615; x_wconf 72' lang='grc' dir='ltr'>γὰρ</span> 
     </span>
     <span class='ocr_line' id='line_1_21' title="bbox 288 1621 1820 1685; baseline 0 -15"><span class='ocrx_word' id='word_1_211' title='bbox 288 1628 444 1682; x_wconf 71' lang='grc' dir='ltr'><strong><em>ἡδονῆς</em></strong></span> <span class='ocrx_word' id='word_1_212' title='bbox 470 1632 551 1669; x_wconf 76' lang='grc' dir='ltr'><strong><em>τῶν</em></strong></span> <span class='ocrx_word' id='word_1_213' title='bbox 579 1626 818 1682; x_wconf 82' lang='grc' dir='ltr'><strong><em>παρόντων,</em></strong></span> <span class='ocrx_word' id='word_1_214' title='bbox 849 1624 922 1670; x_wconf 82' lang='grc' dir='ltr'>οὗκ</span> <span class='ocrx_word' id='word_1_215' title='bbox 951 1625 1085 1683; x_wconf 74' lang='grc' dir='ltr'><strong><em>ἐθήρα</em></strong></span> <span class='ocrx_word' id='word_1_216' title='bbox 1106 1627 1149 1670; x_wconf 84' lang='grc' dir='ltr'>δὲ</span> <span class='ocrx_word' id='word_1_217' title='bbox 1173 1625 1283 1685; x_wconf 81' lang='grc' dir='ltr'><strong><em>πόνῳ</em></strong></span> <span class='ocrx_word' id='word_1_218' title='bbox 1310 1626 1384 1682; x_wconf 88' lang='grc' dir='ltr'><strong><em>τὴν</em></strong></span> <span class='ocrx_word' id='word_1_219' title='bbox 1413 1621 1639 1671; x_wconf 72' lang='grc' dir='ltr'><strong><em>ἆπόλαυσιν</em></strong></span> <span class='ocrx_word' id='word_1_220' title='bbox 1659 1633 1739 1671; x_wconf 70' lang='grc' dir='ltr'><strong><em>τῶν</em></strong></span> <span class='ocrx_word' id='word_1_221' title='bbox 1766 1624 1820 1670; x_wconf 84' lang='grc' dir='ltr'>ου’</span> 
     </span>
     <span class='ocr_line' id='line_1_22' title="bbox 287 1693 1817 1751; baseline 0.001 -13"><span class='ocrx_word' id='word_1_222' title='bbox 287 1693 522 1749; x_wconf 80' lang='grc' dir='ltr'><strong><em>παρόντων,</em></strong></span> <span class='ocrx_word' id='word_1_223' title='bbox 563 1701 602 1737; x_wconf 93' lang='lat' dir='ltr'>et</span> <span class='ocrx_word' id='word_1_224' title='bbox 638 1697 826 1737; x_wconf 84' lang='lat' dir='ltr'>Athenae.</span> <span class='ocrx_word' id='word_1_225' title='bbox 868 1700 944 1748; x_wconf 90' lang='lat'><strong>12,</strong></span> <span class='ocrx_word' id='word_1_226' title='bbox 976 1701 1041 1739; x_wconf 90' lang='lat'>11.</span> <span class='ocrx_word' id='word_1_227' title='bbox 1079 1711 1118 1749; x_wconf 89' lang='lat' dir='ltr'>p.</span> <span class='ocrx_word' id='word_1_228' title='bbox 1152 1697 1236 1739; x_wconf 82' lang='lat'>544</span> <span class='ocrx_word' id='word_1_229' title='bbox 1272 1698 1382 1751; x_wconf 85' lang='lat' dir='ltr'><strong>(Cas.</strong></span> <span class='ocrx_word' id='word_1_230' title='bbox 1424 1700 1501 1747; x_wconf 90' lang='lat'><strong>12,</strong></span> <span class='ocrx_word' id='word_1_231' title='bbox 1545 1698 1614 1739; x_wconf 86' lang='lat'>63.</span> <span class='ocrx_word' id='word_1_232' title='bbox 1653 1712 1692 1751; x_wconf 88' lang='lat' dir='ltr'>p.</span> <span class='ocrx_word' id='word_1_233' title='bbox 1721 1698 1817 1741; x_wconf 84' lang='lat'><strong>521.</strong></span> 
     </span>
     <span class='ocr_line' id='line_1_23' title="bbox 287 1765 1818 1818; baseline 0.001 -14"><span class='ocrx_word' id='word_1_234' title='bbox 287 1766 508 1818; x_wconf 85' lang='lat' dir='ltr'><strong>Schwgh.)‚</strong></span> <span class='ocrx_word' id='word_1_235' title='bbox 539 1767 601 1804; x_wconf 95' lang='lat' dir='ltr'>ubi</span> <span class='ocrx_word' id='word_1_236' title='bbox 627 1766 795 1804; x_wconf 89' lang='lat' dir='ltr'>similiter</span> <span class='ocrx_word' id='word_1_237' title='bbox 825 1766 1039 1818; x_wconf 86' lang='lat' dir='ltr'>Aristippus</span> <span class='ocrx_word' id='word_1_238' title='bbox 1067 1780 1138 1805; x_wconf 88' lang='lat' dir='ltr'>nec</span> <span class='ocrx_word' id='word_1_239' title='bbox 1163 1767 1451 1818; x_wconf 83' lang='lat' dir='ltr'>praeteritarum</span> <span class='ocrx_word' id='word_1_240' title='bbox 1477 1765 1711 1818; x_wconf 84' lang='lat' dir='ltr'>voluptatum</span> <span class='ocrx_word' id='word_1_241' title='bbox 1737 1780 1818 1805; x_wconf 87' lang='lat' dir='ltr'>me—</span> 
     </span>
     <span class='ocr_line' id='line_1_24' title="bbox 287 1830 1818 1886; baseline 0.003 -15"><span class='ocrx_word' id='word_1_242' title='bbox 287 1835 468 1884; x_wconf 83' lang='lat' dir='ltr'>moriam,</span> <span class='ocrx_word' id='word_1_243' title='bbox 502 1847 572 1872; x_wconf 88' lang='lat' dir='ltr'>nec</span> <span class='ocrx_word' id='word_1_244' title='bbox 605 1847 712 1886; x_wconf 90' lang='lat' dir='ltr'>spem</span> <span class='ocrx_word' id='word_1_245' title='bbox 741 1835 949 1872; x_wconf 88' lang='lat' dir='ltr'>futurarum</span> <span class='ocrx_word' id='word_1_246' title='bbox 983 1836 1033 1872; x_wconf 86' lang='lat' dir='ltr'>ad</span> <span class='ocrx_word' id='word_1_247' title='bbox 1060 1848 1102 1872; x_wconf 93' lang='lat' dir='ltr'>se</span> <span class='ocrx_word' id='word_1_248' title='bbox 1137 1835 1327 1886; x_wconf 87' lang='lat' dir='ltr'>pertinere</span> <span class='ocrx_word' id='word_1_249' title='bbox 1357 1834 1609 1884; x_wconf 83' lang='lat' dir='ltr'>existimasse,</span> <span class='ocrx_word' id='word_1_250' title='bbox 1640 1830 1720 1875; x_wconf 71' lang='grc' dir='ltr'>ἄλλ’</span> <span class='ocrx_word' id='word_1_251' title='bbox 1756 1832 1818 1875; x_wconf 69' lang='grc' dir='ltr'>ἑνὶ</span> 
     </span>
     <span class='ocr_line' id='line_1_25' title="bbox 288 1897 1818 1957; baseline 0 -16"><span class='ocrx_word' id='word_1_252' title='bbox 288 1897 401 1956; x_wconf 76' lang='grc' dir='ltr'><strong><em>μόνῳ</em></strong></span> <span class='ocrx_word' id='word_1_253' title='bbox 437 1898 482 1942; x_wconf 70' lang='grc' dir='ltr'>τό</span> <span class='ocrx_word' id='word_1_254' title='bbox 513 1897 672 1955; x_wconf 84' lang='grc' dir='ltr'><strong><em>α’γαθὸν</em></strong></span> <span class='ocrx_word' id='word_1_255' title='bbox 699 1902 850 1954; x_wconf 88' lang='grc' dir='ltr'><strong><em>κρίνων</em></strong></span> <span class='ocrx_word' id='word_1_256' title='bbox 885 1905 943 1957; x_wconf 72' lang='grc' dir='ltr'>τῷ</span> <span class='ocrx_word' id='word_1_257' title='bbox 970 1900 1139 1956; x_wconf 84' lang='grc' dir='ltr'><strong><em>παρόντι</em></strong></span> <span class='ocrx_word' id='word_1_258' title='bbox 1173 1903 1318 1943; x_wconf 87' lang='lat' dir='ltr'>dicitur.</span> <span class='ocrx_word' id='word_1_259' title='bbox 1387 1902 1444 1940; x_wconf 83' lang='lat' dir='ltr'>lta</span> <span class='ocrx_word' id='word_1_260' title='bbox 1473 1903 1631 1943; x_wconf 84' lang='lat' dir='ltr'>Isocrat.</span> <span class='ocrx_word' id='word_1_261' title='bbox 1659 1904 1709 1940; x_wconf 84' lang='lat' dir='ltr'>ad</span> <span class='ocrx_word' id='word_1_262' title='bbox 1739 1901 1818 1941; x_wconf 82' lang='lat' dir='ltr'>De-</span> 
     </span>
     <span class='ocr_line' id='line_1_26' title="bbox 286 1966 1815 2023; baseline -0.001 -14"><span class='ocrx_word' id='word_1_263' title='bbox 286 1983 391 2009; x_wconf 90' lang='lat' dir='ltr'>mon.</span> <span class='ocrx_word' id='word_1_264' title='bbox 424 1971 490 2010; x_wconf 88' lang='lat'><strong>61.</strong></span> <span class='ocrx_word' id='word_1_265' title='bbox 536 1968 668 2023; x_wconf 84' lang='grc' dir='ltr'><strong><em>στὲργε</em></strong></span> <span class='ocrx_word' id='word_1_266' title='bbox 697 1968 770 2021; x_wconf 84' lang='grc' dir='ltr'><strong><em>μὲν</em></strong></span> <span class='ocrx_word' id='word_1_267' title='bbox 798 1967 846 2009; x_wconf 69' lang='lat' dir='ltr'>voi</span> <span class='ocrx_word' id='word_1_268' title='bbox 875 1966 1077 2022; x_wconf 85' lang='grc' dir='ltr'><strong><em>παρόντα,</em></strong></span> <span class='ocrx_word' id='word_1_269' title='bbox 1120 1966 1224 2021; x_wconf 86' lang='grc' dir='ltr'><strong><em>ζήτει</em></strong></span> <span class='ocrx_word' id='word_1_270' title='bbox 1253 1967 1296 2010; x_wconf 80' lang='grc' dir='ltr'>δὲ</span> <span class='ocrx_word' id='word_1_271' title='bbox 1319 1966 1368 2009; x_wconf 75' lang='grc' dir='ltr'>τοὶ</span> <span class='ocrx_word' id='word_1_272' title='bbox 1392 1970 1542 2022; x_wconf 83' lang='grc' dir='ltr'>βελτίω.</span> <span class='ocrx_word' id='word_1_273' title='bbox 1587 1970 1670 2008; x_wconf 89' lang='lat' dir='ltr'><strong>Cic.</strong></span> <span class='ocrx_word' id='word_1_274' title='bbox 1697 1970 1735 2008; x_wconf 93' lang='grc' dir='ltr'>Τ</span> <span class='ocrx_word' id='word_1_275' title='bbox 1736 1983 1815 2008; x_wconf 83' lang='lat' dir='ltr'>use.</span> 
     </span>
     <span class='ocr_line' id='line_1_27' title="bbox 288 2035 1817 2093; baseline -0.004 -13"><span class='ocrx_word' id='word_1_276' title='bbox 288 2037 327 2084; x_wconf 84' lang='lat'>5,</span> <span class='ocrx_word' id='word_1_277' title='bbox 358 2039 428 2088; x_wconf 88' lang='lat'>18,</span> <span class='ocrx_word' id='word_1_278' title='bbox 456 2035 524 2078; x_wconf 80' lang='lat'>54.</span> <span class='ocrx_word' id='word_1_279' title='bbox 554 2039 751 2088; x_wconf 81' lang='lat' dir='ltr'>sapientia</span> <span class='ocrx_word' id='word_1_280' title='bbox 779 2051 930 2088; x_wconf 83' lang='lat' dir='ltr'>semper</span> <span class='ocrx_word' id='word_1_281' title='bbox 944 2035 986 2093; x_wconf 89' lang='lat'>*)</span> <span class='ocrx_word' id='word_1_282' title='bbox 1022 2052 1063 2075; x_wconf 90' lang='lat' dir='ltr'>eo</span> <span class='ocrx_word' id='word_1_283' title='bbox 1092 2045 1274 2075; x_wconf 80' lang='lat' dir='ltr'>contenta</span> <span class='ocrx_word' id='word_1_284' title='bbox 1303 2044 1358 2075; x_wconf 79' lang='lat' dir='ltr'>est</span> <span class='ocrx_word' id='word_1_285' title='bbox 1387 2038 1495 2090; x_wconf 80' lang='lat' dir='ltr'>quod</span> <span class='ocrx_word' id='word_1_286' title='bbox 1520 2038 1652 2086; x_wconf 70' lang='lat' dir='ltr'>adest,</span> <span class='ocrx_word' id='word_1_287' title='bbox 1692 2050 1817 2090; x_wconf 81' lang='lat' dir='ltr'>neque</span> 
     </span>
     <span class='ocr_line' id='line_1_28' title="bbox 288 2105 1814 2158; baseline 0.001 -14"><span class='ocrx_word' id='word_1_288' title='bbox 288 2120 376 2144; x_wconf 85' lang='lat' dir='ltr'>eam</span> <span class='ocrx_word' id='word_1_289' title='bbox 404 2120 585 2158; x_wconf 80' lang='lat' dir='ltr'>unquam</span> <span class='ocrx_word' id='word_1_290' title='bbox 608 2108 673 2144; x_wconf 81' lang='lat' dir='ltr'>sui</span> <span class='ocrx_word' id='word_1_291' title='bbox 687 2107 871 2156; x_wconf 75' lang='lat' dir='ltr'>poenitet.</span> <span class='ocrx_word' id='word_1_292' title='bbox 929 2106 1040 2143; x_wconf 88' lang='lat' dir='ltr'>Adde</span> <span class='ocrx_word' id='word_1_293' title='bbox 1068 2106 1240 2144; x_wconf 87' lang='lat' dir='ltr'>Perizon.</span> <span class='ocrx_word' id='word_1_294' title='bbox 1267 2107 1315 2143; x_wconf 85' lang='lat' dir='ltr'>ad</span> <span class='ocrx_word' id='word_1_295' title='bbox 1346 2105 1489 2145; x_wconf 88' lang='lat' dir='ltr'>Aelian.</span> <span class='ocrx_word' id='word_1_296' title='bbox 1527 2106 1574 2146; x_wconf 89' lang='lat' dir='ltr'><strong>V.</strong></span> <span class='ocrx_word' id='word_1_297' title='bbox 1601 2106 1650 2145; x_wconf 88' lang='lat' dir='ltr'>H.</span> <span class='ocrx_word' id='word_1_298' title='bbox 1682 2105 1748 2155; x_wconf 87' lang='lat'>14,</span> <span class='ocrx_word' id='word_1_299' title='bbox 1776 2107 1814 2146; x_wconf 89' lang='lat'>6-</span> 
     </span>
     <span class='ocr_line' id='line_1_29' title="bbox 287 2155 1818 2225; baseline -0.001 -11"><span class='ocrx_word' id='word_1_300' title='bbox 287 2184 328 2214; x_wconf 88' lang='lat' dir='ltr'>et</span> <span class='ocrx_word' id='word_1_301' title='bbox 355 2175 497 2214; x_wconf 86' lang='lat' dir='ltr'><strong>Gatak.</strong></span> <span class='ocrx_word' id='word_1_302' title='bbox 525 2176 575 2213; x_wconf 85' lang='lat' dir='ltr'>ad</span> <span class='ocrx_word' id='word_1_303' title='bbox 601 2174 654 2214; x_wconf 89' lang='lat' dir='ltr'>M.</span> <span class='ocrx_word' id='word_1_304' title='bbox 685 2175 865 2212; x_wconf 88' lang='lat' dir='ltr'>Antonin.</span> <span class='ocrx_word' id='word_1_305' title='bbox 893 2175 932 2224; x_wconf 82' lang='lat'>1,</span> <span class='ocrx_word' id='word_1_306' title='bbox 964 2174 1027 2214; x_wconf 92' lang='grc'><strong>16.</strong></span> <span class='ocrx_word' id='word_1_307' title='bbox 1056 2187 1095 2224; x_wconf 91' lang='lat' dir='ltr'><strong>p.</strong></span> <span class='ocrx_word' id='word_1_308' title='bbox 1128 2175 1194 2215; x_wconf 82' lang='lat'>25.</span> <span class='ocrx_word' id='word_1_309' title='bbox 1237 2174 1354 2212; x_wconf 92' lang='lat' dir='ltr'>Vetus</span> <span class='ocrx_word' id='word_1_310' title='bbox 1383 2173 1472 2212; x_wconf 88' lang='lat' dir='ltr'>illud</span> <span class='ocrx_word' id='word_1_311' title='bbox 1498 2176 1743 2225; x_wconf 87' lang='lat' dir='ltr'>praeceptum</span> <span class='ocrx_word' id='word_1_312' title='bbox 1770 2155 1818 2212; x_wconf 73' lang='grc' dir='ltr'>τό</span> 
     </span>
     <span class='ocr_line' id='line_1_30' title="bbox 286 2238 1814 2298; baseline -0.005 -12"><span class='ocrx_word' id='word_1_313' title='bbox 286 2241 418 2298; x_wconf 77' lang='grc' dir='ltr'><strong><em>παρόν</em></strong></span> <span class='ocrx_word' id='word_1_314' title='bbox 447 2238 494 2285; x_wconf 75' lang='grc' dir='ltr'>εὖ</span> <span class='ocrx_word' id='word_1_315' title='bbox 518 2247 648 2284; x_wconf 85' lang='grc' dir='ltr'><strong><em>ποιεῖν</em></strong></span> <span class='ocrx_word' id='word_1_316' title='bbox 666 2243 845 2281; x_wconf 89' lang='lat' dir='ltr'>Horatius</span> <span class='ocrx_word' id='word_1_317' title='bbox 874 2255 1026 2292; x_wconf 90' lang='lat' dir='ltr'>quoque</span> <span class='ocrx_word' id='word_1_318' title='bbox 1053 2243 1130 2279; x_wconf 89' lang='lat' dir='ltr'>suis</span> <span class='ocrx_word' id='word_1_319' title='bbox 1158 2243 1272 2292; x_wconf 91' lang='lat' dir='ltr'>idque</span> <span class='ocrx_word' id='word_1_320' title='bbox 1300 2243 1401 2280; x_wconf 87' lang='lat' dir='ltr'>varie</span> <span class='ocrx_word' id='word_1_321' title='bbox 1423 2241 1710 2290; x_wconf 79' lang='lat' dir='ltr'>commendavit,</span> <span class='ocrx_word' id='word_1_322' title='bbox 1739 2241 1814 2278; x_wconf 88' lang='lat' dir='ltr'><strong>vid.</strong></span> 
     </span>
    </p>
   </div>
   <div class='ocr_carea' id='block_1_3' title="bbox 286 2309 1641 2371">
    <p class='ocr_par' dir='ltr' id='par_1_3' title="bbox 286 2309 1641 2371">
     <span class='ocr_line' id='line_1_31' title="bbox 286 2309 1641 2371; baseline -0.002 -20"><span class='ocrx_word' id='word_1_323' title='bbox 286 2326 375 2351; x_wconf 89' lang='lat' dir='ltr'>ann.</span> <span class='ocrx_word' id='word_1_324' title='bbox 405 2313 454 2350; x_wconf 87' lang='lat' dir='ltr'>ad</span> <span class='ocrx_word' id='word_1_325' title='bbox 486 2314 554 2363; x_wconf 84' lang='lat'>11,</span> <span class='ocrx_word' id='word_1_326' title='bbox 582 2314 634 2355; x_wconf 92' lang='lat'>22</span> <span class='ocrx_word' id='word_1_327' title='bbox 663 2333 721 2340; x_wconf 89' lang='lat'>—-</span> <span class='ocrx_word' id='word_1_328' title='bbox 748 2310 815 2354; x_wconf 83' lang='lat'>24.</span> <span class='ocrx_word' id='word_1_329' title='bbox 843 2309 927 2349; x_wconf 89' lang='lat' dir='ltr'><strong>coll.</strong></span> <span class='ocrx_word' id='word_1_330' title='bbox 956 2309 1108 2348; x_wconf 84' lang='lat' dir='ltr'>Mitsch.</span> <span class='ocrx_word' id='word_1_331' title='bbox 1140 2310 1189 2348; x_wconf 86' lang='lat' dir='ltr'>ad</span> <span class='ocrx_word' id='word_1_332' title='bbox 1220 2310 1296 2349; x_wconf 91' lang='lat' dir='ltr'>Od.</span> <span class='ocrx_word' id='word_1_333' title='bbox 1328 2310 1368 2358; x_wconf 85' lang='lat'>3,</span> <span class='ocrx_word' id='word_1_334' title='bbox 1403 2310 1472 2359; x_wconf 85' lang='lat'>29,</span> <span class='ocrx_word' id='word_1_335' title='bbox 1501 2309 1569 2350; x_wconf 86' lang='lat'>32.</span> <span class='ocrx_word' id='word_1_336' title='bbox 1639 2368 1641 2371; x_wconf 22' lang='grc' dir='ltr'><strong><em>ι</em></strong></span> 
     </span>
    </p>
   </div>
   <div class='ocr_carea' id='block_1_4' title="bbox 289 2411 525 2415">
    <p class='ocr_par' dir='ltr' id='par_1_4' title="bbox 289 2411 525 2415">
     <span class='ocr_line' id='line_1_32' title="bbox 289 2411 525 2415; baseline 0 0"><span class='ocrx_word' id='word_1_337' title='bbox 289 2411 525 2415; x_wconf 95' lang='lat' dir='ltr'> </span> 
     </span>
    </p>
   </div>
   <div class='ocr_carea' id='block_1_5' title="bbox 287 2467 1816 2973">
    <p class='ocr_par' dir='ltr' id='par_1_5' title="bbox 287 2467 1816 2973">
     <span class='ocr_line' id='line_1_33' title="bbox 397 2467 1816 2518; baseline -0.004 -12"><span class='ocrx_word' id='word_1_338' title='bbox 397 2470 438 2518; x_wconf 88' lang='grc'>*)</span> <span class='ocrx_word' id='word_1_339' title='bbox 464 2472 536 2514; x_wconf 82' lang='lat' dir='ltr'>Qui</span> <span class='ocrx_word' id='word_1_340' title='bbox 552 2470 766 2518; x_wconf 74' lang='lat' dir='ltr'>particulam</span> <span class='ocrx_word' id='word_1_341' title='bbox 769 2475 853 2517; x_wconf 78' lang='lat' dir='ltr'>sere</span> <span class='ocrx_word' id='word_1_342' title='bbox 877 2482 953 2506; x_wconf 87' lang='lat' dir='ltr'>cum</span> <span class='ocrx_word' id='word_1_343' title='bbox 971 2469 1261 2505; x_wconf 80' lang='lat' dir='ltr'>antecedentibus</span> <span class='ocrx_word' id='word_1_344' title='bbox 1278 2471 1450 2515; x_wconf 80' lang='lat' dir='ltr'>jungunt,</span> <span class='ocrx_word' id='word_1_345' title='bbox 1475 2470 1551 2514; x_wconf 86' lang='lat' dir='ltr'>ejus</span> <span class='ocrx_word' id='word_1_346' title='bbox 1567 2468 1637 2502; x_wconf 81' lang='lat' dir='ltr'>vim</span> <span class='ocrx_word' id='word_1_347' title='bbox 1650 2467 1816 2512; x_wconf 75' lang='lat' dir='ltr'>ignorant</span> 
     </span>
     <span class='ocr_line' id='line_1_34' title="bbox 288 2525 1812 2576; baseline -0.003 -13"><span class='ocrx_word' id='word_1_348' title='bbox 288 2530 351 2573; x_wconf 85' lang='lat' dir='ltr'>(de</span> <span class='ocrx_word' id='word_1_349' title='bbox 371 2541 440 2575; x_wconf 83' lang='lat' dir='ltr'>qua</span> <span class='ocrx_word' id='word_1_350' title='bbox 464 2530 556 2564; x_wconf 84' lang='lat' dir='ltr'><strong>conf.</strong></span> <span class='ocrx_word' id='word_1_351' title='bbox 578 2529 692 2563; x_wconf 82' lang='lat' dir='ltr'><strong>Hand.</strong></span> <span class='ocrx_word' id='word_1_352' title='bbox 719 2529 874 2563; x_wconf 82' lang='lat' dir='ltr'>Turseli.</span> <span class='ocrx_word' id='word_1_353' title='bbox 903 2528 952 2562; x_wconf 88' lang='lat'><strong>11.</strong></span> <span class='ocrx_word' id='word_1_354' title='bbox 983 2539 1017 2572; x_wconf 87' lang='lat' dir='ltr'>p.</span> <span class='ocrx_word' id='word_1_355' title='bbox 1041 2525 1141 2576; x_wconf 84' lang='lat'><strong>693.)</strong></span> <span class='ocrx_word' id='word_1_356' title='bbox 1171 2532 1209 2562; x_wconf 85' lang='lat' dir='ltr'>et</span> <span class='ocrx_word' id='word_1_357' title='bbox 1237 2528 1432 2561; x_wconf 84' lang='lat' dir='ltr'>sententiae</span> <span class='ocrx_word' id='word_1_358' title='bbox 1456 2538 1599 2560; x_wconf 79' lang='lat' dir='ltr'>acumen</span> <span class='ocrx_word' id='word_1_359' title='bbox 1630 2526 1812 2560; x_wconf 77' lang='lat' dir='ltr'>hebetant.</span> 
     </span>
     <span class='ocr_line' id='line_1_35' title="bbox 287 2582 1813 2629; baseline -0.003 -9"><span class='ocrx_word' id='word_1_360' title='bbox 287 2586 417 2620; x_wconf 87' lang='lat' dir='ltr'>Melius</span> <span class='ocrx_word' id='word_1_361' title='bbox 435 2586 548 2621; x_wconf 87' lang='lat' dir='ltr'>locum</span> <span class='ocrx_word' id='word_1_362' title='bbox 567 2586 678 2620; x_wconf 77' lang='lat' dir='ltr'>vertit</span> <span class='ocrx_word' id='word_1_363' title='bbox 695 2586 866 2620; x_wconf 58' lang='lat' dir='ltr'>Dae-erius</span> <span class='ocrx_word' id='word_1_364' title='bbox 885 2585 954 2629; x_wconf 84' lang='lat' dir='ltr'>(‚‚i1</span> <span class='ocrx_word' id='word_1_365' title='bbox 973 2584 1090 2619; x_wconf 80' lang='lat' dir='ltr'>savoit</span> <span class='ocrx_word' id='word_1_366' title='bbox 1109 2585 1186 2619; x_wconf 76' lang='lat' dir='ltr'>etre</span> <span class='ocrx_word' id='word_1_367' title='bbox 1200 2590 1344 2619; x_wconf 84' lang='lat' dir='ltr'>content</span> <span class='ocrx_word' id='word_1_368' title='bbox 1359 2585 1404 2619; x_wconf 91' lang='lat' dir='ltr'>de</span> <span class='ocrx_word' id='word_1_369' title='bbox 1421 2583 1523 2617; x_wconf 61' lang='grc' dir='ltr'><strong><em>Γέται</em></strong></span> <span class='ocrx_word' id='word_1_370' title='bbox 1540 2587 1688 2628; x_wconf 83' lang='lat' dir='ltr'>present</span> <span class='ocrx_word' id='word_1_371' title='bbox 1708 2582 1753 2616; x_wconf 84' lang='lat' dir='ltr'>de</span> <span class='ocrx_word' id='word_1_372' title='bbox 1770 2591 1813 2615; x_wconf 68' lang='lat' dir='ltr'>aa</span> 
     </span>
     <span class='ocr_line' id='line_1_36' title="bbox 287 2638 1811 2688; baseline -0.004 -13"><span class='ocrx_word' id='word_1_373' title='bbox 287 2643 477 2688; x_wconf 83' lang='lat' dir='ltr'>sortune“)</span> <span class='ocrx_word' id='word_1_374' title='bbox 503 2655 603 2688; x_wconf 82' lang='lat' dir='ltr'>quam</span> <span class='ocrx_word' id='word_1_375' title='bbox 629 2642 665 2676; x_wconf 88' lang='lat' dir='ltr'>in</span> <span class='ocrx_word' id='word_1_376' title='bbox 685 2655 761 2677; x_wconf 88' lang='lat' dir='ltr'>eum</span> <span class='ocrx_word' id='word_1_377' title='bbox 783 2647 1035 2677; x_wconf 82' lang='lat' dir='ltr'>commentatus</span> <span class='ocrx_word' id='word_1_378' title='bbox 1064 2646 1138 2676; x_wconf 83' lang='lat' dir='ltr'>est:</span> <span class='ocrx_word' id='word_1_379' title='bbox 1166 2653 1322 2687; x_wconf 84' lang='lat' dir='ltr'>„comme</span> <span class='ocrx_word' id='word_1_380' title='bbox 1345 2641 1370 2675; x_wconf 90' lang='lat' dir='ltr'>il</span> <span class='ocrx_word' id='word_1_381' title='bbox 1390 2646 1445 2675; x_wconf 77' lang='lat' dir='ltr'>est</span> <span class='ocrx_word' id='word_1_382' title='bbox 1470 2642 1544 2674; x_wconf 73' lang='lat' dir='ltr'>tres</span> <span class='ocrx_word' id='word_1_383' title='bbox 1574 2638 1736 2682; x_wconf 77' lang='lat' dir='ltr'>difficile,</span> <span class='ocrx_word' id='word_1_384' title='bbox 1764 2647 1811 2670; x_wconf 83' lang='lat' dir='ltr'>ou</span> 
     </span>
     <span class='ocr_line' id='line_1_37' title="bbox 287 2692 1811 2746; baseline -0.003 -16"><span class='ocrx_word' id='word_1_385' title='bbox 287 2699 402 2742; x_wconf 67' lang='lat' dir='ltr'>plutdt</span> <span class='ocrx_word' id='word_1_386' title='bbox 416 2699 618 2745; x_wconf 82' lang='lat' dir='ltr'>impossible</span> <span class='ocrx_word' id='word_1_387' title='bbox 633 2701 736 2746; x_wconf 86' lang='lat' dir='ltr'>qu’on</span> <span class='ocrx_word' id='word_1_388' title='bbox 754 2700 824 2734; x_wconf 83' lang='lat' dir='ltr'>soit</span> <span class='ocrx_word' id='word_1_389' title='bbox 840 2704 985 2733; x_wconf 85' lang='lat' dir='ltr'>content</span> <span class='ocrx_word' id='word_1_390' title='bbox 1003 2699 1048 2732; x_wconf 90' lang='lat' dir='ltr'>de</span> <span class='ocrx_word' id='word_1_391' title='bbox 1069 2711 1107 2733; x_wconf 80' lang='lat' dir='ltr'>sa</span> <span class='ocrx_word' id='word_1_392' title='bbox 1130 2698 1327 2742; x_wconf 68' lang='lat' dir='ltr'>condition,</span> <span class='ocrx_word' id='word_1_393' title='bbox 1357 2698 1474 2744; x_wconf 82' lang='lat' dir='ltr'>quand</span> <span class='ocrx_word' id='word_1_394' title='bbox 1500 2709 1545 2732; x_wconf 88' lang='lat' dir='ltr'>on</span> <span class='ocrx_word' id='word_1_395' title='bbox 1570 2694 1719 2730; x_wconf 74' lang='lat' dir='ltr'>cher-ebe</span> <span class='ocrx_word' id='word_1_396' title='bbox 1738 2694 1757 2726; x_wconf 69' lang='grc' dir='ltr'><strong>ὲ</strong></span> <span class='ocrx_word' id='word_1_397' title='bbox 1776 2692 1811 2726; x_wconf 75' lang='lat' dir='ltr'>la</span> 
     </span>
     <span class='ocr_line' id='line_1_38' title="bbox 288 2749 1808 2802; baseline -0.001 -15"><span class='ocrx_word' id='word_1_398' title='bbox 288 2754 460 2801; x_wconf 84' lang='lat' dir='ltr'>changer‚</span> <span class='ocrx_word' id='word_1_399' title='bbox 488 2757 534 2790; x_wconf 92' lang='lat' dir='ltr'>H.</span> <span class='ocrx_word' id='word_1_400' title='bbox 553 2769 574 2791; x_wconf 89' lang='lat' dir='ltr'><strong>a</strong></span> <span class='ocrx_word' id='word_1_401' title='bbox 593 2769 637 2791; x_wconf 91' lang='lat' dir='ltr'>eu</span> <span class='ocrx_word' id='word_1_402' title='bbox 664 2757 781 2791; x_wconf 83' lang='lat' dir='ltr'>raison</span> <span class='ocrx_word' id='word_1_403' title='bbox 812 2752 995 2791; x_wconf 83' lang='lat' dir='ltr'>d&#39;adoucir</span> <span class='ocrx_word' id='word_1_404' title='bbox 1014 2767 1054 2790; x_wconf 80' lang='lat' dir='ltr'>ee</span> <span class='ocrx_word' id='word_1_405' title='bbox 1081 2761 1153 2790; x_wconf 85' lang='lat' dir='ltr'>mot</span> <span class='ocrx_word' id='word_1_406' title='bbox 1180 2767 1246 2802; x_wconf 84' lang='lat' dir='ltr'>par</span> <span class='ocrx_word' id='word_1_407' title='bbox 1268 2766 1313 2789; x_wconf 90' lang='lat' dir='ltr'>un</span> <span class='ocrx_word' id='word_1_408' title='bbox 1331 2759 1432 2801; x_wconf 83' lang='lat' dir='ltr'>sere,</span> <span class='ocrx_word' id='word_1_409' title='bbox 1459 2754 1519 2801; x_wconf 90' lang='lat' dir='ltr'>qui</span> <span class='ocrx_word' id='word_1_410' title='bbox 1543 2752 1631 2787; x_wconf 83' lang='lat' dir='ltr'>rend</span> <span class='ocrx_word' id='word_1_411' title='bbox 1649 2750 1684 2784; x_wconf 80' lang='grc' dir='ltr'>Ιι</span> <span class='ocrx_word' id='word_1_412' title='bbox 1702 2749 1808 2784; x_wconf 70' lang='lat' dir='ltr'>chose</span> 
     </span>
     <span class='ocr_line' id='line_1_39' title="bbox 288 2804 1809 2859; baseline -0.004 -16"><span class='ocrx_word' id='word_1_413' title='bbox 288 2812 442 2854; x_wconf 83' lang='lat' dir='ltr'>possible</span> <span class='ocrx_word' id='word_1_414' title='bbox 473 2817 511 2847; x_wconf 81' lang='lat' dir='ltr'>et</span> <span class='ocrx_word' id='word_1_415' title='bbox 531 2824 598 2859; x_wconf 85' lang='lat' dir='ltr'>par</span> <span class='ocrx_word' id='word_1_416' title='bbox 618 2819 835 2859; x_wconf 80' lang='lat' dir='ltr'>consequent</span> <span class='ocrx_word' id='word_1_417' title='bbox 853 2813 1040 2858; x_wconf 79' lang='lat' dir='ltr'>croyable:</span> <span class='ocrx_word' id='word_1_418' title='bbox 1070 2825 1132 2848; x_wconf 80' lang='lat' dir='ltr'>car</span> <span class='ocrx_word' id='word_1_419' title='bbox 1151 2825 1196 2848; x_wconf 90' lang='lat' dir='ltr'>on</span> <span class='ocrx_word' id='word_1_420' title='bbox 1214 2817 1300 2859; x_wconf 84' lang='lat' dir='ltr'>peut</span> <span class='ocrx_word' id='word_1_421' title='bbox 1317 2813 1391 2847; x_wconf 82' lang='lat' dir='ltr'>sort</span> <span class='ocrx_word' id='word_1_422' title='bbox 1408 2812 1491 2846; x_wconf 88' lang='lat' dir='ltr'>bien</span> <span class='ocrx_word' id='word_1_423' title='bbox 1512 2806 1679 2844; x_wconf 78' lang='lat' dir='ltr'>chercher</span> <span class='ocrx_word' id='word_1_424' title='bbox 1703 2807 1723 2839; x_wconf 71' lang='grc' dir='ltr'>ὰ</span> <span class='ocrx_word' id='word_1_425' title='bbox 1741 2804 1809 2838; x_wconf 73' lang='lat' dir='ltr'>s&#39;a-</span> 
     </span>
     <span class='ocr_line' id='line_1_40' title="bbox 288 2863 1807 2916; baseline -0.001 -18"><span class='ocrx_word' id='word_1_426' title='bbox 288 2876 436 2912; x_wconf 83' lang='lat' dir='ltr'>vancer,</span> <span class='ocrx_word' id='word_1_427' title='bbox 465 2873 503 2903; x_wconf 81' lang='lat' dir='ltr'>et</span> <span class='ocrx_word' id='word_1_428' title='bbox 525 2870 636 2904; x_wconf 71' lang='lat' dir='ltr'>n&#39;etre</span> <span class='ocrx_word' id='word_1_429' title='bbox 658 2875 824 2916; x_wconf 67' lang='lat' dir='ltr'>pout-tant</span> <span class='ocrx_word' id='word_1_430' title='bbox 850 2869 1051 2904; x_wconf 63' lang='lat' dir='ltr'>tout-s-fait</span> <span class='ocrx_word' id='word_1_431' title='bbox 1069 2872 1267 2906; x_wconf 76' lang='lat' dir='ltr'>mecontent.</span> <span class='ocrx_word' id='word_1_432' title='bbox 1284 2870 1329 2904; x_wconf 88' lang='lat' dir='ltr'>de</span> <span class='ocrx_word' id='word_1_433' title='bbox 1348 2881 1388 2904; x_wconf 80' lang='lat' dir='ltr'>sa</span> <span class='ocrx_word' id='word_1_434' title='bbox 1407 2865 1604 2906; x_wconf 80' lang='lat' dir='ltr'>condition3</span> <span class='ocrx_word' id='word_1_435' title='bbox 1632 2863 1720 2897; x_wconf 81' lang='lat' dir='ltr'>c’est</span> <span class='ocrx_word' id='word_1_436' title='bbox 1733 2871 1807 2907; x_wconf 81' lang='lat' dir='ltr'>que</span> 
     </span>
     <span class='ocr_line' id='line_1_41' title="bbox 289 2921 1060 2973; baseline 0.006 -17"><span class='ocrx_word' id='word_1_437' title='bbox 289 2921 430 2967; x_wconf 84' lang='lat' dir='ltr'>signifie</span> <span class='ocrx_word' id='word_1_438' title='bbox 450 2937 494 2960; x_wconf 86' lang='lat' dir='ltr'>en</span> <span class='ocrx_word' id='word_1_439' title='bbox 511 2927 586 2961; x_wconf 76' lang='lat' dir='ltr'>e⁴tre</span> <span class='ocrx_word' id='word_1_440' title='bbox 606 2929 629 2961; x_wconf 84' lang='grc' dir='ltr'><em>ἁ</em></span> <span class='ocrx_word' id='word_1_441' title='bbox 646 2939 717 2972; x_wconf 81' lang='lat' dir='ltr'>peu</span> <span class='ocrx_word' id='word_1_442' title='bbox 729 2930 814 2973; x_wconf 68' lang='lat' dir='ltr'>&#39;pres</span> <span class='ocrx_word' id='word_1_443' title='bbox 833 2932 973 2963; x_wconf 79' lang='lat' dir='ltr'>comem</span> <span class='ocrx_word' id='word_1_444' title='bbox 993 2931 1060 2962; x_wconf 82' lang='lat' dir='ltr'><strong>etc.</strong></span> 
     </span>
    </p>
   </div>
  </div>
 </body>
</html>
