<?xml version="1.0" encoding="UTF-8"?>
<!DOCTYPE html PUBLIC "-//W3C//DTD XHTML 1.0 Transitional//EN"
    "http://www.w3.org/TR/xhtml1/DTD/xhtml1-transitional.dtd">
<html xmlns="http://www.w3.org/1999/xhtml" xml:lang="en" lang="en">
 <head>
  <title>
</title>
<meta http-equiv="Content-Type" content="text/html;charset=utf-8" />
  <meta name='ocr-system' content='tesseract 3.04.00' />
  <meta name='ocr-capabilities' content='ocr_page ocr_carea ocr_par ocr_line ocrx_word'/>
</head>
<body>
  <div class='ocr_page' id='page_1' title='image "./epistolascomment02horauoft_0420.png"; bbox 0 0 1910 3138; ppageno 0'>
   <div class='ocr_carea' id='block_1_1' title="bbox 288 229 371 272">
    <p class='ocr_par' dir='ltr' id='par_1_1' title="bbox 288 229 371 272">
     <span class='ocr_line' id='line_1_1' title="bbox 288 229 371 272; baseline 0.012 -1"><span class='ocrx_word' id='word_1_1' title='bbox 288 229 371 272; x_wconf 81' lang='lat'><strong>412</strong></span> 
     </span>
    </p>
   </div>
   <div class='ocr_carea' id='block_1_2' title="bbox 861 232 1248 283">
    <p class='ocr_par' dir='ltr' id='par_1_2' title="bbox 861 232 1248 283">
     <span class='ocr_line' id='line_1_2' title="bbox 861 232 1248 283; baseline 0.005 -12"><span class='ocrx_word' id='word_1_2' title='bbox 861 232 1248 283; x_wconf 67' lang='lat' dir='ltr'><strong>HossATu</strong></span> 
     </span>
    </p>
   </div>
   <div class='ocr_carea' id='block_1_3' title="bbox 1761 235 1816 278">
    <p class='ocr_par' dir='ltr' id='par_1_3' title="bbox 1761 235 1816 278">
     <span class='ocr_line' id='line_1_3' title="bbox 1761 235 1816 278; baseline 0 0"><span class='ocrx_word' id='word_1_3' title='bbox 1761 235 1816 278; x_wconf 87' lang='lat'><strong>64</strong></span> 
     </span>
    </p>
   </div>
   <div class='ocr_carea' id='block_1_4' title="bbox 359 347 1637 408">
    <p class='ocr_par' dir='ltr' id='par_1_4' title="bbox 359 347 1637 408">
     <span class='ocr_line' id='line_1_4' title="bbox 359 347 1637 408; baseline 0.002 -15"><span class='ocrx_word' id='word_1_4' title='bbox 359 347 450 393; x_wconf 80' lang='lat' dir='ltr'><strong>Sed</strong></span> <span class='ocrx_word' id='word_1_5' title='bbox 483 348 587 391; x_wconf 85' lang='lat' dir='ltr'><strong>satis</strong></span> <span class='ocrx_word' id='word_1_6' title='bbox 619 349 685 390; x_wconf 85' lang='lat' dir='ltr'><strong>est</strong></span> <span class='ocrx_word' id='word_1_7' title='bbox 715 360 842 392; x_wconf 85' lang='lat' dir='ltr'><strong>orare</strong></span> <span class='ocrx_word' id='word_1_8' title='bbox 870 348 1026 394; x_wconf 87' lang='lat' dir='ltr'><strong>Jovem</strong></span> <span class='ocrx_word' id='word_1_9' title='bbox 1063 362 1171 408; x_wconf 87' lang='lat' dir='ltr'><strong>quae</strong></span> <span class='ocrx_word' id='word_1_10' title='bbox 1201 349 1331 395; x_wconf 76' lang='lat' dir='ltr'><strong>donat</strong></span> <span class='ocrx_word' id='word_1_11' title='bbox 1354 351 1397 394; x_wconf 78' lang='lat' dir='ltr'><strong>et</strong></span> <span class='ocrx_word' id='word_1_12' title='bbox 1419 351 1583 398; x_wconf 82' lang='lat' dir='ltr'><strong>aufert:</strong></span> <span class='ocrx_word' id='word_1_13' title='bbox 1635 370 1637 372; x_wconf 95' lang='lat'>·</span> 
     </span>
    </p>
   </div>
   <div class='ocr_carea' id='block_1_5' title="bbox 274 504 1030 2995">
    <p class='ocr_par' dir='ltr' id='par_1_5' title="bbox 276 504 1030 2088">
     <span class='ocr_line' id='line_1_5' title="bbox 287 504 1030 554; baseline 0.003 -14"><span class='ocrx_word' id='word_1_14' title='bbox 287 507 337 551; x_wconf 91' lang='lat' dir='ltr'><strong>(q.</strong></span> <span class='ocrx_word' id='word_1_15' title='bbox 358 505 447 550; x_wconf 88' lang='lat' dir='ltr'><strong>def.)</strong></span> <span class='ocrx_word' id='word_1_16' title='bbox 466 504 620 540; x_wconf 89' lang='lat' dir='ltr'><strong>Dillenb.</strong></span> <span class='ocrx_word' id='word_1_17' title='bbox 648 506 724 552; x_wconf 86' lang='lat' dir='ltr'><strong>(qui</strong></span> <span class='ocrx_word' id='word_1_18' title='bbox 744 507 831 552; x_wconf 79' lang='lat' dir='ltr'><strong>def.)</strong></span> <span class='ocrx_word' id='word_1_19' title='bbox 853 506 968 554; x_wconf 75' lang='lat' dir='ltr'><strong>Siipfl.</strong></span> <span class='ocrx_word' id='word_1_20' title='bbox 986 519 1030 542; x_wconf 79' lang='lat' dir='ltr'><strong>ne</strong></span> 
     </span>
     <span class='ocr_line' id='line_1_6' title="bbox 277 562 1028 611; baseline 0.001 -14"><span class='ocrx_word' id='word_1_21' title='bbox 277 563 371 607; x_wconf 82' lang='lat' dir='ltr'><strong>fluit.</strong></span> <span class='ocrx_word' id='word_1_22' title='bbox 389 563 474 596; x_wconf 84' lang='lat' dir='ltr'><strong>Mss.</strong></span> <span class='ocrx_word' id='word_1_23' title='bbox 487 562 607 597; x_wconf 90' lang='lat' dir='ltr'><strong>Lamb.</strong></span> <span class='ocrx_word' id='word_1_24' title='bbox 622 569 658 597; x_wconf 83' lang='lat' dir='ltr'><strong>et</strong></span> <span class='ocrx_word' id='word_1_25' title='bbox 670 564 765 598; x_wconf 82' lang='lat' dir='ltr'><strong>Feae</strong></span> <span class='ocrx_word' id='word_1_26' title='bbox 778 570 816 599; x_wconf 86' lang='lat' dir='ltr'><strong>ut</strong></span> <span class='ocrx_word' id='word_1_27' title='bbox 828 564 901 601; x_wconf 87' lang='lat' dir='ltr'><strong>vid.</strong></span> <span class='ocrx_word' id='word_1_28' title='bbox 915 576 1028 611; x_wconf 85' lang='lat' dir='ltr'><strong>paene</strong></span> 
     </span>
     <span class='ocr_line' id='line_1_7' title="bbox 286 618 1030 667; baseline 0.001 -13"><span class='ocrx_word' id='word_1_29' title='bbox 286 633 374 654; x_wconf 91' lang='lat' dir='ltr'><strong>omn.</strong></span> <span class='ocrx_word' id='word_1_30' title='bbox 397 621 442 655; x_wconf 88' lang='lat' dir='ltr'><strong>G.</strong></span> <span class='ocrx_word' id='word_1_31' title='bbox 465 620 611 655; x_wconf 83' lang='lat' dir='ltr'><strong>Canter.</strong></span> <span class='ocrx_word' id='word_1_32' title='bbox 632 620 678 655; x_wconf 91' lang='lat' dir='ltr'><strong>N.</strong></span> <span class='ocrx_word' id='word_1_33' title='bbox 700 621 800 658; x_wconf 83' lang='lat' dir='ltr'><strong>lectt.</strong></span> <span class='ocrx_word' id='word_1_34' title='bbox 822 618 857 666; x_wconf 86' lang='lat'><strong>4,</strong></span> <span class='ocrx_word' id='word_1_35' title='bbox 879 623 934 659; x_wconf 88' lang='grc'><strong>12.</strong></span> <span class='ocrx_word' id='word_1_36' title='bbox 955 621 1030 667; x_wconf 90' lang='lat' dir='ltr'><strong>(qui</strong></span> 
     </span>
     <span class='ocr_line' id='line_1_8' title="bbox 284 677 1029 723; baseline 0.001 -13"><span class='ocrx_word' id='word_1_37' title='bbox 284 678 430 723; x_wconf 83' lang='lat' dir='ltr'><strong>probat)</strong></span> <span class='ocrx_word' id='word_1_38' title='bbox 452 677 562 723; x_wconf 89' lang='lat' dir='ltr'><strong>Cruq.</strong></span> <span class='ocrx_word' id='word_1_39' title='bbox 582 677 617 716; x_wconf 85' lang='lat'><strong>3,</strong></span> <span class='ocrx_word' id='word_1_40' title='bbox 655 677 790 715; x_wconf 85' lang='lat' dir='ltr'><strong>Bersm.</strong></span> <span class='ocrx_word' id='word_1_41' title='bbox 814 683 890 713; x_wconf 88' lang='lat' dir='ltr'><strong>tres</strong></span> <span class='ocrx_word' id='word_1_42' title='bbox 911 684 948 713; x_wconf 84' lang='lat' dir='ltr'><strong>et</strong></span> <span class='ocrx_word' id='word_1_43' title='bbox 968 677 1029 712; x_wconf 77' lang='lat' dir='ltr'><strong>alii</strong></span> 
     </span>
     <span class='ocr_line' id='line_1_9' title="bbox 283 733 1028 781; baseline 0 -12"><span class='ocrx_word' id='word_1_44' title='bbox 283 733 382 770; x_wconf 84' lang='lat' dir='ltr'><strong>alior.</strong></span> <span class='ocrx_word' id='word_1_45' title='bbox 404 733 516 770; x_wconf 86' lang='lat' dir='ltr'><strong>Orell.</strong></span> <span class='ocrx_word' id='word_1_46' title='bbox 546 735 631 768; x_wconf 83' lang='lat' dir='ltr'><strong>Sed.</strong></span> <span class='ocrx_word' id='word_1_47' title='bbox 650 739 686 768; x_wconf 89' lang='lat' dir='ltr'><strong>et</strong></span> <span class='ocrx_word' id='word_1_48' title='bbox 714 736 816 781; x_wconf 87' lang='lat' dir='ltr'><strong>prim.</strong></span> <span class='ocrx_word' id='word_1_49' title='bbox 846 736 882 774; x_wconf 81' lang='lat' dir='ltr'><strong>b,</strong></span> <span class='ocrx_word' id='word_1_50' title='bbox 917 736 961 781; x_wconf 92' lang='lat' dir='ltr'><strong>(S</strong></span> <span class='ocrx_word' id='word_1_51' title='bbox 974 736 1028 780; x_wconf 68' lang='grc' dir='ltr'><strong>Ἡ)</strong></span> 
     </span>
     <span class='ocr_line' id='line_1_10' title="bbox 283 790 1028 827; baseline 0.001 -2"><span class='ocrx_word' id='word_1_52' title='bbox 283 793 353 827; x_wconf 88' lang='lat' dir='ltr'><strong>Gn.</strong></span> <span class='ocrx_word' id='word_1_53' title='bbox 376 792 407 826; x_wconf 91' lang='lat'><strong>2.</strong></span> <span class='ocrx_word' id='word_1_54' title='bbox 429 790 462 826; x_wconf 90' lang='lat'><strong>3.</strong></span> <span class='ocrx_word' id='word_1_55' title='bbox 497 790 640 826; x_wconf 85' lang='lat' dir='ltr'><strong>Corbei.</strong></span> <span class='ocrx_word' id='word_1_56' title='bbox 662 797 698 825; x_wconf 85' lang='lat' dir='ltr'><strong>et</strong></span> <span class='ocrx_word' id='word_1_57' title='bbox 718 799 756 826; x_wconf 83' lang='lat' dir='ltr'><strong>ut</strong></span> <span class='ocrx_word' id='word_1_58' title='bbox 781 792 925 827; x_wconf 86' lang='lat' dir='ltr'><strong>videtur</strong></span> <span class='ocrx_word' id='word_1_59' title='bbox 949 792 1028 827; x_wconf 89' lang='lat' dir='ltr'><strong>cod.</strong></span> 
     </span>
     <span class='ocr_line' id='line_1_11' title="bbox 282 846 1025 886; baseline 0.003 -4"><span class='ocrx_word' id='word_1_60' title='bbox 282 847 429 886; x_wconf 80' lang='lat' dir='ltr'><strong>Mentel.</strong></span> <span class='ocrx_word' id='word_1_61' title='bbox 450 846 568 884; x_wconf 89' lang='lat' dir='ltr'><strong>Berol.</strong></span> <span class='ocrx_word' id='word_1_62' title='bbox 589 850 620 885; x_wconf 91' lang='lat'><strong>1.</strong></span> <span class='ocrx_word' id='word_1_63' title='bbox 642 849 748 883; x_wconf 83' lang='lat' dir='ltr'><strong>Dess.</strong></span> <span class='ocrx_word' id='word_1_64' title='bbox 770 851 802 885; x_wconf 85' lang='lat'><strong>2.</strong></span> <span class='ocrx_word' id='word_1_65' title='bbox 825 849 919 884; x_wconf 89' lang='lat' dir='ltr'><strong>Mon.</strong></span> <span class='ocrx_word' id='word_1_66' title='bbox 942 861 973 886; x_wconf 86' lang='lat' dir='ltr'><strong>a.</strong></span> <span class='ocrx_word' id='word_1_67' title='bbox 995 861 1025 884; x_wconf 91' lang='lat' dir='ltr'><strong>c.</strong></span> 
     </span>
     <span class='ocr_line' id='line_1_12' title="bbox 283 902 1027 952; baseline 0 -13"><span class='ocrx_word' id='word_1_68' title='bbox 283 918 318 951; x_wconf 87' lang='lat' dir='ltr'><strong>g.</strong></span> <span class='ocrx_word' id='word_1_69' title='bbox 346 905 370 938; x_wconf 90' lang='lat' dir='ltr'><strong>i.</strong></span> <span class='ocrx_word' id='word_1_70' title='bbox 399 904 491 940; x_wconf 91' lang='lat' dir='ltr'><strong>Edd.</strong></span> <span class='ocrx_word' id='word_1_71' title='bbox 520 905 631 941; x_wconf 90' lang='lat' dir='ltr'><strong>Loch.</strong></span> <span class='ocrx_word' id='word_1_72' title='bbox 650 902 732 941; x_wconf 83' lang='lat'><strong>498.</strong></span> <span class='ocrx_word' id='word_1_73' title='bbox 761 906 885 941; x_wconf 91' lang='lat' dir='ltr'><strong>Lamb.</strong></span> <span class='ocrx_word' id='word_1_74' title='bbox 919 907 1027 952; x_wconf 87' lang='lat' dir='ltr'><strong>Cruq.</strong></span> 
     </span>
     <span class='ocr_line' id='line_1_13' title="bbox 280 962 1027 1007; baseline 0.003 -11"><span class='ocrx_word' id='word_1_75' title='bbox 280 962 388 998; x_wconf 83' lang='lat' dir='ltr'><strong>Fabr.</strong></span> <span class='ocrx_word' id='word_1_76' title='bbox 410 962 452 998; x_wconf 88' lang='lat' dir='ltr'><strong>H.</strong></span> <span class='ocrx_word' id='word_1_77' title='bbox 474 962 597 1007; x_wconf 84' lang='lat' dir='ltr'><strong>steph.</strong></span> <span class='ocrx_word' id='word_1_78' title='bbox 614 962 726 998; x_wconf 85' lang='lat' dir='ltr'><strong>chab.</strong></span> <span class='ocrx_word' id='word_1_79' title='bbox 742 962 876 1000; x_wconf 82' lang='lat' dir='ltr'><strong>Piscat.</strong></span> <span class='ocrx_word' id='word_1_80' title='bbox 892 963 1027 998; x_wconf 90' lang='lat' dir='ltr'><strong>Biedm.</strong></span> 
     </span>
     <span class='ocr_line' id='line_1_14' title="bbox 280 1019 1026 1065; baseline 0.004 -12"><span class='ocrx_word' id='word_1_81' title='bbox 280 1020 414 1055; x_wconf 88' lang='lat' dir='ltr'><strong>Bersm.</strong></span> <span class='ocrx_word' id='word_1_82' title='bbox 448 1019 556 1063; x_wconf 83' lang='lat' dir='ltr'><strong>Rntg.</strong></span> <span class='ocrx_word' id='word_1_83' title='bbox 594 1020 724 1065; x_wconf 88' lang='lat' dir='ltr'><strong>Despr.</strong></span> <span class='ocrx_word' id='word_1_84' title='bbox 764 1021 881 1056; x_wconf 88' lang='lat' dir='ltr'><strong>Burm.</strong></span> <span class='ocrx_word' id='word_1_85' title='bbox 921 1021 1026 1056; x_wconf 80' lang='lat' dir='ltr'><strong>Talb.</strong></span> 
     </span>
     <span class='ocr_line' id='line_1_15' title="bbox 281 1075 1027 1124; baseline 0 -14"><span class='ocrx_word' id='word_1_86' title='bbox 281 1077 385 1112; x_wconf 88' lang='lat' dir='ltr'><strong>Tart.</strong></span> <span class='ocrx_word' id='word_1_87' title='bbox 409 1075 462 1112; x_wconf 89' lang='lat' dir='ltr'><strong>ed.</strong></span> <span class='ocrx_word' id='word_1_88' title='bbox 484 1076 583 1111; x_wconf 84' lang='lat' dir='ltr'><strong>Cost.</strong></span> <span class='ocrx_word' id='word_1_89' title='bbox 604 1076 691 1110; x_wconf 90' lang='lat' dir='ltr'><strong>Dac.</strong></span> <span class='ocrx_word' id='word_1_90' title='bbox 719 1077 803 1114; x_wconf 90' lang='lat' dir='ltr'><strong>San.</strong></span> <span class='ocrx_word' id='word_1_91' title='bbox 832 1077 912 1124; x_wconf 89' lang='lat' dir='ltr'><strong>(qui</strong></span> <span class='ocrx_word' id='word_1_92' title='bbox 938 1077 1027 1122; x_wconf 77' lang='lat' dir='ltr'><strong>def.)</strong></span> 
     </span>
     <span class='ocr_line' id='line_1_16' title="bbox 279 1132 1026 1170; baseline 0.001 -2"><span class='ocrx_word' id='word_1_93' title='bbox 279 1134 357 1169; x_wconf 87' lang='lat' dir='ltr'><strong>Jon.</strong></span> <span class='ocrx_word' id='word_1_94' title='bbox 380 1133 500 1167; x_wconf 75' lang='lat' dir='ltr'><strong>MerV..</strong></span> <span class='ocrx_word' id='word_1_95' title='bbox 516 1132 607 1168; x_wconf 86' lang='lat' dir='ltr'><strong>Phil.</strong></span> <span class='ocrx_word' id='word_1_96' title='bbox 629 1134 756 1168; x_wconf 83' lang='lat' dir='ltr'><strong>Franc.</strong></span> <span class='ocrx_word' id='word_1_97' title='bbox 778 1135 911 1170; x_wconf 85' lang='lat' dir='ltr'><strong>Sandb.</strong></span> <span class='ocrx_word' id='word_1_98' title='bbox 930 1134 1026 1169; x_wconf 87' lang='lat' dir='ltr'><strong>Sivr.</strong></span> 
     </span>
     <span class='ocr_line' id='line_1_17' title="bbox 279 1190 1026 1236; baseline 0.004 -12"><span class='ocrx_word' id='word_1_99' title='bbox 279 1190 429 1236; x_wconf 87' lang='lat' dir='ltr'><strong>Dorigh.</strong></span> <span class='ocrx_word' id='word_1_100' title='bbox 461 1190 603 1224; x_wconf 83' lang='lat' dir='ltr'><strong>Wakef.</strong></span> <span class='ocrx_word' id='word_1_101' title='bbox 633 1191 780 1225; x_wconf 82' lang='lat' dir='ltr'><strong>Haberf.</strong></span> <span class='ocrx_word' id='word_1_102' title='bbox 810 1191 919 1226; x_wconf 86' lang='lat' dir='ltr'><strong>Daru.</strong></span> <span class='ocrx_word' id='word_1_103' title='bbox 962 1191 1026 1228; x_wconf 81' lang='lat' dir='ltr'><strong>Fe.</strong></span> 
     </span>
     <span class='ocr_line' id='line_1_18' title="bbox 280 1246 1024 1293; baseline 0 -11"><span class='ocrx_word' id='word_1_104' title='bbox 280 1249 404 1293; x_wconf 86' lang='lat' dir='ltr'><strong>Camp.</strong></span> <span class='ocrx_word' id='word_1_105' title='bbox 439 1246 597 1281; x_wconf 89' lang='lat' dir='ltr'><strong>Hoched.</strong></span> <span class='ocrx_word' id='word_1_106' title='bbox 639 1249 744 1282; x_wconf 85' lang='lat' dir='ltr'><strong>Web.</strong></span> <span class='ocrx_word' id='word_1_107' title='bbox 780 1248 879 1285; x_wconf 81' lang='lat' dir='ltr'><strong>Pass.</strong></span> <span class='ocrx_word' id='word_1_108' title='bbox 913 1248 1024 1283; x_wconf 81' lang='lat' dir='ltr'><strong>Mein.</strong></span> 
     </span>
     <span class='ocr_line' id='line_1_19' title="bbox 279 1303 1025 1348; baseline 0 -8"><span class='ocrx_word' id='word_1_109' title='bbox 279 1317 343 1340; x_wconf 78' lang='lat' dir='ltr'><strong>nec</strong></span> <span class='ocrx_word' id='word_1_110' title='bbox 375 1303 467 1348; x_wconf 78' lang='lat' dir='ltr'><strong>fluit.</strong></span> <span class='ocrx_word' id='word_1_111' title='bbox 532 1304 600 1338; x_wconf 71' lang='grc' dir='ltr'><strong>Με-</strong></span> <span class='ocrx_word' id='word_1_112' title='bbox 634 1304 732 1339; x_wconf 84' lang='grc' dir='ltr'><strong>Μοη.</strong></span> <span class='ocrx_word' id='word_1_113' title='bbox 767 1317 797 1341; x_wconf 90' lang='lat' dir='ltr'><strong>e.</strong></span> <span class='ocrx_word' id='word_1_114' title='bbox 833 1316 905 1339; x_wconf 82' lang='lat' dir='ltr'><strong>mm</strong></span> <span class='ocrx_word' id='word_1_115' title='bbox 929 1305 1025 1348; x_wconf 80' lang='lat' dir='ltr'><strong>fluit.</strong></span> 
     </span>
     <span class='ocr_line' id='line_1_20' title="bbox 278 1361 1026 1406; baseline 0 -11"><span class='ocrx_word' id='word_1_116' title='bbox 278 1362 323 1396; x_wconf 91' lang='lat' dir='ltr'><strong>V.</strong></span> <span class='ocrx_word' id='word_1_117' title='bbox 358 1361 440 1397; x_wconf 75' lang='lat' dir='ltr'><strong>lect.</strong></span> <span class='ocrx_word' id='word_1_118' title='bbox 477 1372 534 1406; x_wconf 89' lang='lat' dir='ltr'><strong>ap.</strong></span> <span class='ocrx_word' id='word_1_119' title='bbox 578 1361 747 1396; x_wconf 84' lang='lat' dir='ltr'><strong>Torrent.</strong></span> <span class='ocrx_word' id='word_1_120' title='bbox 786 1362 867 1396; x_wconf 81' lang='lat' dir='ltr'><strong>Neu</strong></span> <span class='ocrx_word' id='word_1_121' title='bbox 904 1367 1026 1396; x_wconf 87' lang='lat' dir='ltr'><strong>tuetur</strong></span> 
     </span>
     <span class='ocr_line' id='line_1_21' title="bbox 278 1418 1025 1464; baseline 0.001 -10"><span class='ocrx_word' id='word_1_122' title='bbox 278 1418 396 1454; x_wconf 89' lang='lat' dir='ltr'><strong>Hand.</strong></span> <span class='ocrx_word' id='word_1_123' title='bbox 418 1428 558 1464; x_wconf 91' lang='lat' dir='ltr'><strong>quoque</strong></span> <span class='ocrx_word' id='word_1_124' title='bbox 587 1418 744 1454; x_wconf 88' lang='lat' dir='ltr'><strong>Tursell.</strong></span> <span class='ocrx_word' id='word_1_125' title='bbox 779 1418 841 1455; x_wconf 91' lang='lat' dir='ltr'><strong>IV.</strong></span> <span class='ocrx_word' id='word_1_126' title='bbox 868 1431 903 1464; x_wconf 91' lang='lat' dir='ltr'><strong>p.</strong></span> <span class='ocrx_word' id='word_1_127' title='bbox 933 1420 1025 1462; x_wconf 68' lang='lat'>177„</span> 
     </span>
     <span class='ocr_line' id='line_1_22' title="bbox 280 1475 1026 1519; baseline 0 -9"><span class='ocrx_word' id='word_1_128' title='bbox 280 1481 402 1510; x_wconf 85' lang='lat' dir='ltr'><strong>contra</strong></span> <span class='ocrx_word' id='word_1_129' title='bbox 425 1487 470 1509; x_wconf 80' lang='lat' dir='ltr'><strong>ne</strong></span> <span class='ocrx_word' id='word_1_130' title='bbox 491 1475 686 1509; x_wconf 84' lang='lat' dir='ltr'><strong>defendunt</strong></span> <span class='ocrx_word' id='word_1_131' title='bbox 707 1475 934 1519; x_wconf 84' lang='lat' dir='ltr'><strong>Tunstanus‚</strong></span> <span class='ocrx_word' id='word_1_132' title='bbox 959 1476 1026 1510; x_wconf 89' lang='lat' dir='ltr'><strong>Ba-</strong></span> 
     </span>
     <span class='ocr_line' id='line_1_23' title="bbox 279 1530 1024 1576; baseline 0.004 -10"><span class='ocrx_word' id='word_1_133' title='bbox 279 1533 378 1567; x_wconf 88' lang='lat' dir='ltr'><strong>chius</strong></span> <span class='ocrx_word' id='word_1_134' title='bbox 418 1532 648 1576; x_wconf 79' lang='lat' dir='ltr'><strong>(‚‚Zeitschr.</strong></span> <span class='ocrx_word' id='word_1_135' title='bbox 684 1533 709 1568; x_wconf 88' lang='lat' dir='ltr'><strong>f.</strong></span> <span class='ocrx_word' id='word_1_136' title='bbox 742 1531 776 1568; x_wconf 91' lang='lat' dir='ltr'><strong>d.</strong></span> <span class='ocrx_word' id='word_1_137' title='bbox 804 1533 881 1571; x_wconf 83' lang='lat' dir='ltr'><strong>A‚“</strong></span> <span class='ocrx_word' id='word_1_138' title='bbox 922 1530 1024 1569; x_wconf 86' lang='lat'><strong>1834.</strong></span> 
     </span>
     <span class='ocr_line' id='line_1_24' title="bbox 277 1586 1024 1636; baseline 0 -12"><span class='ocrx_word' id='word_1_139' title='bbox 277 1602 313 1635; x_wconf 88' lang='lat' dir='ltr'><strong>p.</strong></span> <span class='ocrx_word' id='word_1_140' title='bbox 338 1586 472 1633; x_wconf 84' lang='lat'><strong>1044.)‚</strong></span> <span class='ocrx_word' id='word_1_141' title='bbox 493 1593 530 1623; x_wconf 82' lang='lat' dir='ltr'><strong>et</strong></span> <span class='ocrx_word' id='word_1_142' title='bbox 550 1589 706 1623; x_wconf 74' lang='lat' dir='ltr'><strong>Dt&#39;intzer</strong></span> <span class='ocrx_word' id='word_1_143' title='bbox 726 1590 775 1634; x_wconf 90' lang='lat' dir='ltr'><strong>(p.</strong></span> <span class='ocrx_word' id='word_1_144' title='bbox 800 1587 898 1634; x_wconf 87' lang='lat'><strong>515.)</strong></span> <span class='ocrx_word' id='word_1_145' title='bbox 918 1588 1024 1636; x_wconf 86' lang='lat' dir='ltr'><strong>idque</strong></span> 
     </span>
     <span class='ocr_line' id='line_1_25' title="bbox 277 1637 1023 1692; baseline 0.001 -13"><span class='ocrx_word' id='word_1_146' title='bbox 277 1658 347 1680; x_wconf 73' lang='lat' dir='ltr'><strong>neu</strong></span> <span class='ocrx_word' id='word_1_147' title='bbox 362 1646 423 1689; x_wconf 85' lang='lat' dir='ltr'><strong>ita,</strong></span> <span class='ocrx_word' id='word_1_148' title='bbox 441 1651 480 1679; x_wconf 89' lang='lat' dir='ltr'><strong>ut</strong></span> <span class='ocrx_word' id='word_1_149' title='bbox 500 1647 594 1692; x_wconf 91' lang='lat' dir='ltr'><strong>quod</strong></span> <span class='ocrx_word' id='word_1_150' title='bbox 607 1658 672 1692; x_wconf 91' lang='lat' dir='ltr'><strong>per</strong></span> <span class='ocrx_word' id='word_1_151' title='bbox 688 1658 733 1681; x_wconf 82' lang='lat' dir='ltr'><strong>ne</strong></span> <span class='ocrx_word' id='word_1_152' title='bbox 747 1637 931 1681; x_wconf 85' lang='lat' dir='ltr'><strong>dicendum</strong></span> <span class='ocrx_word' id='word_1_153' title='bbox 946 1648 1023 1680; x_wconf 87' lang='lat' dir='ltr'><strong>fue-</strong></span> 
     </span>
     <span class='ocr_line' id='line_1_26' title="bbox 277 1702 1024 1747; baseline 0.004 -12"><span class='ocrx_word' id='word_1_154' title='bbox 277 1702 344 1746; x_wconf 78' lang='lat' dir='ltr'><strong>rit,</strong></span> <span class='ocrx_word' id='word_1_155' title='bbox 375 1703 554 1747; x_wconf 86' lang='lat' dir='ltr'><strong>absolute,</strong></span> <span class='ocrx_word' id='word_1_156' title='bbox 580 1715 648 1737; x_wconf 93' lang='lat' dir='ltr'><strong>non</strong></span> <span class='ocrx_word' id='word_1_157' title='bbox 669 1715 712 1737; x_wconf 84' lang='lat' dir='ltr'><strong>ex</strong></span> <span class='ocrx_word' id='word_1_158' title='bbox 732 1703 1024 1738; x_wconf 83' lang='lat' dir='ltr'><strong>antecedentibus</strong></span> 
     </span>
     <span class='ocr_line' id='line_1_27' title="bbox 278 1759 1022 1805; baseline 0.004 -13"><span class='ocrx_word' id='word_1_159' title='bbox 278 1765 396 1803; x_wconf 81' lang='lat' dir='ltr'><strong>aptum</strong></span> <span class='ocrx_word' id='word_1_160' title='bbox 417 1759 575 1803; x_wconf 82' lang='lat' dir='ltr'><strong>dicatur,</strong></span> <span class='ocrx_word' id='word_1_161' title='bbox 598 1761 652 1794; x_wconf 87' lang='lat' dir='ltr'><strong>uti</strong></span> <span class='ocrx_word' id='word_1_162' title='bbox 671 1765 707 1794; x_wconf 84' lang='lat' dir='ltr'><strong>et</strong></span> <span class='ocrx_word' id='word_1_163' title='bbox 726 1760 757 1804; x_wconf 97' lang='grc' dir='ltr'><strong>Ι,</strong></span> <span class='ocrx_word' id='word_1_164' title='bbox 778 1759 812 1804; x_wconf 92' lang='lat'><strong>3,</strong></span> <span class='ocrx_word' id='word_1_165' title='bbox 833 1763 889 1798; x_wconf 88' lang='lat'><strong>22.</strong></span> <span class='ocrx_word' id='word_1_166' title='bbox 912 1762 945 1805; x_wconf 89' lang='grc'><strong>6,</strong></span> <span class='ocrx_word' id='word_1_167' title='bbox 965 1763 1022 1797; x_wconf 91' lang='grc'><strong>22.</strong></span> 
     </span>
     <span class='ocr_line' id='line_1_28' title="bbox 276 1813 1025 1859; baseline 0.001 -9"><span class='ocrx_word' id='word_1_168' title='bbox 276 1813 335 1850; x_wconf 86' lang='grc'><strong>46.</strong></span> <span class='ocrx_word' id='word_1_169' title='bbox 355 1816 389 1859; x_wconf 88' lang='lat'><strong>9,</strong></span> <span class='ocrx_word' id='word_1_170' title='bbox 416 1817 469 1851; x_wconf 89' lang='lat'><strong>12.</strong></span> <span class='ocrx_word' id='word_1_171' title='bbox 502 1818 554 1859; x_wconf 88' lang='lat'><strong>12,</strong></span> <span class='ocrx_word' id='word_1_172' title='bbox 577 1819 610 1852; x_wconf 88' lang='lat'><strong>2.</strong></span> <span class='ocrx_word' id='word_1_173' title='bbox 643 1817 697 1850; x_wconf 87' lang='lat' dir='ltr'><strong>De</strong></span> <span class='ocrx_word' id='word_1_174' title='bbox 727 1817 882 1851; x_wconf 86' lang='lat' dir='ltr'><strong>confusis</strong></span> <span class='ocrx_word' id='word_1_175' title='bbox 910 1822 1025 1851; x_wconf 86' lang='lat' dir='ltr'><strong>autem</strong></span> 
     </span>
     <span class='ocr_line' id='line_1_29' title="bbox 276 1871 1026 1919; baseline 0.003 -14"><span class='ocrx_word' id='word_1_176' title='bbox 276 1871 461 1918; x_wconf 82' lang='lat' dir='ltr'><strong>particulis</strong></span> <span class='ocrx_word' id='word_1_177' title='bbox 480 1884 549 1907; x_wconf 81' lang='lat' dir='ltr'><strong>neu</strong></span> <span class='ocrx_word' id='word_1_178' title='bbox 578 1876 615 1906; x_wconf 85' lang='lat' dir='ltr'><strong>et</strong></span> <span class='ocrx_word' id='word_1_179' title='bbox 634 1884 679 1907; x_wconf 82' lang='lat' dir='ltr'><strong>ne</strong></span> <span class='ocrx_word' id='word_1_180' title='bbox 697 1872 771 1908; x_wconf 86' lang='lat' dir='ltr'><strong>vid.</strong></span> <span class='ocrx_word' id='word_1_181' title='bbox 793 1873 953 1919; x_wconf 85' lang='lat' dir='ltr'><strong>interpp.</strong></span> <span class='ocrx_word' id='word_1_182' title='bbox 981 1873 1026 1907; x_wconf 89' lang='lat' dir='ltr'><strong>ad</strong></span> 
     </span>
     <span class='ocr_line' id='line_1_30' title="bbox 278 1925 1025 1972; baseline 0.003 -10"><span class='ocrx_word' id='word_1_183' title='bbox 278 1928 363 1963; x_wconf 91' lang='lat' dir='ltr'><strong>Tib.</strong></span> <span class='ocrx_word' id='word_1_184' title='bbox 382 1925 425 1972; x_wconf 87' lang='lat'><strong>4,</strong></span> <span class='ocrx_word' id='word_1_185' title='bbox 454 1929 495 1971; x_wconf 89' lang='lat'><strong>6,</strong></span> <span class='ocrx_word' id='word_1_186' title='bbox 525 1929 558 1965; x_wconf 92' lang='lat'><strong>7.</strong></span> <span class='ocrx_word' id='word_1_187' title='bbox 592 1933 629 1963; x_wconf 76' lang='lat' dir='ltr'><strong>et</strong></span> <span class='ocrx_word' id='word_1_188' title='bbox 660 1930 839 1966; x_wconf 85' lang='lat' dir='ltr'><strong>Drakenb.</strong></span> <span class='ocrx_word' id='word_1_189' title='bbox 869 1930 913 1964; x_wconf 86' lang='lat' dir='ltr'><strong>ad</strong></span> <span class='ocrx_word' id='word_1_190' title='bbox 944 1930 1025 1965; x_wconf 82' lang='lat' dir='ltr'><strong>Liv.</strong></span> 
     </span>
     <span class='ocr_line' id='line_1_31' title="bbox 276 1983 1023 2031; baseline 0.005 -12"><span class='ocrx_word' id='word_1_191' title='bbox 276 1983 340 2030; x_wconf 89' lang='lat'><strong>34,</strong></span> <span class='ocrx_word' id='word_1_192' title='bbox 378 1983 444 2028; x_wconf 86' lang='lat'><strong>35,</strong></span> <span class='ocrx_word' id='word_1_193' title='bbox 484 1985 517 2021; x_wconf 90' lang='lat'><strong>9.</strong></span> <span class='ocrx_word' id='word_1_194' title='bbox 551 2005 607 2011; x_wconf 90' lang='grc'><strong>---</strong></span> <span class='ocrx_word' id='word_1_195' title='bbox 642 1987 747 2031; x_wconf 75' lang='lat' dir='ltr'><strong>pond.</strong></span> <span class='ocrx_word' id='word_1_196' title='bbox 783 1998 903 2021; x_wconf 79' lang='lat' dir='ltr'><strong>aurae.</strong></span> <span class='ocrx_word' id='word_1_197' title='bbox 955 1986 1023 2023; x_wconf 76' lang='lat' dir='ltr'><strong>Ms-</strong></span> 
     </span>
     <span class='ocr_line' id='line_1_32' title="bbox 278 2042 441 2088; baseline -0.006 -11"><span class='ocrx_word' id='word_1_198' title='bbox 278 2043 386 2088; x_wconf 88' lang='lat' dir='ltr'><strong>Cruq.</strong></span> <span class='ocrx_word' id='word_1_199' title='bbox 408 2042 441 2077; x_wconf 87' lang='grc'><strong>6.</strong></span> 
     </span>
    </p>

    <p class='ocr_par' dir='ltr' id='par_1_6' title="bbox 274 2097 1024 2995">
     <span class='ocr_line' id='line_1_33' title="bbox 335 2097 1022 2136; baseline 0.001 -4"><span class='ocrx_word' id='word_1_200' title='bbox 335 2099 378 2136; x_wconf 88' lang='lat' dir='ltr'><strong>V.</strong></span> <span class='ocrx_word' id='word_1_201' title='bbox 402 2098 478 2132; x_wconf 91' lang='lat'><strong>111.</strong></span> <span class='ocrx_word' id='word_1_202' title='bbox 516 2097 588 2132; x_wconf 81' lang='lat' dir='ltr'><strong>Sed</strong></span> <span class='ocrx_word' id='word_1_203' title='bbox 613 2097 708 2132; x_wconf 75' lang='lat' dir='ltr'><strong>satis.</strong></span> <span class='ocrx_word' id='word_1_204' title='bbox 751 2097 838 2132; x_wconf 86' lang='lat' dir='ltr'><strong>Mss.</strong></span> <span class='ocrx_word' id='word_1_205' title='bbox 874 2102 912 2131; x_wconf 85' lang='lat' dir='ltr'><strong>et</strong></span> <span class='ocrx_word' id='word_1_206' title='bbox 942 2098 1022 2134; x_wconf 92' lang='lat' dir='ltr'><strong>edd.</strong></span> 
     </span>
     <span class='ocr_line' id='line_1_34' title="bbox 278 2154 1024 2202; baseline -0.003 -12"><span class='ocrx_word' id='word_1_207' title='bbox 278 2156 373 2202; x_wconf 87' lang='lat' dir='ltr'><strong>vulg.</strong></span> <span class='ocrx_word' id='word_1_208' title='bbox 385 2159 423 2190; x_wconf 78' lang='lat' dir='ltr'><strong>et</strong></span> <span class='ocrx_word' id='word_1_209' title='bbox 437 2154 616 2190; x_wconf 79' lang='lat' dir='ltr'><strong>veterrim.</strong></span> <span class='ocrx_word' id='word_1_210' title='bbox 635 2160 672 2188; x_wconf 85' lang='lat' dir='ltr'><strong>et</strong></span> <span class='ocrx_word' id='word_1_211' title='bbox 683 2154 867 2189; x_wconf 86' lang='lat' dir='ltr'><strong>recentiss.</strong></span> <span class='ocrx_word' id='word_1_212' title='bbox 881 2155 956 2188; x_wconf 78' lang='lat' dir='ltr'><strong>Hoc</strong></span> <span class='ocrx_word' id='word_1_213' title='bbox 968 2166 1024 2188; x_wconf 82' lang='lat' dir='ltr'><strong>sa-</strong></span> 
     </span>
     <span class='ocr_line' id='line_1_35' title="bbox 275 2202 1022 2257; baseline -0.005 -8"><span class='ocrx_word' id='word_1_214' title='bbox 275 2214 330 2249; x_wconf 75' lang='lat' dir='ltr'><strong>tis.</strong></span> <span class='ocrx_word' id='word_1_215' title='bbox 351 2202 439 2248; x_wconf 78' lang='lat' dir='ltr'><strong>Mss.</strong></span> <span class='ocrx_word' id='word_1_216' title='bbox 462 2213 527 2246; x_wconf 76' lang='lat' dir='ltr'><strong>Fe.</strong></span> <span class='ocrx_word' id='word_1_217' title='bbox 551 2213 581 2256; x_wconf 92' lang='lat'><strong>1,</strong></span> <span class='ocrx_word' id='word_1_218' title='bbox 604 2223 638 2257; x_wconf 88' lang='lat' dir='ltr'><strong>p.</strong></span> <span class='ocrx_word' id='word_1_219' title='bbox 659 2215 685 2247; x_wconf 84' lang='lat' dir='ltr'><strong>t.</strong></span> <span class='ocrx_word' id='word_1_220' title='bbox 707 2212 762 2248; x_wconf 83' lang='lat' dir='ltr'><strong>Ik.</strong></span> <span class='ocrx_word' id='word_1_221' title='bbox 780 2208 814 2247; x_wconf 84' lang='grc'><strong>4.</strong></span> <span class='ocrx_word' id='word_1_222' title='bbox 847 2211 944 2246; x_wconf 78' lang='lat' dir='ltr'><strong>Haec</strong></span> <span class='ocrx_word' id='word_1_223' title='bbox 962 2223 1022 2246; x_wconf 81' lang='lat' dir='ltr'><strong>sa—</strong></span> 
     </span>
     <span class='ocr_line' id='line_1_36' title="bbox 274 2267 1022 2315; baseline -0.007 -9"><span class='ocrx_word' id='word_1_224' title='bbox 274 2271 331 2309; x_wconf 78' lang='lat' dir='ltr'><strong>tis.</strong></span> <span class='ocrx_word' id='word_1_225' title='bbox 349 2270 438 2305; x_wconf 89' lang='lat' dir='ltr'><strong>Mss.</strong></span> <span class='ocrx_word' id='word_1_226' title='bbox 458 2269 580 2303; x_wconf 83' lang='lat' dir='ltr'><strong>Lamb.</strong></span> <span class='ocrx_word' id='word_1_227' title='bbox 597 2267 748 2315; x_wconf 84' lang='lat' dir='ltr'><strong>quidam.</strong></span> <span class='ocrx_word' id='word_1_228' title='bbox 767 2268 885 2303; x_wconf 82' lang='lat' dir='ltr'><strong>Bentl.</strong></span> <span class='ocrx_word' id='word_1_229' title='bbox 899 2279 1022 2301; x_wconf 87' lang='lat' dir='ltr'><strong>recen-</strong></span> 
     </span>
     <span class='ocr_line' id='line_1_37' title="bbox 275 2325 1022 2372; baseline -0.001 -11"><span class='ocrx_word' id='word_1_230' title='bbox 275 2328 360 2365; x_wconf 86' lang='lat' dir='ltr'><strong>tior.</strong></span> <span class='ocrx_word' id='word_1_231' title='bbox 380 2326 462 2372; x_wconf 82' lang='lat' dir='ltr'><strong>aliq.</strong></span> <span class='ocrx_word' id='word_1_232' title='bbox 485 2326 550 2360; x_wconf 76' lang='lat' dir='ltr'><strong>Fe.</strong></span> <span class='ocrx_word' id='word_1_233' title='bbox 575 2327 606 2368; x_wconf 90' lang='lat'><strong>1,</strong></span> <span class='ocrx_word' id='word_1_234' title='bbox 628 2337 660 2360; x_wconf 87' lang='lat' dir='ltr'><strong>a.</strong></span> <span class='ocrx_word' id='word_1_235' title='bbox 679 2327 716 2371; x_wconf 83' lang='lat' dir='ltr'><strong>(a</strong></span> <span class='ocrx_word' id='word_1_236' title='bbox 735 2328 768 2362; x_wconf 91' lang='lat'><strong>2.</strong></span> <span class='ocrx_word' id='word_1_237' title='bbox 793 2325 854 2369; x_wconf 89' lang='lat' dir='ltr'><strong>m.)</strong></span> <span class='ocrx_word' id='word_1_238' title='bbox 874 2325 972 2361; x_wconf 78' lang='lat' dir='ltr'><strong>Pott.</strong></span> <span class='ocrx_word' id='word_1_239' title='bbox 987 2325 1022 2360; x_wconf 88' lang='lat'><strong>9.</strong></span> 
     </span>
     <span class='ocr_line' id='line_1_38' title="bbox 280 2381 1020 2427; baseline -0.004 -9"><span class='ocrx_word' id='word_1_240' title='bbox 280 2384 333 2418; x_wconf 87' lang='lat'><strong>13.</strong></span> <span class='ocrx_word' id='word_1_241' title='bbox 358 2386 411 2419; x_wconf 89' lang='grc'><strong>18.</strong></span> <span class='ocrx_word' id='word_1_242' title='bbox 432 2383 545 2419; x_wconf 88' lang='lat' dir='ltr'><strong>Orell.</strong></span> <span class='ocrx_word' id='word_1_243' title='bbox 563 2382 597 2417; x_wconf 90' lang='lat' dir='ltr'><strong>d.</strong></span> <span class='ocrx_word' id='word_1_244' title='bbox 617 2381 719 2427; x_wconf 88' lang='lat' dir='ltr'><strong>prim.</strong></span> <span class='ocrx_word' id='word_1_245' title='bbox 741 2382 851 2417; x_wconf 85' lang='lat' dir='ltr'><strong>Dorv.</strong></span> <span class='ocrx_word' id='word_1_246' title='bbox 872 2384 902 2418; x_wconf 89' lang='lat'><strong>1.</strong></span> <span class='ocrx_word' id='word_1_247' title='bbox 924 2381 1020 2415; x_wconf 86' lang='lat' dir='ltr'><strong>Edd.</strong></span> 
     </span>
     <span class='ocr_line' id='line_1_39' title="bbox 275 2439 1020 2484; baseline -0.004 -9"><span class='ocrx_word' id='word_1_248' title='bbox 275 2441 364 2477; x_wconf 79' lang='lat' dir='ltr'><strong>Fab.</strong></span> <span class='ocrx_word' id='word_1_249' title='bbox 396 2440 504 2484; x_wconf 80' lang='lat' dir='ltr'><strong>Rutg.</strong></span> <span class='ocrx_word' id='word_1_250' title='bbox 541 2441 677 2474; x_wconf 90' lang='lat' dir='ltr'><strong>Bersm.</strong></span> <span class='ocrx_word' id='word_1_251' title='bbox 714 2439 853 2474; x_wconf 87' lang='lat' dir='ltr'><strong>Rodell.</strong></span> <span class='ocrx_word' id='word_1_252' title='bbox 889 2439 1020 2484; x_wconf 80' lang='lat' dir='ltr'><strong>Despr,</strong></span> 
     </span>
     <span class='ocr_line' id='line_1_40' title="bbox 275 2494 1023 2540; baseline -0.001 -9"><span class='ocrx_word' id='word_1_253' title='bbox 275 2499 362 2532; x_wconf 92' lang='lat' dir='ltr'><strong>Dac.</strong></span> <span class='ocrx_word' id='word_1_254' title='bbox 391 2497 495 2531; x_wconf 83' lang='lat' dir='ltr'><strong>Tart.</strong></span> <span class='ocrx_word' id='word_1_255' title='bbox 534 2497 619 2533; x_wconf 88' lang='lat' dir='ltr'><strong>San.</strong></span> <span class='ocrx_word' id='word_1_256' title='bbox 656 2496 746 2532; x_wconf 86' lang='lat' dir='ltr'><strong>Phil.</strong></span> <span class='ocrx_word' id='word_1_257' title='bbox 782 2494 1023 2540; x_wconf 80' lang='lat' dir='ltr'><strong>Gottschling.</strong></span> 
     </span>
     <span class='ocr_line' id='line_1_41' title="bbox 275 2552 1021 2599; baseline 0.004 -13"><span class='ocrx_word' id='word_1_258' title='bbox 275 2554 353 2590; x_wconf 85' lang='lat' dir='ltr'><strong>val.</strong></span> <span class='ocrx_word' id='word_1_259' title='bbox 371 2553 518 2598; x_wconf 85' lang='lat' dir='ltr'><strong>Dorigh.</strong></span> <span class='ocrx_word' id='word_1_260' title='bbox 540 2553 635 2587; x_wconf 89' lang='lat' dir='ltr'><strong>Sivr.</strong></span> <span class='ocrx_word' id='word_1_261' title='bbox 657 2554 803 2590; x_wconf 85' lang='lat' dir='ltr'><strong>Haberf.</strong></span> <span class='ocrx_word' id='word_1_262' title='bbox 834 2553 909 2599; x_wconf 91' lang='lat' dir='ltr'><strong>(qui</strong></span> <span class='ocrx_word' id='word_1_263' title='bbox 933 2552 1021 2597; x_wconf 85' lang='lat' dir='ltr'><strong>def.)</strong></span> 
     </span>
     <span class='ocr_line' id='line_1_42' title="bbox 276 2610 1023 2656; baseline 0 -12"><span class='ocrx_word' id='word_1_264' title='bbox 276 2611 384 2647; x_wconf 88' lang='lat' dir='ltr'><strong>Daru.</strong></span> <span class='ocrx_word' id='word_1_265' title='bbox 421 2611 553 2656; x_wconf 87' lang='lat' dir='ltr'><strong>Charp.</strong></span> <span class='ocrx_word' id='word_1_266' title='bbox 582 2611 699 2646; x_wconf 88' lang='lat' dir='ltr'><strong>Amar.</strong></span> <span class='ocrx_word' id='word_1_267' title='bbox 740 2610 801 2644; x_wconf 88' lang='lat' dir='ltr'><strong>Sic</strong></span> <span class='ocrx_word' id='word_1_268' title='bbox 829 2615 867 2645; x_wconf 83' lang='lat' dir='ltr'><strong>et.</strong></span> <span class='ocrx_word' id='word_1_269' title='bbox 901 2610 1023 2644; x_wconf 84' lang='lat' dir='ltr'><strong>laudat</strong></span> 
     </span>
     <span class='ocr_line' id='line_1_43' title="bbox 276 2667 1017 2710; baseline 0.001 -10"><span class='ocrx_word' id='word_1_270' title='bbox 276 2667 407 2701; x_wconf 87' lang='lat' dir='ltr'><strong>Gatak.</strong></span> <span class='ocrx_word' id='word_1_271' title='bbox 446 2668 490 2702; x_wconf 90' lang='lat' dir='ltr'><strong>ad</strong></span> <span class='ocrx_word' id='word_1_272' title='bbox 525 2667 575 2702; x_wconf 91' lang='lat' dir='ltr'><strong>M.</strong></span> <span class='ocrx_word' id='word_1_273' title='bbox 608 2667 774 2703; x_wconf 88' lang='lat' dir='ltr'><strong>Antonin.</strong></span> <span class='ocrx_word' id='word_1_274' title='bbox 808 2669 841 2710; x_wconf 88' lang='lat'><strong>2,</strong></span> <span class='ocrx_word' id='word_1_275' title='bbox 876 2668 929 2701; x_wconf 91' lang='lat'><strong>11.</strong></span> <span class='ocrx_word' id='word_1_276' title='bbox 969 2686 1017 2691; x_wconf 92' lang='lat'><strong>—-</strong></span> 
     </span>
     <span class='ocr_line' id='line_1_44' title="bbox 276 2724 1019 2769; baseline 0.003 -15"><span class='ocrx_word' id='word_1_277' title='bbox 276 2734 405 2757; x_wconf 86' lang='lat' dir='ltr'><strong>orasse.</strong></span> <span class='ocrx_word' id='word_1_278' title='bbox 427 2724 564 2759; x_wconf 86' lang='lat' dir='ltr'><strong>Ms.1k.</strong></span> <span class='ocrx_word' id='word_1_279' title='bbox 585 2725 618 2760; x_wconf 91' lang='lat'><strong>6.</strong></span> <span class='ocrx_word' id='word_1_280' title='bbox 638 2724 747 2761; x_wconf 85' lang='lat' dir='ltr'><strong>Dorv.</strong></span> <span class='ocrx_word' id='word_1_281' title='bbox 769 2726 803 2761; x_wconf 88' lang='lat'><strong>2.</strong></span> <span class='ocrx_word' id='word_1_282' title='bbox 825 2725 1019 2769; x_wconf 81' lang='lat' dir='ltr'><strong>(suprascr.</strong></span> 
     </span>
     <span class='ocr_line' id='line_1_45' title="bbox 276 2779 1021 2824; baseline 0.004 -14"><span class='ocrx_word' id='word_1_283' title='bbox 276 2779 332 2821; x_wconf 87' lang='lat' dir='ltr'><strong>re)</strong></span> <span class='ocrx_word' id='word_1_284' title='bbox 359 2781 504 2816; x_wconf 84' lang='lat' dir='ltr'><strong>Santen.</strong></span> <span class='ocrx_word' id='word_1_285' title='bbox 525 2800 580 2805; x_wconf 84' lang='lat'>—</span> <span class='ocrx_word' id='word_1_286' title='bbox 601 2792 700 2824; x_wconf 84' lang='lat' dir='ltr'><strong>quae.</strong></span> <span class='ocrx_word' id='word_1_287' title='bbox 722 2780 792 2815; x_wconf 88' lang='lat' dir='ltr'><strong>Ms.</strong></span> <span class='ocrx_word' id='word_1_288' title='bbox 811 2780 947 2814; x_wconf 89' lang='lat' dir='ltr'><strong>Bersm.</strong></span> <span class='ocrx_word' id='word_1_289' title='bbox 964 2791 1021 2813; x_wconf 91' lang='lat' dir='ltr'><strong>un.</strong></span> 
     </span>
     <span class='ocr_line' id='line_1_46' title="bbox 276 2833 1021 2882; baseline 0.004 -15"><span class='ocrx_word' id='word_1_290' title='bbox 276 2833 366 2875; x_wconf 91' lang='lat' dir='ltr'><strong>(cum</strong></span> <span class='ocrx_word' id='word_1_291' title='bbox 388 2836 434 2879; x_wconf 87' lang='lat' dir='ltr'><strong>gl.</strong></span> <span class='ocrx_word' id='word_1_292' title='bbox 457 2848 525 2878; x_wconf 87' lang='lat' dir='ltr'><strong>„ea</strong></span> <span class='ocrx_word' id='word_1_293' title='bbox 545 2847 633 2881; x_wconf 87' lang='lat' dir='ltr'><strong>quae</strong></span> <span class='ocrx_word' id='word_1_294' title='bbox 656 2837 741 2871; x_wconf 84' lang='lat' dir='ltr'><strong>dare</strong></span> <span class='ocrx_word' id='word_1_295' title='bbox 763 2841 886 2882; x_wconf 80' lang='lat' dir='ltr'><strong>potest</strong></span> <span class='ocrx_word' id='word_1_296' title='bbox 906 2843 943 2872; x_wconf 88' lang='lat' dir='ltr'><strong>et</strong></span> <span class='ocrx_word' id='word_1_297' title='bbox 963 2847 1021 2871; x_wconf 83' lang='lat' dir='ltr'><strong>au·</strong></span> 
     </span>
     <span class='ocr_line' id='line_1_47' title="bbox 276 2889 1023 2939; baseline 0.009 -18"><span class='ocrx_word' id='word_1_298' title='bbox 276 2889 425 2933; x_wconf 76' lang='lat' dir='ltr'><strong>serre.“).</strong></span> <span class='ocrx_word' id='word_1_299' title='bbox 443 2893 547 2928; x_wconf 86' lang='lat' dir='ltr'><strong>Torr.</strong></span> <span class='ocrx_word' id='word_1_300' title='bbox 563 2893 745 2933; x_wconf 78' lang='lat' dir='ltr'><strong>vetustiss,</strong></span> <span class='ocrx_word' id='word_1_301' title='bbox 762 2899 837 2928; x_wconf 82' lang='lat' dir='ltr'><strong>tres</strong></span> <span class='ocrx_word' id='word_1_302' title='bbox 850 2894 925 2939; x_wconf 88' lang='lat' dir='ltr'><strong>(qui</strong></span> <span class='ocrx_word' id='word_1_303' title='bbox 938 2906 1023 2939; x_wconf 87' lang='lat' dir='ltr'><strong>pro—</strong></span> 
     </span>
     <span class='ocr_line' id='line_1_48' title="bbox 277 2947 1019 2995; baseline 0.008 -16"><span class='ocrx_word' id='word_1_304' title='bbox 277 2947 365 2989; x_wconf 82' lang='lat' dir='ltr'><strong>bat).</strong></span> <span class='ocrx_word' id='word_1_305' title='bbox 386 2947 499 2984; x_wconf 83' lang='lat' dir='ltr'><strong>Bentl.</strong></span> <span class='ocrx_word' id='word_1_306' title='bbox 519 2954 559 2982; x_wconf 89' lang='lat' dir='ltr'><strong>ut</strong></span> <span class='ocrx_word' id='word_1_307' title='bbox 579 2949 651 2985; x_wconf 89' lang='lat' dir='ltr'><strong>vid.</strong></span> <span class='ocrx_word' id='word_1_308' title='bbox 673 2950 820 2994; x_wconf 85' lang='lat' dir='ltr'><strong>aliquot.</strong></span> <span class='ocrx_word' id='word_1_309' title='bbox 843 2950 908 2988; x_wconf 80' lang='lat' dir='ltr'><strong>Fe.</strong></span> <span class='ocrx_word' id='word_1_310' title='bbox 933 2953 966 2995; x_wconf 87' lang='lat'><strong>2,</strong></span> <span class='ocrx_word' id='word_1_311' title='bbox 987 2962 1019 2985; x_wconf 82' lang='lat' dir='ltr'><strong>a.</strong></span> 
     </span>
    </p>
   </div>
   <div class='ocr_carea' id='block_1_6' title="bbox 1067 508 1846 2985">
    <p class='ocr_par' dir='ltr' id='par_1_7' title="bbox 1067 508 1846 2985">
     <span class='ocr_line' id='line_1_49' title="bbox 1075 508 1817 553; baseline 0.005 -11"><span class='ocrx_word' id='word_1_312' title='bbox 1075 520 1104 542; x_wconf 87' lang='lat' dir='ltr'><strong>c.</strong></span> <span class='ocrx_word' id='word_1_313' title='bbox 1123 508 1160 551; x_wconf 86' lang='lat' dir='ltr'><strong>(a</strong></span> <span class='ocrx_word' id='word_1_314' title='bbox 1178 511 1212 545; x_wconf 90' lang='lat'><strong>2.</strong></span> <span class='ocrx_word' id='word_1_315' title='bbox 1231 510 1291 553; x_wconf 88' lang='lat' dir='ltr'><strong>m.)</strong></span> <span class='ocrx_word' id='word_1_316' title='bbox 1312 521 1344 545; x_wconf 87' lang='lat' dir='ltr'><strong>e.</strong></span> <span class='ocrx_word' id='word_1_317' title='bbox 1374 509 1472 543; x_wconf 86' lang='lat' dir='ltr'><strong>Mon.</strong></span> <span class='ocrx_word' id='word_1_318' title='bbox 1491 510 1526 546; x_wconf 88' lang='lat' dir='ltr'><strong>b.</strong></span> <span class='ocrx_word' id='word_1_319' title='bbox 1545 520 1589 547; x_wconf 85' lang='lat' dir='ltr'><strong>m.</strong></span> <span class='ocrx_word' id='word_1_320' title='bbox 1607 509 1685 546; x_wconf 85' lang='lat' dir='ltr'><strong>cod.</strong></span> <span class='ocrx_word' id='word_1_321' title='bbox 1705 509 1817 546; x_wconf 83' lang='lat' dir='ltr'><strong>Ment.</strong></span> 
     </span>
     <span class='ocr_line' id='line_1_50' title="bbox 1074 565 1820 609; baseline 0 -9"><span class='ocrx_word' id='word_1_322' title='bbox 1074 565 1250 609; x_wconf 87' lang='lat' dir='ltr'><strong>[Oberlin.</strong></span> <span class='ocrx_word' id='word_1_323' title='bbox 1271 570 1308 599; x_wconf 86' lang='lat' dir='ltr'><strong>et</strong></span> <span class='ocrx_word' id='word_1_324' title='bbox 1326 566 1416 600; x_wconf 83' lang='lat' dir='ltr'><strong>Jaek</strong></span> <span class='ocrx_word' id='word_1_325' title='bbox 1437 571 1473 600; x_wconf 81' lang='lat' dir='ltr'><strong>et</strong></span> <span class='ocrx_word' id='word_1_326' title='bbox 1495 566 1590 601; x_wconf 83' lang='lat' dir='ltr'><strong>Pott.</strong></span> <span class='ocrx_word' id='word_1_327' title='bbox 1610 567 1655 602; x_wconf 83' lang='lat' dir='ltr'><strong>de</strong></span> <span class='ocrx_word' id='word_1_328' title='bbox 1674 566 1746 602; x_wconf 85' lang='lat' dir='ltr'><strong>suis</strong></span> <span class='ocrx_word' id='word_1_329' title='bbox 1763 572 1820 601; x_wconf 85' lang='lat' dir='ltr'><strong>ta-</strong></span> 
     </span>
     <span class='ocr_line' id='line_1_51' title="bbox 1074 621 1821 672; baseline 0.001 -16"><span class='ocrx_word' id='word_1_330' title='bbox 1074 627 1156 656; x_wconf 83' lang='lat' dir='ltr'><strong>cent</strong></span> <span class='ocrx_word' id='word_1_331' title='bbox 1175 627 1211 657; x_wconf 85' lang='lat' dir='ltr'><strong>et</strong></span> <span class='ocrx_word' id='word_1_332' title='bbox 1232 622 1275 656; x_wconf 88' lang='lat' dir='ltr'><strong>de</strong></span> <span class='ocrx_word' id='word_1_333' title='bbox 1304 621 1404 668; x_wconf 86' lang='lat' dir='ltr'><strong>Lips.</strong></span> <span class='ocrx_word' id='word_1_334' title='bbox 1429 633 1499 657; x_wconf 91' lang='lat' dir='ltr'><strong>non</strong></span> <span class='ocrx_word' id='word_1_335' title='bbox 1524 621 1668 672; x_wconf 83' lang='lat' dir='ltr'><strong>liquet];</strong></span> <span class='ocrx_word' id='word_1_336' title='bbox 1701 623 1754 658; x_wconf 80' lang='lat' dir='ltr'><strong>sic</strong></span> <span class='ocrx_word' id='word_1_337' title='bbox 1783 627 1821 657; x_wconf 82' lang='lat' dir='ltr'><strong>et</strong></span> 
     </span>
     <span class='ocr_line' id='line_1_52' title="bbox 1071 679 1821 725; baseline 0.001 -12"><span class='ocrx_word' id='word_1_338' title='bbox 1071 679 1202 724; x_wconf 85' lang='lat' dir='ltr'><strong>legisse</strong></span> <span class='ocrx_word' id='word_1_339' title='bbox 1214 679 1378 714; x_wconf 80' lang='lat' dir='ltr'><strong>videntur</strong></span> <span class='ocrx_word' id='word_1_340' title='bbox 1386 679 1617 717; x_wconf 82' lang='lat' dir='ltr'><strong>Scholiastae.</strong></span> <span class='ocrx_word' id='word_1_341' title='bbox 1630 680 1717 715; x_wconf 84' lang='lat' dir='ltr'><strong>Inde</strong></span> <span class='ocrx_word' id='word_1_342' title='bbox 1730 691 1821 725; x_wconf 74' lang='lat' dir='ltr'><strong>quae</strong></span> 
     </span>
     <span class='ocr_line' id='line_1_53' title="bbox 1074 736 1816 782; baseline 0.004 -12"><span class='ocrx_word' id='word_1_343' title='bbox 1074 738 1184 771; x_wconf 83' lang='lat' dir='ltr'><strong>donat</strong></span> <span class='ocrx_word' id='word_1_344' title='bbox 1196 736 1356 770; x_wconf 81' lang='lat' dir='ltr'><strong>restituit</strong></span> <span class='ocrx_word' id='word_1_345' title='bbox 1372 736 1493 780; x_wconf 67' lang='lat' dir='ltr'><strong>Talb„</strong></span> <span class='ocrx_word' id='word_1_346' title='bbox 1509 747 1611 782; x_wconf 87' lang='lat' dir='ltr'><strong>quem</strong></span> <span class='ocrx_word' id='word_1_347' title='bbox 1625 748 1700 782; x_wconf 80' lang='lat' dir='ltr'><strong>seq.</strong></span> <span class='ocrx_word' id='word_1_348' title='bbox 1709 738 1816 773; x_wconf 75' lang='lat' dir='ltr'><strong>Baxt.</strong></span> 
     </span>
     <span class='ocr_line' id='line_1_54' title="bbox 1075 793 1819 830; baseline 0.001 -3"><span class='ocrx_word' id='word_1_349' title='bbox 1075 793 1192 828; x_wconf 81' lang='lat' dir='ltr'><strong>Maitt.</strong></span> <span class='ocrx_word' id='word_1_350' title='bbox 1212 793 1290 828; x_wconf 87' lang='lat' dir='ltr'><strong>Jon.</strong></span> <span class='ocrx_word' id='word_1_351' title='bbox 1313 794 1424 828; x_wconf 89' lang='lat' dir='ltr'><strong>Gesn.</strong></span> <span class='ocrx_word' id='word_1_352' title='bbox 1445 793 1568 828; x_wconf 88' lang='lat' dir='ltr'><strong>Oberl.</strong></span> <span class='ocrx_word' id='word_1_353' title='bbox 1589 794 1710 830; x_wconf 81' lang='lat' dir='ltr'><strong>Comb.</strong></span> <span class='ocrx_word' id='word_1_354' title='bbox 1731 795 1819 829; x_wconf 82' lang='lat' dir='ltr'><strong>Wa-</strong></span> 
     </span>
     <span class='ocr_line' id='line_1_55' title="bbox 1073 850 1816 895; baseline 0 -11"><span class='ocrx_word' id='word_1_355' title='bbox 1073 850 1146 884; x_wconf 88' lang='lat' dir='ltr'><strong>kef.</strong></span> <span class='ocrx_word' id='word_1_356' title='bbox 1161 850 1248 886; x_wconf 76' lang='lat' dir='ltr'><strong>Bad.</strong></span> <span class='ocrx_word' id='word_1_357' title='bbox 1259 851 1375 888; x_wconf 86' lang='lat' dir='ltr'><strong>Wetz.</strong></span> <span class='ocrx_word' id='word_1_358' title='bbox 1392 850 1471 895; x_wconf 86' lang='lat' dir='ltr'><strong>(qui</strong></span> <span class='ocrx_word' id='word_1_359' title='bbox 1480 850 1571 894; x_wconf 84' lang='lat' dir='ltr'><strong>def.)</strong></span> <span class='ocrx_word' id='word_1_360' title='bbox 1586 851 1692 886; x_wconf 67' lang='lat' dir='ltr'><strong>Duru.</strong></span> <span class='ocrx_word' id='word_1_361' title='bbox 1705 850 1816 885; x_wconf 83' lang='lat' dir='ltr'><strong>Hunt.</strong></span> 
     </span>
     <span class='ocr_line' id='line_1_56' title="bbox 1075 907 1818 952; baseline 0.001 -11"><span class='ocrx_word' id='word_1_362' title='bbox 1075 907 1139 947; x_wconf 69' lang='lat' dir='ltr'><strong>Fe,</strong></span> <span class='ocrx_word' id='word_1_363' title='bbox 1162 907 1237 952; x_wconf 88' lang='lat' dir='ltr'><strong>(qui</strong></span> <span class='ocrx_word' id='word_1_364' title='bbox 1255 907 1342 951; x_wconf 87' lang='lat' dir='ltr'><strong>def.)</strong></span> <span class='ocrx_word' id='word_1_365' title='bbox 1367 907 1422 943; x_wconf 84' lang='lat' dir='ltr'><strong>Ik.</strong></span> <span class='ocrx_word' id='word_1_366' title='bbox 1454 907 1557 942; x_wconf 82' lang='lat' dir='ltr'><strong>Both.</strong></span> <span class='ocrx_word' id='word_1_367' title='bbox 1590 908 1688 942; x_wconf 83' lang='lat' dir='ltr'><strong>Pott.</strong></span> <span class='ocrx_word' id='word_1_368' title='bbox 1714 907 1818 943; x_wconf 77' lang='lat' dir='ltr'><strong>Jahn.</strong></span> 
     </span>
     <span class='ocr_line' id='line_1_57' title="bbox 1074 962 1817 1010; baseline -0.001 -11"><span class='ocrx_word' id='word_1_369' title='bbox 1074 964 1164 999; x_wconf 87' lang='lat' dir='ltr'><strong>zell.</strong></span> <span class='ocrx_word' id='word_1_370' title='bbox 1186 965 1293 1001; x_wconf 88' lang='lat' dir='ltr'><strong>Doer.</strong></span> <span class='ocrx_word' id='word_1_371' title='bbox 1323 963 1481 1001; x_wconf 87' lang='lat' dir='ltr'><strong>Hoched.</strong></span> <span class='ocrx_word' id='word_1_372' title='bbox 1505 962 1582 1010; x_wconf 87' lang='lat' dir='ltr'><strong>(qui</strong></span> <span class='ocrx_word' id='word_1_373' title='bbox 1601 963 1690 1008; x_wconf 78' lang='lat' dir='ltr'><strong>def.)</strong></span> <span class='ocrx_word' id='word_1_374' title='bbox 1710 965 1817 1004; x_wconf 81' lang='lat' dir='ltr'><strong>Web,</strong></span> 
     </span>
     <span class='ocr_line' id='line_1_58' title="bbox 1074 1019 1820 1067; baseline 0 -11"><span class='ocrx_word' id='word_1_375' title='bbox 1074 1021 1183 1057; x_wconf 89' lang='lat' dir='ltr'><strong>Mein.</strong></span> <span class='ocrx_word' id='word_1_376' title='bbox 1203 1021 1337 1067; x_wconf 88' lang='lat' dir='ltr'><strong>Charp.</strong></span> <span class='ocrx_word' id='word_1_377' title='bbox 1360 1021 1478 1057; x_wconf 81' lang='lat' dir='ltr'><strong>Amar.</strong></span> <span class='ocrx_word' id='word_1_378' title='bbox 1500 1021 1613 1056; x_wconf 76' lang='lat' dir='ltr'><strong>Orell.</strong></span> <span class='ocrx_word' id='word_1_379' title='bbox 1635 1019 1711 1067; x_wconf 89' lang='lat' dir='ltr'><strong>(qui</strong></span> <span class='ocrx_word' id='word_1_380' title='bbox 1731 1021 1820 1066; x_wconf 78' lang='lat' dir='ltr'><strong>def.)</strong></span> 
     </span>
     <span class='ocr_line' id='line_1_59' title="bbox 1073 1077 1821 1125; baseline 0 -13"><span class='ocrx_word' id='word_1_381' title='bbox 1073 1078 1225 1113; x_wconf 87' lang='lat' dir='ltr'><strong>Dillenb.</strong></span> <span class='ocrx_word' id='word_1_382' title='bbox 1256 1077 1368 1123; x_wconf 80' lang='lat' dir='ltr'><strong>Siipfl.</strong></span> <span class='ocrx_word' id='word_1_383' title='bbox 1397 1078 1615 1125; x_wconf 81' lang='lat' dir='ltr'><strong>Comprobat</strong></span> <span class='ocrx_word' id='word_1_384' title='bbox 1639 1078 1821 1112; x_wconf 81' lang='lat' dir='ltr'><strong>Meadow-</strong></span> 
     </span>
     <span class='ocr_line' id='line_1_60' title="bbox 1074 1133 1823 1181; baseline -0.001 -12"><span class='ocrx_word' id='word_1_385' title='bbox 1074 1140 1175 1169; x_wconf 88' lang='lat' dir='ltr'><strong>court</strong></span> <span class='ocrx_word' id='word_1_386' title='bbox 1203 1147 1260 1181; x_wconf 86' lang='lat' dir='ltr'><strong>ap.</strong></span> <span class='ocrx_word' id='word_1_387' title='bbox 1289 1135 1483 1172; x_wconf 88' lang='lat' dir='ltr'><strong>Duncomb.</strong></span> <span class='ocrx_word' id='word_1_388' title='bbox 1511 1135 1560 1172; x_wconf 93' lang='lat' dir='ltr'><strong>II.</strong></span> <span class='ocrx_word' id='word_1_389' title='bbox 1589 1147 1625 1180; x_wconf 82' lang='lat' dir='ltr'><strong>p,</strong></span> <span class='ocrx_word' id='word_1_390' title='bbox 1646 1134 1728 1170; x_wconf 92' lang='grc'><strong>603.</strong></span> <span class='ocrx_word' id='word_1_391' title='bbox 1762 1133 1823 1180; x_wconf 73' lang='lat' dir='ltr'><strong>qui</strong></span> 
     </span>
     <span class='ocr_line' id='line_1_61' title="bbox 1073 1190 1846 1237; baseline -0.003 -11"><span class='ocrx_word' id='word_1_392' title='bbox 1073 1193 1194 1226; x_wconf 83' lang='lat' dir='ltr'><strong>donat.</strong></span> <span class='ocrx_word' id='word_1_393' title='bbox 1226 1192 1313 1227; x_wconf 88' lang='lat' dir='ltr'><strong>Mss.</strong></span> <span class='ocrx_word' id='word_1_394' title='bbox 1341 1196 1378 1226; x_wconf 81' lang='lat' dir='ltr'><strong>et</strong></span> <span class='ocrx_word' id='word_1_395' title='bbox 1403 1191 1483 1226; x_wconf 90' lang='lat' dir='ltr'><strong>edd.</strong></span> <span class='ocrx_word' id='word_1_396' title='bbox 1503 1191 1619 1237; x_wconf 81' lang='lat' dir='ltr'><strong>vulg.‚</strong></span> <span class='ocrx_word' id='word_1_397' title='bbox 1647 1203 1668 1226; x_wconf 91' lang='lat' dir='ltr'><strong>e</strong></span> <span class='ocrx_word' id='word_1_398' title='bbox 1687 1190 1818 1226; x_wconf 78' lang='lat' dir='ltr'><strong>nostris</strong></span> <span class='ocrx_word' id='word_1_399' title='bbox 1843 1222 1846 1224; x_wconf 81' lang='grc'><strong>.</strong></span> 
     </span>
     <span class='ocr_line' id='line_1_62' title="bbox 1071 1247 1817 1288; baseline 0.001 -6"><span class='ocrx_word' id='word_1_400' title='bbox 1071 1249 1174 1283; x_wconf 90' lang='lat' dir='ltr'><strong>Dess.</strong></span> <span class='ocrx_word' id='word_1_401' title='bbox 1199 1249 1229 1283; x_wconf 87' lang='lat'><strong>1.</strong></span> <span class='ocrx_word' id='word_1_402' title='bbox 1248 1247 1284 1283; x_wconf 90' lang='grc'><strong>3.</strong></span> <span class='ocrx_word' id='word_1_403' title='bbox 1320 1247 1430 1284; x_wconf 85' lang='lat' dir='ltr'><strong>Goth.</strong></span> <span class='ocrx_word' id='word_1_404' title='bbox 1451 1249 1556 1288; x_wconf 80' lang='lat' dir='ltr'><strong>Gott,</strong></span> <span class='ocrx_word' id='word_1_405' title='bbox 1579 1249 1610 1284; x_wconf 88' lang='lat'><strong>1.</strong></span> <span class='ocrx_word' id='word_1_406' title='bbox 1634 1250 1667 1285; x_wconf 85' lang='lat'><strong>2.</strong></span> <span class='ocrx_word' id='word_1_407' title='bbox 1697 1247 1817 1283; x_wconf 81' lang='lat' dir='ltr'><strong>Guelf.</strong></span> 
     </span>
     <span class='ocr_line' id='line_1_63' title="bbox 1072 1303 1816 1350; baseline 0.001 -10"><span class='ocrx_word' id='word_1_408' title='bbox 1072 1307 1105 1341; x_wconf 90' lang='lat'><strong>1.</strong></span> <span class='ocrx_word' id='word_1_409' title='bbox 1124 1305 1158 1339; x_wconf 89' lang='grc'><strong>3.</strong></span> <span class='ocrx_word' id='word_1_410' title='bbox 1190 1305 1288 1350; x_wconf 87' lang='lat' dir='ltr'><strong>Lips.</strong></span> <span class='ocrx_word' id='word_1_411' title='bbox 1313 1306 1345 1341; x_wconf 88' lang='lat'><strong>2.</strong></span> <span class='ocrx_word' id='word_1_412' title='bbox 1375 1305 1473 1343; x_wconf 80' lang='lat' dir='ltr'><strong>Mon.</strong></span> <span class='ocrx_word' id='word_1_413' title='bbox 1502 1316 1534 1342; x_wconf 83' lang='lat' dir='ltr'><strong>a.</strong></span> <span class='ocrx_word' id='word_1_414' title='bbox 1564 1317 1594 1340; x_wconf 85' lang='lat' dir='ltr'><strong>c.</strong></span> <span class='ocrx_word' id='word_1_415' title='bbox 1624 1303 1659 1339; x_wconf 88' lang='lat' dir='ltr'><strong>d.</strong></span> <span class='ocrx_word' id='word_1_416' title='bbox 1680 1317 1711 1341; x_wconf 89' lang='lat' dir='ltr'><strong>e.</strong></span> <span class='ocrx_word' id='word_1_417' title='bbox 1731 1306 1759 1341; x_wconf 79' lang='lat' dir='ltr'><strong>f.</strong></span> <span class='ocrx_word' id='word_1_418' title='bbox 1781 1316 1816 1350; x_wconf 85' lang='lat' dir='ltr'><strong>g.</strong></span> 
     </span>
     <span class='ocr_line' id='line_1_64' title="bbox 1071 1360 1823 1406; baseline 0.001 -12"><span class='ocrx_word' id='word_1_419' title='bbox 1071 1361 1096 1395; x_wconf 87' lang='lat' dir='ltr'><strong>i.</strong></span> <span class='ocrx_word' id='word_1_420' title='bbox 1118 1360 1143 1396; x_wconf 93' lang='lat' dir='ltr'><strong>l.</strong></span> <span class='ocrx_word' id='word_1_421' title='bbox 1173 1362 1345 1406; x_wconf 84' lang='lat' dir='ltr'><strong>(Victor.)</strong></span> <span class='ocrx_word' id='word_1_422' title='bbox 1376 1361 1521 1398; x_wconf 88' lang='lat' dir='ltr'><strong>Corbei.</strong></span> <span class='ocrx_word' id='word_1_423' title='bbox 1546 1361 1735 1404; x_wconf 83' lang='lat' dir='ltr'><strong>Rudolst.;</strong></span> <span class='ocrx_word' id='word_1_424' title='bbox 1766 1362 1823 1395; x_wconf 79' lang='lat' dir='ltr'><strong>sic</strong></span> 
     </span>
     <span class='ocr_line' id='line_1_65' title="bbox 1073 1417 1820 1456; baseline 0 -4"><span class='ocrx_word' id='word_1_425' title='bbox 1073 1417 1178 1453; x_wconf 83' lang='lat' dir='ltr'><strong>etiam</strong></span> <span class='ocrx_word' id='word_1_426' title='bbox 1200 1418 1312 1453; x_wconf 82' lang='lat' dir='ltr'><strong>locum</strong></span> <span class='ocrx_word' id='word_1_427' title='bbox 1327 1418 1448 1453; x_wconf 77' lang='lat' dir='ltr'><strong>laudat</strong></span> <span class='ocrx_word' id='word_1_428' title='bbox 1465 1419 1522 1456; x_wconf 89' lang='lat' dir='ltr'><strong>Jo.</strong></span> <span class='ocrx_word' id='word_1_429' title='bbox 1543 1418 1730 1453; x_wconf 82' lang='lat' dir='ltr'><strong>saresber.</strong></span> <span class='ocrx_word' id='word_1_430' title='bbox 1748 1418 1820 1452; x_wconf 89' lang='lat' dir='ltr'><strong>Po-</strong></span> 
     </span>
     <span class='ocr_line' id='line_1_66' title="bbox 1071 1474 1818 1521; baseline -0.001 -11"><span class='ocrx_word' id='word_1_431' title='bbox 1071 1476 1160 1521; x_wconf 83' lang='lat' dir='ltr'><strong>lycr.</strong></span> <span class='ocrx_word' id='word_1_432' title='bbox 1176 1475 1210 1517; x_wconf 90' lang='lat'><strong>3,</strong></span> <span class='ocrx_word' id='word_1_433' title='bbox 1226 1476 1259 1510; x_wconf 91' lang='lat'><strong>9.</strong></span> <span class='ocrx_word' id='word_1_434' title='bbox 1282 1480 1318 1510; x_wconf 86' lang='lat' dir='ltr'><strong>et</strong></span> <span class='ocrx_word' id='word_1_435' title='bbox 1330 1475 1417 1509; x_wconf 89' lang='lat' dir='ltr'><strong>illud</strong></span> <span class='ocrx_word' id='word_1_436' title='bbox 1433 1475 1493 1521; x_wconf 77' lang='lat' dir='ltr'><strong>qui</strong></span> <span class='ocrx_word' id='word_1_437' title='bbox 1509 1479 1630 1509; x_wconf 83' lang='lat' dir='ltr'><strong>tuetur</strong></span> <span class='ocrx_word' id='word_1_438' title='bbox 1644 1474 1818 1510; x_wconf 72' lang='lat' dir='ltr'><strong>Dt&#39;intzer.</strong></span> 
     </span>
     <span class='ocr_line' id='line_1_67' title="bbox 1072 1531 1818 1578; baseline 0.001 -12"><span class='ocrx_word' id='word_1_439' title='bbox 1072 1553 1127 1559; x_wconf 90' lang='lat'><strong>—-</strong></span> <span class='ocrx_word' id='word_1_440' title='bbox 1138 1538 1262 1578; x_wconf 81' lang='lat' dir='ltr'><strong>ponat.</strong></span> <span class='ocrx_word' id='word_1_441' title='bbox 1278 1532 1365 1568; x_wconf 81' lang='lat' dir='ltr'><strong>Mss.</strong></span> <span class='ocrx_word' id='word_1_442' title='bbox 1382 1533 1445 1569; x_wconf 77' lang='lat' dir='ltr'><strong>Fe.</strong></span> <span class='ocrx_word' id='word_1_443' title='bbox 1457 1534 1489 1577; x_wconf 87' lang='lat'><strong>1,</strong></span> <span class='ocrx_word' id='word_1_444' title='bbox 1507 1543 1539 1568; x_wconf 88' lang='lat' dir='ltr'><strong>e.</strong></span> <span class='ocrx_word' id='word_1_445' title='bbox 1555 1534 1591 1578; x_wconf 88' lang='lat'><strong>2,</strong></span> <span class='ocrx_word' id='word_1_446' title='bbox 1604 1543 1636 1566; x_wconf 85' lang='lat' dir='ltr'><strong>a.</strong></span> <span class='ocrx_word' id='word_1_447' title='bbox 1653 1532 1690 1576; x_wconf 86' lang='lat' dir='ltr'><strong>(a</strong></span> <span class='ocrx_word' id='word_1_448' title='bbox 1707 1533 1739 1567; x_wconf 88' lang='lat'><strong>1.</strong></span> <span class='ocrx_word' id='word_1_449' title='bbox 1756 1531 1818 1576; x_wconf 88' lang='lat' dir='ltr'><strong>m.)</strong></span> 
     </span>
     <span class='ocr_line' id='line_1_68' title="bbox 1069 1589 1817 1636; baseline -0.001 -13"><span class='ocrx_word' id='word_1_450' title='bbox 1069 1589 1180 1636; x_wconf 82' lang='lat' dir='ltr'><strong>ponit.</strong></span> <span class='ocrx_word' id='word_1_451' title='bbox 1217 1589 1302 1626; x_wconf 86' lang='lat' dir='ltr'><strong>Mss.</strong></span> <span class='ocrx_word' id='word_1_452' title='bbox 1324 1590 1434 1634; x_wconf 92' lang='lat' dir='ltr'><strong>Cruq.</strong></span> <span class='ocrx_word' id='word_1_453' title='bbox 1457 1600 1548 1623; x_wconf 89' lang='lat' dir='ltr'><strong>omn.</strong></span> <span class='ocrx_word' id='word_1_454' title='bbox 1568 1590 1702 1624; x_wconf 83' lang='lat' dir='ltr'><strong>Bersm.</strong></span> <span class='ocrx_word' id='word_1_455' title='bbox 1729 1592 1817 1628; x_wconf 79' lang='lat' dir='ltr'><strong>tres,</strong></span> 
     </span>
     <span class='ocr_line' id='line_1_69' title="bbox 1070 1645 1819 1692; baseline -0.001 -11"><span class='ocrx_word' id='word_1_456' title='bbox 1070 1646 1194 1681; x_wconf 91' lang='lat' dir='ltr'><strong>Comb.</strong></span> <span class='ocrx_word' id='word_1_457' title='bbox 1222 1647 1263 1680; x_wconf 89' lang='lat' dir='ltr'><strong>B.</strong></span> <span class='ocrx_word' id='word_1_458' title='bbox 1293 1646 1381 1683; x_wconf 85' lang='lat' dir='ltr'><strong>Bad.</strong></span> <span class='ocrx_word' id='word_1_459' title='bbox 1403 1647 1435 1681; x_wconf 89' lang='lat'><strong>1.</strong></span> <span class='ocrx_word' id='word_1_460' title='bbox 1468 1645 1548 1680; x_wconf 80' lang='lat' dir='ltr'><strong>Val.</strong></span> <span class='ocrx_word' id='word_1_461' title='bbox 1570 1650 1663 1692; x_wconf 76' lang='lat' dir='ltr'><strong>sept.</strong></span> <span class='ocrx_word' id='word_1_462' title='bbox 1699 1645 1763 1680; x_wconf 73' lang='lat' dir='ltr'><strong>Fe.</strong></span> <span class='ocrx_word' id='word_1_463' title='bbox 1785 1645 1819 1689; x_wconf 87' lang='lat'><strong>1,</strong></span> 
     </span>
     <span class='ocr_line' id='line_1_70' title="bbox 1069 1701 1820 1749; baseline -0.003 -11"><span class='ocrx_word' id='word_1_464' title='bbox 1069 1705 1105 1739; x_wconf 93' lang='lat' dir='ltr'><strong>b.</strong></span> <span class='ocrx_word' id='word_1_465' title='bbox 1128 1702 1162 1741; x_wconf 80' lang='lat' dir='ltr'><strong>d.</strong></span> <span class='ocrx_word' id='word_1_466' title='bbox 1183 1703 1220 1740; x_wconf 89' lang='lat' dir='ltr'><strong>k.</strong></span> <span class='ocrx_word' id='word_1_467' title='bbox 1238 1715 1268 1738; x_wconf 78' lang='grc' dir='ltr'><strong>ε.</strong></span> <span class='ocrx_word' id='word_1_468' title='bbox 1290 1705 1324 1748; x_wconf 89' lang='grc'><strong>2,</strong></span> <span class='ocrx_word' id='word_1_469' title='bbox 1344 1714 1376 1740; x_wconf 84' lang='lat' dir='ltr'><strong>a.</strong></span> <span class='ocrx_word' id='word_1_470' title='bbox 1398 1703 1435 1749; x_wconf 87' lang='lat' dir='ltr'><strong>(a</strong></span> <span class='ocrx_word' id='word_1_471' title='bbox 1456 1705 1490 1739; x_wconf 86' lang='lat'><strong>2.</strong></span> <span class='ocrx_word' id='word_1_472' title='bbox 1510 1704 1572 1747; x_wconf 89' lang='lat' dir='ltr'><strong>m.)</strong></span> <span class='ocrx_word' id='word_1_473' title='bbox 1589 1702 1625 1737; x_wconf 88' lang='lat' dir='ltr'><strong>b.</strong></span> <span class='ocrx_word' id='word_1_474' title='bbox 1646 1703 1686 1747; x_wconf 87' lang='lat' dir='ltr'><strong>(a</strong></span> <span class='ocrx_word' id='word_1_475' title='bbox 1702 1704 1734 1738; x_wconf 89' lang='lat'><strong>1.</strong></span> <span class='ocrx_word' id='word_1_476' title='bbox 1753 1701 1820 1746; x_wconf 85' lang='lat' dir='ltr'><strong>m.)</strong></span> 
     </span>
     <span class='ocr_line' id='line_1_71' title="bbox 1071 1758 1819 1805; baseline -0.001 -11"><span class='ocrx_word' id='word_1_477' title='bbox 1071 1772 1101 1796; x_wconf 90' lang='lat' dir='ltr'><strong>c.</strong></span> <span class='ocrx_word' id='word_1_478' title='bbox 1123 1759 1147 1794; x_wconf 91' lang='lat' dir='ltr'><strong>i.</strong></span> <span class='ocrx_word' id='word_1_479' title='bbox 1167 1759 1202 1804; x_wconf 87' lang='lat'><strong>3,</strong></span> <span class='ocrx_word' id='word_1_480' title='bbox 1223 1771 1256 1795; x_wconf 90' lang='lat' dir='ltr'><strong>a.</strong></span> <span class='ocrx_word' id='word_1_481' title='bbox 1277 1760 1316 1805; x_wconf 92' lang='lat' dir='ltr'><strong>(a</strong></span> <span class='ocrx_word' id='word_1_482' title='bbox 1335 1761 1367 1796; x_wconf 85' lang='lat'><strong>2.</strong></span> <span class='ocrx_word' id='word_1_483' title='bbox 1387 1761 1445 1803; x_wconf 92' lang='lat' dir='ltr'><strong>m.)</strong></span> <span class='ocrx_word' id='word_1_484' title='bbox 1467 1759 1501 1794; x_wconf 90' lang='lat' dir='ltr'><strong>d.</strong></span> <span class='ocrx_word' id='word_1_485' title='bbox 1522 1758 1555 1804; x_wconf 89' lang='lat'><strong>5,</strong></span> <span class='ocrx_word' id='word_1_486' title='bbox 1576 1771 1609 1796; x_wconf 85' lang='lat' dir='ltr'><strong>a.</strong></span> <span class='ocrx_word' id='word_1_487' title='bbox 1629 1760 1662 1803; x_wconf 91' lang='lat'><strong>6,</strong></span> <span class='ocrx_word' id='word_1_488' title='bbox 1681 1769 1713 1794; x_wconf 84' lang='lat' dir='ltr'><strong>a.</strong></span> <span class='ocrx_word' id='word_1_489' title='bbox 1734 1770 1779 1802; x_wconf 91' lang='lat' dir='ltr'><strong>c.,</strong></span> <span class='ocrx_word' id='word_1_490' title='bbox 1797 1770 1819 1793; x_wconf 83' lang='lat' dir='ltr'><strong>e</strong></span> 
     </span>
     <span class='ocr_line' id='line_1_72' title="bbox 1071 1813 1817 1854; baseline 0.003 -4"><span class='ocrx_word' id='word_1_491' title='bbox 1071 1821 1183 1852; x_wconf 85' lang='lat' dir='ltr'><strong>nostr.</strong></span> <span class='ocrx_word' id='word_1_492' title='bbox 1215 1818 1285 1851; x_wconf 88' lang='lat' dir='ltr'><strong>Gu.</strong></span> <span class='ocrx_word' id='word_1_493' title='bbox 1313 1818 1344 1852; x_wconf 93' lang='lat'><strong>2.</strong></span> <span class='ocrx_word' id='word_1_494' title='bbox 1375 1813 1412 1854; x_wconf 86' lang='lat'><strong>4.</strong></span> <span class='ocrx_word' id='word_1_495' title='bbox 1445 1816 1564 1853; x_wconf 88' lang='lat' dir='ltr'><strong>Berol.</strong></span> <span class='ocrx_word' id='word_1_496' title='bbox 1596 1817 1626 1853; x_wconf 91' lang='lat'><strong>1.</strong></span> <span class='ocrx_word' id='word_1_497' title='bbox 1660 1816 1817 1852; x_wconf 80' lang='lat' dir='ltr'><strong>Dess.2.</strong></span> 
     </span>
     <span class='ocr_line' id='line_1_73' title="bbox 1073 1871 1820 1918; baseline -0.001 -11"><span class='ocrx_word' id='word_1_498' title='bbox 1073 1873 1171 1918; x_wconf 87' lang='lat' dir='ltr'><strong>Lips.</strong></span> <span class='ocrx_word' id='word_1_499' title='bbox 1190 1874 1220 1910; x_wconf 86' lang='lat'><strong>1.</strong></span> <span class='ocrx_word' id='word_1_500' title='bbox 1236 1872 1270 1908; x_wconf 89' lang='lat'><strong>3.</strong></span> <span class='ocrx_word' id='word_1_501' title='bbox 1291 1873 1403 1908; x_wconf 84' lang='lat' dir='ltr'><strong>Dorv.</strong></span> <span class='ocrx_word' id='word_1_502' title='bbox 1418 1875 1448 1909; x_wconf 93' lang='lat'><strong>1.</strong></span> <span class='ocrx_word' id='word_1_503' title='bbox 1467 1874 1499 1909; x_wconf 90' lang='lat'><strong>2.</strong></span> <span class='ocrx_word' id='word_1_504' title='bbox 1521 1872 1660 1909; x_wconf 79' lang='lat' dir='ltr'><strong>Motell.</strong></span> <span class='ocrx_word' id='word_1_505' title='bbox 1681 1876 1718 1907; x_wconf 81' lang='lat' dir='ltr'><strong>et</strong></span> <span class='ocrx_word' id='word_1_506' title='bbox 1737 1871 1820 1906; x_wconf 76' lang='lat' dir='ltr'><strong>cod.</strong></span> 
     </span>
     <span class='ocr_line' id='line_1_74' title="bbox 1071 1927 1817 1976; baseline 0 -12"><span class='ocrx_word' id='word_1_507' title='bbox 1071 1929 1219 1964; x_wconf 82' lang='lat' dir='ltr'><strong>Mentel.</strong></span> <span class='ocrx_word' id='word_1_508' title='bbox 1260 1929 1347 1963; x_wconf 91' lang='lat' dir='ltr'><strong>Inde</strong></span> <span class='ocrx_word' id='word_1_509' title='bbox 1375 1941 1466 1973; x_wconf 80' lang='lat' dir='ltr'><strong>quae</strong></span> <span class='ocrx_word' id='word_1_510' title='bbox 1482 1929 1583 1976; x_wconf 80' lang='lat' dir='ltr'><strong>ponit</strong></span> <span class='ocrx_word' id='word_1_511' title='bbox 1611 1929 1668 1964; x_wconf 89' lang='lat' dir='ltr'><strong>ed.</strong></span> <span class='ocrx_word' id='word_1_512' title='bbox 1698 1927 1817 1964; x_wconf 81' lang='lat' dir='ltr'><strong>Bentl.</strong></span> 
     </span>
     <span class='ocr_line' id='line_1_75' title="bbox 1071 1984 1816 2032; baseline 0 -14"><span class='ocrx_word' id='word_1_513' title='bbox 1071 1985 1131 2032; x_wconf 91' lang='lat' dir='ltr'><strong>qui</strong></span> <span class='ocrx_word' id='word_1_514' title='bbox 1151 1985 1222 2022; x_wconf 86' lang='lat' dir='ltr'><strong>def.</strong></span> <span class='ocrx_word' id='word_1_515' title='bbox 1244 1996 1416 2031; x_wconf 89' lang='lat' dir='ltr'><strong>quemque</strong></span> <span class='ocrx_word' id='word_1_516' title='bbox 1435 1998 1512 2032; x_wconf 82' lang='lat' dir='ltr'><strong>seq.</strong></span> <span class='ocrx_word' id='word_1_517' title='bbox 1533 1996 1692 2030; x_wconf 79' lang='lat' dir='ltr'><strong>anonym.</strong></span> <span class='ocrx_word' id='word_1_518' title='bbox 1713 1984 1816 2029; x_wconf 78' lang='lat' dir='ltr'><strong>Traj.</strong></span> 
     </span>
     <span class='ocr_line' id='line_1_76' title="bbox 1070 2041 1816 2083; baseline -0.004 -7"><span class='ocrx_word' id='word_1_519' title='bbox 1070 2043 1115 2076; x_wconf 84' lang='lat' dir='ltr'><strong>ad</strong></span> <span class='ocrx_word' id='word_1_520' title='bbox 1127 2042 1239 2076; x_wconf 89' lang='lat' dir='ltr'><strong>Rhen.</strong></span> <span class='ocrx_word' id='word_1_521' title='bbox 1252 2042 1332 2078; x_wconf 88' lang='grc'><strong>713.</strong></span> <span class='ocrx_word' id='word_1_522' title='bbox 1349 2043 1437 2083; x_wconf 84' lang='lat' dir='ltr'><strong>Cun.</strong></span> <span class='ocrx_word' id='word_1_523' title='bbox 1455 2043 1542 2078; x_wconf 83' lang='lat' dir='ltr'><strong>San.</strong></span> <span class='ocrx_word' id='word_1_524' title='bbox 1555 2042 1671 2078; x_wconf 71' lang='lat' dir='ltr'><strong>MerV.</strong></span> <span class='ocrx_word' id='word_1_525' title='bbox 1685 2041 1816 2076; x_wconf 81' lang='lat' dir='ltr'><strong>Franc.</strong></span> 
     </span>
     <span class='ocr_line' id='line_1_77' title="bbox 1070 2096 1814 2144; baseline -0.003 -11"><span class='ocrx_word' id='word_1_526' title='bbox 1070 2099 1205 2134; x_wconf 86' lang='lat' dir='ltr'><strong>Sandb.</strong></span> <span class='ocrx_word' id='word_1_527' title='bbox 1232 2098 1338 2133; x_wconf 88' lang='lat' dir='ltr'><strong>Bask.</strong></span> <span class='ocrx_word' id='word_1_528' title='bbox 1365 2098 1461 2133; x_wconf 84' lang='lat' dir='ltr'><strong>Sivr.</strong></span> <span class='ocrx_word' id='word_1_529' title='bbox 1491 2098 1637 2144; x_wconf 82' lang='lat' dir='ltr'><strong>Dorigh.</strong></span> <span class='ocrx_word' id='word_1_530' title='bbox 1666 2096 1814 2132; x_wconf 76' lang='lat' dir='ltr'><strong>Habet-f.</strong></span> 
     </span>
     <span class='ocr_line' id='line_1_78' title="bbox 1068 2153 1816 2200; baseline -0.003 -11"><span class='ocrx_word' id='word_1_531' title='bbox 1068 2155 1232 2191; x_wconf 88' lang='lat' dir='ltr'><strong>Praedic.</strong></span> <span class='ocrx_word' id='word_1_532' title='bbox 1264 2156 1387 2200; x_wconf 86' lang='lat' dir='ltr'><strong>Camp.</strong></span> <span class='ocrx_word' id='word_1_533' title='bbox 1413 2154 1530 2190; x_wconf 90' lang='lat' dir='ltr'><strong>Schm.</strong></span> <span class='ocrx_word' id='word_1_534' title='bbox 1566 2155 1643 2200; x_wconf 89' lang='lat' dir='ltr'><strong>(qui</strong></span> <span class='ocrx_word' id='word_1_535' title='bbox 1676 2153 1745 2190; x_wconf 75' lang='lat' dir='ltr'><strong>def.</strong></span> <span class='ocrx_word' id='word_1_536' title='bbox 1774 2159 1816 2187; x_wconf 83' lang='lat' dir='ltr'><strong>et</strong></span> 
     </span>
     <span class='ocr_line' id='line_1_79' title="bbox 1068 2209 1815 2257; baseline -0.003 -11"><span class='ocrx_word' id='word_1_537' title='bbox 1068 2211 1126 2246; x_wconf 87' lang='lat' dir='ltr'><strong>hic</strong></span> <span class='ocrx_word' id='word_1_538' title='bbox 1134 2217 1171 2246; x_wconf 88' lang='lat' dir='ltr'><strong>et</strong></span> <span class='ocrx_word' id='word_1_539' title='bbox 1179 2211 1214 2245; x_wconf 88' lang='lat' dir='ltr'><strong>in</strong></span> <span class='ocrx_word' id='word_1_540' title='bbox 1225 2211 1381 2247; x_wconf 90' lang='lat' dir='ltr'><strong>Addend.</strong></span> <span class='ocrx_word' id='word_1_541' title='bbox 1392 2223 1427 2257; x_wconf 90' lang='lat' dir='ltr'><strong>p.</strong></span> <span class='ocrx_word' id='word_1_542' title='bbox 1439 2211 1524 2256; x_wconf 91' lang='grc'><strong>305)</strong></span> <span class='ocrx_word' id='word_1_543' title='bbox 1531 2212 1629 2245; x_wconf 73' lang='lat' dir='ltr'><strong>Pass.</strong></span> <span class='ocrx_word' id='word_1_544' title='bbox 1639 2209 1815 2251; x_wconf 80' lang='lat' dir='ltr'><strong>Braunh.;</strong></span> 
     </span>
     <span class='ocr_line' id='line_1_80' title="bbox 1069 2264 1815 2313; baseline -0.004 -10"><span class='ocrx_word' id='word_1_545' title='bbox 1069 2268 1131 2303; x_wconf 89' lang='lat' dir='ltr'><strong>sed</strong></span> <span class='ocrx_word' id='word_1_546' title='bbox 1153 2273 1278 2303; x_wconf 85' lang='lat' dir='ltr'><strong>contra</strong></span> <span class='ocrx_word' id='word_1_547' title='bbox 1302 2267 1483 2313; x_wconf 82' lang='lat' dir='ltr'><strong>disputant</strong></span> <span class='ocrx_word' id='word_1_548' title='bbox 1507 2266 1705 2303; x_wconf 78' lang='lat' dir='ltr'><strong>Mitscherl.</strong></span> <span class='ocrx_word' id='word_1_549' title='bbox 1725 2264 1815 2312; x_wconf 82' lang='lat' dir='ltr'><strong>(Ra-</strong></span> 
     </span>
     <span class='ocr_line' id='line_1_81' title="bbox 1068 2323 1814 2373; baseline -0.004 -13"><span class='ocrx_word' id='word_1_550' title='bbox 1068 2337 1154 2360; x_wconf 91' lang='lat' dir='ltr'><strong>cem.</strong></span> <span class='ocrx_word' id='word_1_551' title='bbox 1178 2325 1306 2360; x_wconf 85' lang='lat' dir='ltr'><strong>Venus.</strong></span> <span class='ocrx_word' id='word_1_552' title='bbox 1327 2324 1392 2359; x_wconf 91' lang='lat' dir='ltr'><strong>IX.</strong></span> <span class='ocrx_word' id='word_1_553' title='bbox 1411 2337 1447 2370; x_wconf 91' lang='lat' dir='ltr'><strong>p.</strong></span> <span class='ocrx_word' id='word_1_554' title='bbox 1469 2324 1517 2365; x_wconf 88' lang='lat'><strong>6.)</strong></span> <span class='ocrx_word' id='word_1_555' title='bbox 1544 2323 1650 2373; x_wconf 18' lang='lat' dir='ltr'><strong>Bachh.</strong></span> <span class='ocrx_word' id='word_1_556' title='bbox 1670 2323 1711 2369; x_wconf 92' lang='lat' dir='ltr'><strong>(l.</strong></span> <span class='ocrx_word' id='word_1_557' title='bbox 1733 2323 1755 2359; x_wconf 91' lang='lat' dir='ltr'><strong>l.</strong></span> <span class='ocrx_word' id='word_1_558' title='bbox 1776 2334 1814 2368; x_wconf 85' lang='lat' dir='ltr'><strong>p.</strong></span> 
     </span>
     <span class='ocr_line' id='line_1_82' title="bbox 1069 2379 1815 2427; baseline -0.004 -10"><span class='ocrx_word' id='word_1_559' title='bbox 1069 2379 1174 2426; x_wconf 86' lang='lat'>1045)</span> <span class='ocrx_word' id='word_1_560' title='bbox 1198 2386 1234 2416; x_wconf 86' lang='lat' dir='ltr'><strong>et</strong></span> <span class='ocrx_word' id='word_1_561' title='bbox 1253 2381 1411 2416; x_wconf 80' lang='lat' dir='ltr'><strong>Diintzer</strong></span> <span class='ocrx_word' id='word_1_562' title='bbox 1429 2393 1464 2427; x_wconf 88' lang='lat' dir='ltr'><strong>p.</strong></span> <span class='ocrx_word' id='word_1_563' title='bbox 1484 2379 1564 2416; x_wconf 87' lang='lat'><strong>516.</strong></span> <span class='ocrx_word' id='word_1_564' title='bbox 1596 2391 1686 2426; x_wconf 79' lang='lat' dir='ltr'><strong>quae</strong></span> <span class='ocrx_word' id='word_1_565' title='bbox 1706 2390 1815 2427; x_wconf 83' lang='lat' dir='ltr'><strong>appo-</strong></span> 
     </span>
     <span class='ocr_line' id='line_1_83' title="bbox 1067 2436 1816 2484; baseline -0.004 -11"><span class='ocrx_word' id='word_1_566' title='bbox 1067 2439 1129 2473; x_wconf 81' lang='lat' dir='ltr'><strong>nit.</strong></span> <span class='ocrx_word' id='word_1_567' title='bbox 1161 2437 1263 2484; x_wconf 90' lang='lat' dir='ltr'><strong>Conj.</strong></span> <span class='ocrx_word' id='word_1_568' title='bbox 1283 2437 1434 2483; x_wconf 86' lang='lat' dir='ltr'><strong>Cuning.</strong></span> <span class='ocrx_word' id='word_1_569' title='bbox 1454 2436 1512 2482; x_wconf 77' lang='lat' dir='ltr'><strong>qui</strong></span> <span class='ocrx_word' id='word_1_570' title='bbox 1526 2437 1637 2483; x_wconf 76' lang='lat' dir='ltr'><strong>ponit.</strong></span> <span class='ocrx_word' id='word_1_571' title='bbox 1660 2436 1722 2471; x_wconf 84' lang='lat' dir='ltr'><strong>Sic</strong></span> <span class='ocrx_word' id='word_1_572' title='bbox 1741 2436 1816 2471; x_wconf 85' lang='lat' dir='ltr'><strong>lau-</strong></span> 
     </span>
     <span class='ocr_line' id='line_1_84' title="bbox 1068 2492 1814 2542; baseline -0.003 -12"><span class='ocrx_word' id='word_1_573' title='bbox 1068 2496 1130 2530; x_wconf 79' lang='lat' dir='ltr'><strong>dat</strong></span> <span class='ocrx_word' id='word_1_574' title='bbox 1149 2495 1195 2530; x_wconf 89' lang='lat' dir='ltr'><strong>N.</strong></span> <span class='ocrx_word' id='word_1_575' title='bbox 1218 2495 1343 2530; x_wconf 87' lang='lat' dir='ltr'><strong>Heins.</strong></span> <span class='ocrx_word' id='word_1_576' title='bbox 1364 2494 1408 2528; x_wconf 88' lang='lat' dir='ltr'><strong>ad</strong></span> <span class='ocrx_word' id='word_1_577' title='bbox 1428 2493 1536 2529; x_wconf 88' lang='lat' dir='ltr'><strong>ovid.</strong></span> <span class='ocrx_word' id='word_1_578' title='bbox 1557 2493 1598 2528; x_wconf 87' lang='lat' dir='ltr'><strong>A.</strong></span> <span class='ocrx_word' id='word_1_579' title='bbox 1620 2493 1662 2528; x_wconf 83' lang='lat' dir='ltr'><strong>A.</strong></span> <span class='ocrx_word' id='word_1_580' title='bbox 1681 2495 1713 2542; x_wconf 83' lang='lat'><strong>1,</strong></span> <span class='ocrx_word' id='word_1_581' title='bbox 1733 2492 1814 2532; x_wconf 82' lang='lat'><strong>231.</strong></span> 
     </span>
     <span class='ocr_line' id='line_1_85' title="bbox 1068 2547 1814 2599; baseline -0.004 -12"><span class='ocrx_word' id='word_1_582' title='bbox 1068 2553 1237 2587; x_wconf 84' lang='lat' dir='ltr'><strong>Errorem</strong></span> <span class='ocrx_word' id='word_1_583' title='bbox 1271 2555 1374 2599; x_wconf 81' lang='lat' dir='ltr'><strong>putat</strong></span> <span class='ocrx_word' id='word_1_584' title='bbox 1402 2551 1479 2586; x_wconf 81' lang='lat' dir='ltr'><strong>Fea</strong></span> <span class='ocrx_word' id='word_1_585' title='bbox 1509 2562 1553 2585; x_wconf 87' lang='lat' dir='ltr'><strong>ex</strong></span> <span class='ocrx_word' id='word_1_586' title='bbox 1583 2550 1674 2585; x_wconf 85' lang='lat' dir='ltr'><strong>falsa</strong></span> <span class='ocrx_word' id='word_1_587' title='bbox 1701 2547 1814 2595; x_wconf 76' lang='lat' dir='ltr'><strong>serip-</strong></span> 
     </span>
     <span class='ocr_line' id='line_1_86' title="bbox 1067 2603 1813 2655; baseline -0.005 -11"><span class='ocrx_word' id='word_1_588' title='bbox 1067 2614 1148 2644; x_wconf 75' lang='lat' dir='ltr'><strong>tura</strong></span> <span class='ocrx_word' id='word_1_589' title='bbox 1182 2615 1294 2655; x_wconf 79' lang='lat' dir='ltr'><strong>ponat</strong></span> <span class='ocrx_word' id='word_1_590' title='bbox 1326 2612 1464 2652; x_wconf 88' lang='lat' dir='ltr'><strong>ortum,</strong></span> <span class='ocrx_word' id='word_1_591' title='bbox 1500 2619 1602 2654; x_wconf 85' lang='lat' dir='ltr'><strong>quam</strong></span> <span class='ocrx_word' id='word_1_592' title='bbox 1633 2607 1672 2642; x_wconf 89' lang='lat' dir='ltr'><strong>in</strong></span> <span class='ocrx_word' id='word_1_593' title='bbox 1702 2603 1813 2652; x_wconf 68' lang='lat' dir='ltr'><strong>pom&#39;t,</strong></span> 
     </span>
     <span class='ocr_line' id='line_1_87' title="bbox 1067 2663 1811 2706; baseline -0.007 -5"><span class='ocrx_word' id='word_1_594' title='bbox 1067 2678 1135 2701; x_wconf 91' lang='lat' dir='ltr'><strong>non</strong></span> <span class='ocrx_word' id='word_1_595' title='bbox 1174 2666 1210 2700; x_wconf 90' lang='lat' dir='ltr'><strong>in</strong></span> <span class='ocrx_word' id='word_1_596' title='bbox 1248 2667 1359 2701; x_wconf 83' lang='lat' dir='ltr'><strong>donat</strong></span> <span class='ocrx_word' id='word_1_597' title='bbox 1405 2663 1649 2706; x_wconf 74' lang='lat' dir='ltr'><strong>correxerint3</strong></span> <span class='ocrx_word' id='word_1_598' title='bbox 1699 2665 1811 2704; x_wconf 66' lang='lat' dir='ltr'><strong>recte,</strong></span> 
     </span>
     <span class='ocr_line' id='line_1_88' title="bbox 1067 2716 1812 2758; baseline -0.009 0"><span class='ocrx_word' id='word_1_599' title='bbox 1067 2723 1198 2758; x_wconf 85' lang='lat' dir='ltr'><strong>etenim</strong></span> <span class='ocrx_word' id='word_1_600' title='bbox 1224 2726 1477 2757; x_wconf 82' lang='lat' dir='ltr'><strong>commutantur</strong></span> <span class='ocrx_word' id='word_1_601' title='bbox 1500 2721 1593 2756; x_wconf 86' lang='lat' dir='ltr'><strong>haud</strong></span> <span class='ocrx_word' id='word_1_602' title='bbox 1621 2729 1702 2754; x_wconf 82' lang='lat' dir='ltr'><strong>raro</strong></span> <span class='ocrx_word' id='word_1_603' title='bbox 1729 2716 1812 2752; x_wconf 79' lang='lat' dir='ltr'><strong>lite-</strong></span> 
     </span>
     <span class='ocr_line' id='line_1_89' title="bbox 1069 2770 1810 2826; baseline -0.012 -12"><span class='ocrx_word' id='word_1_604' title='bbox 1069 2792 1131 2814; x_wconf 86' lang='lat' dir='ltr'><strong>rae</strong></span> <span class='ocrx_word' id='word_1_605' title='bbox 1155 2792 1192 2826; x_wconf 86' lang='lat' dir='ltr'><strong>p.</strong></span> <span class='ocrx_word' id='word_1_606' title='bbox 1225 2785 1262 2813; x_wconf 80' lang='lat' dir='ltr'><strong>et</strong></span> <span class='ocrx_word' id='word_1_607' title='bbox 1290 2781 1325 2815; x_wconf 81' lang='lat' dir='ltr'><strong>d.</strong></span> <span class='ocrx_word' id='word_1_608' title='bbox 1355 2779 1428 2813; x_wconf 83' lang='lat' dir='ltr'><strong>vid.</strong></span> <span class='ocrx_word' id='word_1_609' title='bbox 1454 2777 1568 2812; x_wconf 79' lang='lat' dir='ltr'><strong>Bentl.</strong></span> <span class='ocrx_word' id='word_1_610' title='bbox 1601 2776 1646 2810; x_wconf 86' lang='lat' dir='ltr'><strong>ad</strong></span> <span class='ocrx_word' id='word_1_611' title='bbox 1675 2773 1743 2808; x_wconf 79' lang='lat' dir='ltr'><strong>Od.</strong></span> <span class='ocrx_word' id='word_1_612' title='bbox 1773 2770 1810 2816; x_wconf 88' lang='grc'><strong>3,</strong></span> 
     </span>
     <span class='ocr_line' id='line_1_90' title="bbox 1071 2829 1809 2884; baseline -0.015 -12"><span class='ocrx_word' id='word_1_613' title='bbox 1071 2839 1113 2872; x_wconf 89' lang='grc'><strong>10</strong></span> <span class='ocrx_word' id='word_1_614' title='bbox 1137 2857 1192 2863; x_wconf 89' lang='grc'><strong>-</strong></span> <span class='ocrx_word' id='word_1_615' title='bbox 1214 2838 1247 2872; x_wconf 93' lang='grc'><strong>8.</strong></span> <span class='ocrx_word' id='word_1_616' title='bbox 1268 2833 1481 2884; x_wconf 85' lang='lat' dir='ltr'><strong>(quanquam</strong></span> <span class='ocrx_word' id='word_1_617' title='bbox 1499 2833 1550 2868; x_wconf 88' lang='lat' dir='ltr'><strong>ibi</strong></span> <span class='ocrx_word' id='word_1_618' title='bbox 1570 2829 1656 2866; x_wconf 88' lang='lat' dir='ltr'><strong>nihil</strong></span> <span class='ocrx_word' id='word_1_619' title='bbox 1675 2833 1809 2863; x_wconf 82' lang='lat' dir='ltr'><strong>mutan-</strong></span> 
     </span>
     <span class='ocr_line' id='line_1_91' title="bbox 1068 2883 1807 2937; baseline 0 -10"><span class='ocrx_word' id='word_1_620' title='bbox 1068 2894 1147 2927; x_wconf 91' lang='lat' dir='ltr'><strong>dum</strong></span> <span class='ocrx_word' id='word_1_621' title='bbox 1168 2893 1243 2937; x_wconf 85' lang='lat' dir='ltr'><strong>est)</strong></span> <span class='ocrx_word' id='word_1_622' title='bbox 1267 2892 1442 2928; x_wconf 83' lang='lat' dir='ltr'><strong>Drakenb.</strong></span> <span class='ocrx_word' id='word_1_623' title='bbox 1464 2890 1508 2924; x_wconf 81' lang='lat' dir='ltr'><strong>ad</strong></span> <span class='ocrx_word' id='word_1_624' title='bbox 1526 2887 1604 2923; x_wconf 84' lang='lat' dir='ltr'><strong>Liv.</strong></span> <span class='ocrx_word' id='word_1_625' title='bbox 1625 2883 1692 2927; x_wconf 86' lang='lat'><strong>43,</strong></span> <span class='ocrx_word' id='word_1_626' title='bbox 1711 2885 1751 2927; x_wconf 90' lang='lat'><strong>6,</strong></span> <span class='ocrx_word' id='word_1_627' title='bbox 1772 2884 1807 2918; x_wconf 87' lang='lat'><strong>9·</strong></span> 
     </span>
     <span class='ocr_line' id='line_1_92' title="bbox 1067 2941 1806 2985; baseline -0.015 -1"><span class='ocrx_word' id='word_1_628' title='bbox 1067 2950 1173 2984; x_wconf 85' lang='lat' dir='ltr'><strong>Bach.</strong></span> <span class='ocrx_word' id='word_1_629' title='bbox 1208 2950 1254 2984; x_wconf 87' lang='lat' dir='ltr'><strong>ad</strong></span> <span class='ocrx_word' id='word_1_630' title='bbox 1285 2947 1391 2983; x_wconf 82' lang='lat' dir='ltr'><strong>Ovid.</strong></span> <span class='ocrx_word' id='word_1_631' title='bbox 1421 2946 1509 2981; x_wconf 81' lang='lat' dir='ltr'><strong>Met.</strong></span> <span class='ocrx_word' id='word_1_632' title='bbox 1541 2941 1603 2985; x_wconf 88' lang='lat'><strong>15,</strong></span> <span class='ocrx_word' id='word_1_633' title='bbox 1633 2941 1714 2976; x_wconf 90' lang='grc'><strong>397.</strong></span> <span class='ocrx_word' id='word_1_634' title='bbox 1751 2958 1806 2966; x_wconf 94' lang='grc'>-</span> 
     </span>
    </p>
   </div>
  </div>
 </body>
</html>
