1910 3138
307 231 391 273 360
450 230 726 272 COMMENT.
746 232 803 271 IN
822 232 945 271 HOR.
978 232 1080 276 LlB.
1099 234 1128 273 1.
1170 234 1336 274 EPIST.
1356 237 1501 289 βΕΡΤ.
1522 226 1697 279 D‘Ecm.
1785 239 1834 280 12

310 359 420 398 quam
448 347 571 384 verius
598 346 646 383 de
671 346 770 383 omni
794 359 836 383 re
862 345 949 384 olim
975 347 1180 397 disputavit
1211 348 1464 388 Weiehertua
1485 351 1665 401 (Prolus.
1686 351 1735 389 de
1759 351 1836 402 Qu.

309 416 452 454 Horat.
482 413 546 452 1¹7.
574 414 703 464 Epist.
730 428 770 465 p.
793 412 897 463 22.)‚
922 427 1038 464 quum
1064 414 1263 455 Horatium
1289 417 1329 454 id
1356 422 1551 469 spectasse
1569 420 1752 470 fingeret,
1781 424 1836 462 ut,

309 495 405 534 quae
441 496 525 520 cum
554 481 727 532 Augusto
761 486 801 520 et
828 482 1047 520 Maecenate
1075 483 1148 534 ipsi
1177 484 1430 525 intercederet
1456 487 1718 537 necessitudo,
1756 487 1838 538 pla-

307 563 393 589 num
431 550 574 588 faceret
606 563 651 587 ac
685 549 734 587 de
770 550 943 600 speciosa
978 550 1087 588 istius
1123 551 1219 589 vitae
1255 564 1300 589 ac
1330 553 1618 592 necessitudinis
1658 555 1838 594 felicitate

306 618 397 668 quid
428 618 512 668 ipse
540 619 720 667 sentiret,
748 603 965 668 simpliciter
990 618 1182 657 edoceret.
1239 617 1299 656 Ab
1320 619 1390 657 hac
1419 622 1608 660 sententia
1639 634 1714 660 non
1741 623 1838 660 mul-

306 691 383 723 tum
420 685 597 724 abhorret
638 685 899 724 Wielandius
933 685 985 723 N.
1011 686 1052 726 3.
1079 686 1165 725 coll.
1208 687 1297 727 Car.
1330 689 1496 728 Passus».
1539 688 1589 728 N.
1618 689 1712 732 256.
1741 691 1837 732 282.

305 753 534 803 Eleganter,
574 758 617 792 ut
644 754 766 805 solet,
809 755 858 792 de
894 754 1083 792 sententia
1119 754 1228 805 hujus
1267 769 1419 807 quoque
1457 757 1653 808 Epistolae
1684 758 1839 796 disserit

304 821 374 860 14.
402 820 660 874 Iac-obsim&
708 823 754 862 V.
786 837 823 874 p.
853 822 907 862 75
939 835 1018 872 sq.‚
1055 834 1268 873 quanquam
1297 837 1342 861 ea
1378 829 1604 876 praecepta,
1633 838 1730 875 quae
1757 838 1838 864 rna-

304 891 365 941 gis
393 890 655 929 delectationis
675 903 790 928 causa
818 891 959 942 scripta
982 894 1091 940 sunt,
1125 903 1256 930 severe
1284 893 1334 930 ad
1362 905 1533 931 normam
1561 893 1750 944 quandam
1774 906 1838 931 re-

304 959 454 996 tulisset
490 958 639 996 nollem.
707 959 852 997 Contra
890 957 1157 1009 Grotesendue
1193 957 1407 1010 (‚‚Allgem·
1447 960 1682 1013 Encyclop.“
1721 962 1768 1003 X.
1795 975 1835 1013 p.

304 1025 406 1077 475)
440 1027 479 1064 in
515 1026 584 1065 hac
621 1030 660 1065 et
693 1031 876 1078 sequente
916 1026 1088 1078 Epistola
1121 1025 1307 1080 Aristippi
1345 1033 1552 1080 praecepta
1583 1016 1765 1081 majorem
1799 1031 1838 1067 in

304 1094 457 1132 modum
483 1094 586 1132 videt
614 1096 893 1134 commendata.
952 1095 993 1132 In
1019 1096 1180 1133 eandem
1207 1095 1288 1134 fere
1319 1097 1545 1135 sententiam
1569 1096 1838 1135 Walckenaae-

303 1164 390 1200 rius
418 1162 512 1200 haec
544 1162 722 1201 observat
750 1163 814 1214 (ΙΙ.
845 1178 885 1215 p.
915 1162 1046 1216 185.):
1083 1163 1170 1213 „Le
1197 1163 1266 1201 but
1291 1165 1341 1202 du
1369 1166 1484 1216 poete
1521 1164 1622 1203 n’est
1644 1178 1714 1216 pas
1738 1165 1836 1203 d'in-

304 1232 442 1270 struire
471 1231 636 1280 Scaeva,
673 1232 712 1268 ni
753 1231 801 1270 de
837 1232 888 1269 lui
921 1236 1046 1270 tracer
1084 1233 1152 1270 des
1192 1232 1317 1282 regles
1356 1233 1405 1271 de
1434 1233 1633 1277 conduite;
1664 1233 1759 1270 mais
1787 1233 1838 1270 de

303 1304 439 1339 mettre
467 1312 514 1337 en
538 1299 757 1350 opposition
784 1300 821 1337 la
855 1299 1092 1350 philosophie
1125 1300 1172 1336 de
1196 1298 1370 1350 Diogene
1403 1305 1442 1339 et
1469 1300 1562 1338 celle
1590 1299 1836 1351 d'Aristippe9

305 1382 354 1405 ou
372 1367 409 1405 la
429 1371 535 1406 secte
557 1367 605 1406 de
631 1367 809 1418 cyniques
829 1372 869 1406 et
893 1367 987 1405 celle
1011 1368 1060 1406 de
1079 1369 1345 1418 cyre'na'iques,
1362 1368 1439 1406 afiu
1458 1369 1506 1407 de
1525 1369 1672 1406 donner
1691 1367 1836 1406 l'avan-

302 1440 392 1486 tage
420 1436 441 1474 ὲ
468 1438 569 1473 cette
593 1435 779 1477 derniere.
835 1436 868 1474 Il
893 1439 982 1474 veut
1007 1440 1176 1474 montrer
1198 1434 1291 1486 qu'il
1320 1439 1379 1474 est
1405 1436 1612 1474 honorable
1639 1436 1688 1475 de
1717 1436 1835 1488 plaire

304 1517 377 1542 aux
398 1504 562 1553 grands,
591 1503 685 1541 mais
711 1502 804 1553 qu'il
827 1503 908 1541 faut
936 1518 978 1543 se
1006 1505 1146 1554 garder
1161 1505 1210 1542 de
1235 1503 1418 1542 solliciter
1436 1503 1537 1543 leurs
1565 1504 1715 1543 faveurs
1743 1517 1835 1543 avec

302 1572 550 1622 importunite'
563 1574 602 1610 et
620 1571 813 1618 bassesse3
843 1577 882 1610 et
909 1572 935 1610 il
962 1573 1084 1624 prend
1111 1571 1287 1610 occasion
1307 1572 1355 1609 de
1381 1570 1488 1610 louer
1502 1571 1694 1622 Auguste,
1724 1575 1764 1610 et
1786 1573 1835 1611 de

303 1652 345 1678 se
374 1639 470 1678 faire
497 1653 547 1677 un
577 1640 710 1678 merite
748 1639 895 1678 d'avoir
933 1654 979 1679 su
1014 1641 1065 1679 lui
1093 1639 1255 1693 plaire.“
1326 1638 1378 1677 At
1413 1640 1453 1677 in
1489 1639 1562 1678 illis
1602 1639 1660 1677 vir
1697 1639 1834 1678 doctus

304 1708 473 1759 exempla
510 1721 580 1758 pro
611 1721 653 1746 re
696 1708 779 1759 ipsa
807 1707 934 1747 habet.
997 1709 1124 1748 Facile
1152 1713 1276 1746 autem
1307 1708 1476 1758 judicatu
1505 1712 1587 1758 est,
1620 1716 1690 1747 cur'
1713 1708 1836 1746 Hora-

303 1778 377 1814 tius
402 1777 634 1827 Aristippum
657 1779 808 1827 praeter
832 1780 979 1815 ceteros
1007 1778 1046 1814 in
1075 1776 1221 1814 deliciis
1238 1775 1422 1815 habuerit.
1465 1777 1560 1815 Rem
1585 1777 1710 1827 tetigit
1732 1775 1835 1814 W-

304 1843 420 1881 herus
443 1858 482 1894 p.
512 1844 568 1884 30
594 1857 668 1893 sq.5
697 1858 855 1894 quocum
887 1846 983 1883 conf.
1017 1843 1249 1890 Wieland„
1277 1845 1341 1896 qui
1364 1845 1412 1882 de
1433 1844 1618 1896 Aristippi
1639 1849 1774 1884 natura
1790 1858 1835 1884 ac

303 1912 467 1950 moribus
494 1912 544 1950 N.
574 1910 611 1951 4.
642 1916 745 1948 recte
775 1911 942 1950 disserit.

420 1981 615 2018 Scaevam
641 1979 878 2018 Scholiastae
907 1980 1071 2030 equitem
1096 1981 1303 2018 Romanum
1342 1979 1461 2016 fuisse
1499 1979 1642 2018 dicunt.
1699 1980 1835 2030 Neque

303 2055 427 2088 tamen
454 2049 557 2097 scio,
587 2060 661 2097 quo
691 2047 878 2097 opinionis
905 2060 1037 2085 errore
1067 2061 1151 2085 eum
1169 2046 1268 2085 Acro
1289 2046 1466 2085 Lollium
1489 2047 1682 2084 Scaevam
1694 2075 1710 2092 ,
1738 2046 1834 2084 Por-

302 2117 436 2169 phyrio
471 2116 666 2153 Scaevam
695 2114 874 2151 Lollium
902 2115 1078 2165 appellet,
1118 2116 1259 2153 Scaeva
1279 2115 1376 2152 enim
1397 2118 1685 2164 cognomentum
1703 2114 1834 2151 Junio-

303 2200 408 2235 rum,
452 2185 692 2231 Cassiorum,
736 2181 930 2220 Didiorum
959 2182 1042 2219 suit.
1115 2182 1156 2220 In
1190 2186 1296 2220 tanta
1331 2183 1446 2232 igitur
1481 2183 1535 2220 rei
1566 2182 1832 2220 incertitudine

302 2255 370 2292 viri
398 2253 541 2304 aliquot
569 2251 670 2290 docti
704 2250 919 2300 conjectura
948 2249 1199 2299 collegerunt,
1237 2251 1420 2288 Scaevam
1448 2250 1547 2288 hunc
1573 2250 1686 2287 filium
1714 2250 1833 2287 Scae-

414 2377 452 2422 *)
472 2378 610 2412 Mecum
637 2379 747 2413 sentit
771 2377 930 2412 Dilntzer
955 2388 992 2421 p.
1017 2372 1096 2411 465.
1121 2375 1180 2422 qui
1208 2377 1359 2411 Jacobsii
1385 2377 1524 2411 verbis:
1557 2377 1640 2420 „Es
1666 2377 1746 2411 sind
1774 2377 1832 2411 die

302 2435 444 2470 Lehren
465 2436 561 2469 eines
580 2435 887 2470 rechtschaffenen
905 2434 1054 2475 Vaters,
1076 2434 1141 2467 der
1167 2433 1269 2467 einen
1291 2434 1454 2468 wackern
1475 2434 1574 2468 Sohn
1591 2434 1628 2468 in
1652 2434 1712 2468 die
1733 2433 1834 2468 Welt

303 2492 462 2535 schickt‚
484 2492 554 2526 und
574 2492 644 2526 voll
672 2493 735 2526 des
757 2491 972 2533 Wunsches,
996 2489 1055 2523 ihn
1083 2491 1212 2536 geehrt
1235 2490 1304 2524 und
1334 2491 1369 2524 in
1398 2490 1610 2525 Wohlstand
1634 2490 1771 2525 wieder
1789 2501 1832 2524 zu
1903 2518 1910 2547 ⁵.

304 2550 484 2594 erhalten,
513 2549 632 2594 einige
657 2549 794 2594 Regeln
821 2549 885 2583 der
906 2546 1077 2592 Klugheit
1096 2547 1280 2592 mitgiebt,
1311 2547 1369 2581 die
1397 2559 1436 2581 er
1457 2548 1570 2582 selbst
1596 2547 1748 2582 von-mals
1773 2545 1838 2582 auf

1902 2461 1910 2511 ἐ

303 2606 485 2640 iihulichen
506 2606 645 2651 Wegen
660 2606 860 2640 brauchbar
882 2604 1056 2650 gesunden
1072 2605 1159 2638 hat“
1182 2625 1239 2631 —-
1263 2603 1350 2639 haec
1374 2604 1490 2639 addit:
1519 2605 1676 2649 „Solche
1690 2603 1832 2639 Lehren
1906 2613 1910 2626 ·.

302 2664 441 2697 konnen
463 2661 529 2696 wir
549 2663 626 2697 liier
642 2663 739 2697 nicht
754 2663 894 2704 finden3
916 2661 1085 2695 vielmehr
1099 2661 1237 2695 scheint
1252 2672 1315 2694 uns
1332 2662 1396 2695 der
1416 2661 1563 2696 Schluss
1582 2661 1658 2696 rein
1678 2660 1832 2696 humori-
1905 2684 1910 2708 4

304 2720 453 2754 stisch.“
477 2719 609 2754 Nescio
630 2724 766 2764 autem,
789 2720 881 2754 unde
908 2718 1065 2753 hauserit
1079 2718 1184 2753 haec:
1215 2719 1326 2763 „Dem
1341 2719 1477 2763 jungen
1497 2719 1656 2762 Scaeva,
1679 2717 1745 2751 der
1757 2715 1832 2750 bis-
1904 2758 1910 2763 Ἰ

305 2776 366 2808 her
381 2787 446 2810 nur
461 2776 581 2810 seinen
602 2778 754 2811 Studien
774 2776 971 2822 obgelegen
994 2775 1064 2809 und
1089 2775 1161 2810 sich
1186 2775 1249 2810 der
1269 2775 1531 2810 Wissenschaft
1549 2775 1619 2809 und
1635 2773 1750 2807 Kunst
1768 2783 1830 2816 ge·
1903 2765 1910 2806 ,ἶ

304 2830 447 2866 widmet
467 2832 564 2868 hatte
574 2859 583 2877 ‚
603 2834 742 2868 mochte
758 2834 825 2885 der·
839 2834 1052 2877 Uebergang
1068 2843 1110 2866 zu
1127 2831 1244 2867 dieser
1258 2843 1372 2866 neuen
1383 2832 1482 2866 Bahn
1495 2831 1593 2866 nicht
1605 2828 1829 2863 wiinschens-

304 2889 415 2920 werth
434 2890 660 2934 erscheinen,
683 2890 850 2924 woriiber
864 2902 904 2924 er
919 2888 1103 2924 vielleicht
1117 2889 1194 2924 dem
1217 2889 1386 2932 Dichter,
1409 2888 1534 2922 dassen
1551 2885 1662 2920 Liebe
1685 2885 1745 2918 fiir
1770 2884 1827 2919 die

305 2942 464 2978 Freiheit
484 2945 553 2980 ihm
565 2946 663 2981 nicht
677 2947 881 2982 unbekannt
893 2947 968 2981 sein
985 2947 1136 2992 konnte,
1153 2945 1250 2981 seine
1265 2946 1403 2991 Klagen
1417 2944 1602 2989 geinssert
1615 2942 1740 2975 hatte“
1757 2947 1827 2979 etr.
