1910 3138
248 193 330 237 140
367 194 747 235 COMMENTARII
766 193 824 233 IN
842 193 1066 234 HORATII
1083 193 1185 234 Lm.
1200 195 1232 235 Ι.
1254 193 1420 236 EPIST.
1435 193 1673 237 DUODEOE
1710 195 1792 240 140

246 322 418 374 fragatur
445 319 653 360 Schirach.
677 317 807 370 (Clav.
830 332 871 372 p.
891 318 1003 373 68.):
1033 320 1201 371 „dense,
1229 335 1308 360 non
1325 322 1431 362 tenui
1449 323 1565 363 modo
1582 321 1792 374 bracteola3

245 392 317 429 sed
343 390 467 429 solido
494 388 629 429 auro.“
670 386 775 432 Quis'
794 392 878 439 est,
915 390 979 440 qui
1009 402 1089 428 non
1116 389 1257 428 sentiat
1284 403 1468 443 perquam
1492 390 1703 442 jocularem
1727 403 1795 430 re»

243 463 360 510 pente
387 459 478 496 facti
506 456 837 507 descriptionem?
858 479 906 485 —
931 457 1112 510 liquidus
1130 459 1333 497 Irbrtunae
1357 461 1471 498 rivus
1495 460 1672 506 inauret,
1698 472 1792 512 pro—-

244 526 361 566 verbii
389 526 552 576 imagine
589 525 791 577 desumpta
828 537 852 564 a
878 526 960 564 rivo
997 539 1091 564 auro
1128 527 1231 565 fusili
1265 529 1419 567 fluente.
1463 527 1527 566 Sic
1554 529 1671 566 rivae
1694 540 1793 566 ear»-

238 596 398 648 guinis,
427 595 476 632 de
501 605 578 644 qua
604 593 770 631 dictione
799 594 900 633 conf.
926 594 1106 633 Oudend.
1135 595 1187 633 ad
1209 595 1285 634 Jul.
1312 596 1460 648 Obseq.
1486 598 1584 647 112,
1614 599 1656 639 6.
1684 597 1794 636 Con*

242 670 303 704 tra
326 662 532 713 Cruquium
553 660 723 712 aliosque
747 661 812 713 qui
835 662 1000 702 fabulam
1021 662 1070 701 de
1088 663 1197 703 Mida
1224 666 1264 702 et
1289 663 1447 702 Pactolo
1473 664 1648 703 inaurato
1671 666 1793 716 signi-

242 732 345 772 ficari
374 731 626 781 arbitrantur,
664 733 769 769 recte
796 730 994 782 disputant
1026 728 1251 784 Orellia3*)
1277 733 1328 771 ad
1352 731 1391 771 h.
1414 731 1442 771 l.
1467 736 1508 771 et
1535 733 1726 786 Meyerus
1750 734 1792 773 in

239 801 345 839 Diss.
375 801 423 838 de
451 799 580 850 Epith.
617 812 701 838 orn.
732 800 767 837 vi
798 802 872 837 etc.
907 813 948 851 p.
976 801 1042 840 17.
1084 800 1160 838 Hic
1193 801 1296 839 idem
1329 799 1531 852 observat,
1563 802 1791 841 vocabulum

240 867 442 920 liquidus,
475 867 653 907 liberiore
682 868 968 906 constructione
994 871 1157 906 tractum
1190 869 1243 906 ad
1271 869 1415 918 rivum,
1446 870 1603 921 proprie
1629 871 1678 909 ad
1702 883 1788 910 voc.

238 951 388 974 aarum
414 938 623 988 pertinere,
651 941 694 975 ut
721 949 799 975 non
825 937 1048 975 vertendum
1076 938 1127 975 sit
1149 950 1234 976 cum
1255 937 1418 976 Vossio:
1446 934 1682 987 „Fortuna’s
1709 938 1791 976 lau-

239 1011 340 1045 terer
365 1005 608 1044 Goldbach.“
645 1006 703 1043 Ita
725 1005 766 1045 J.
791 1004 967 1043 Merkel:
997 1005 1156 1055 „Wenn
1178 1004 1385 1044 Fortuna's
1411 1003 1516 1043 Gold
1541 1004 1639 1043 auch
1664 1005 1791 1057 plot!—

240 1075 314 1113 lich
340 1074 382 1112 in
410 1075 590 1112 Str6men
619 1073 678 1111 dir
706 1073 869 1112 fliissef‘
910 1073 1100 1123 Equidem
1137 1074 1176 1112 in
1211 1073 1391 1125 Epitheto
1419 1072 1492 1111 rivi
1519 1072 1792 1125 limpitudinem

239 1143 350 1180 video
377 1143 542 1181 notionis
570 1141 606 1179 vi
635 1142 889 1192 descriptam,
928 1146 971 1179 ut
1011 1138 1084 1190 14,
1120 1140 1192 1182 34.
1233 1140 1382 1193 liquidi
1417 1140 1587 1178 Falerni
1613 1147 1787 1192 potem.

239 1212 302 1251 Cf.
326 1211 433 1250 Diss.
459 1211 509 1249 ad
535 1209 626 1247 Tib.
654 1210 695 1257 1,
722 1210 762 1258 1,
793 1209 863 1250 62.
893 1208 1040 1258 Unger.
1071 1208 1198 1247 Theb.
1226 1209 1416 1247 Paradox.
1447 1208 1479 1246 1.
1508 1222 1549 1260 p.
1576 1208 1672 1249 189.
1728 1209 1801 1248 Ad

239 1280 519 1318 similitudinem
545 1276 702 1314 laudant
727 1275 808 1313 Cic.
835 1274 908 1327 Ep.
934 1277 984 1314 ad
1008 1275 1098 1317 Div.
1122 1277 1166 1325 7,
1193 1276 1260 1317 13.
1291 1277 1470 1323 Moriar,
1497 1281 1560 1322 ut,
1589 1289 1694 1328 quae
1717 1283 1791 1314 tua

233 1347 371 1399 gloria
398 1353 473 1392 est,
496 1351 598 1395 puto
628 1351 665 1381 te
693 1342 816 1381 malle
843 1357 871 1381 a
905 1343 1075 1382 Caesare
1103 1345 1262 1382 con-mli
1288 1357 1412 1396 quam
1441 1345 1640 1382 inaurari.
1676 1343 1790 1384 Adde

235 1415 386 1454 Deleet.
413 1414 547 1466 Epigr.
578 1412 621 1462 7,
652 1412 723 1461 70,
751 1411 794 1451 3.
821 1409 862 1451 4.
891 1410 958 1451 καὶ
989 1414 1066 1452 σοῦ
1093 1409 1171 1465 τήν
1200 1407 1338 1466 ὀφρῦν
1365 1410 1436 1452 καὶ
1461 1408 1530 1452 τὸν
1557 1413 1791 1463 nivernu-

234 1478 444 1531 ταπαύσει,
471 1476 551 1521 κᾶν
579 1476 760 1532 ποταμός
781 1481 934 1531 χρυσοῦ
955 1476 1117 1532 νόμαιά
1142 1492 1208 1522 σοι
1224 1478 1398 1536 παρέχῃ·
1424 1479 1563 1519 Boeth.
1590 1481 1640 1518 de
1668 1479 1798 1520 Cous.

234 1550 326 1602 phil.
356 1550 485 1588 carm.
515 1549 557 1599 3,
583 1550 626 1598 3,
659 1550 697 1590 1·
743 1547 940 1597 Quamvis
964 1549 1126 1599 fluente
1153 1549 1264 1587 dives
1291 1549 1387 1586 auri
1407 1548 1572 1600 gurgite
1597 1546 1697 1585 Non
1720 1561 1791 1585 ex-

228 1618 415 1669 pleturas
441 1624 561 1668 cogat
589 1629 742 1655 avarus
765 1629 870 1666 opes,
897 1617 1072 1659 Sarbiev.
1097 1617 1175 1655 Od.
1199 1615 1242 1668 4,
1263 1614 1336 1667 34,
1359 1618 1382 1658 1
1412 1628 1500 1668 sqq.
1530 1614 1791 1667 (ea-Friede-

233 1686 379 1736 mann.)
415 1686 598 1723 Divitem
626 1698 838 1736 nunquam
847 1693 864 1731 ,
913 1684 1120 1732 Ἰῖὂενίηε,
1158 1685 1265 1724 dices
1276 1713 1293 1731 ,
1339 1682 1466 1735 Cujus
1501 1683 1600 1722 Eois
1627 1684 1789 1734 potiora

230 1752 363 1806 glebis
391 1752 523 1804 Rura,
545 1754 737 1805 fortunae
764 1754 849 1791 sine
868 1754 1002 1806 faece,
1025 1752 1200 1805 pulcher
1227 1753 1363 1791 Rivue
1391 1752 1640 1790 inaurat.—-
1658 1751 1705 1791 V.
1719 1751 1787 1793 10.

240 1822 287 1860 V
278 1821 318 1859 el
341 1821 438 1872 qaia
460 1843 516 1848 —
543 1821 680 1859 nescit.
731 1821 934 1872 Cruquias
943 1849 961 1868 ,
989 1821 1250 1874 Rappoltu8‚
1283 1819 1510 1866 Rodelliue,
1539 1819 1788 1871 Doeringim

234 1892 407 1927 naturam
433 1890 639 1939 pecuniae,
680 1901 758 1927 non
784 1890 946 1927 hominis
970 1903 1041 1928 suo
1067 1891 1227 1943 quisque
1253 1888 1370 1927 modo
1398 1887 1635 1938 intelligunt,
1673 1899 1788 1938 qum

236 1957 522 2009 explicationem
552 1957 641 1994 licet
675 1958 876 2008 repudient
912 1957 1000 2008 alii,
1036 1963 1079 1997 ut
1111 1955 1358 2003 Lambinus,
1379 1956 1615 2002 Damius,
1649 1954 1794 1993 Sana-

235 2025 381 2071 donae,
415 2023 676 2063 lVielancliu-s‘
701 2024 770 2075 (N.
793 2023 865 2076 2.)‚
894 2030 1022 2065 tamen
1049 2026 1119 2064 has
1147 2027 1242 2064 duas
1269 2025 1441 2063 rationes
1468 2025 1524 2063 ita
1546 2024 1678 2063 vident
1694 2022 1787 2063 sub-

233 2096 368 2145 jectas,
396 2097 439 2131 ut
466 2092 528 2130 vel
554 2105 630 2130 una
657 2096 696 2130 et
724 2092 863 2142 altera,
894 2093 955 2131 vel
984 2099 1143 2145 utraque
1174 2092 1475 2132 dissimulatione
1501 2091 1665 2144 quadam
1692 2104 1786 2144 pro-

236 2162 312 2200 lata
333 2162 395 2200 sit.
440 2159 604 2210 Primus,
633 2162 738 2211 quod
757 2161 885 2210 sciam,
914 2161 1040 2199 locum
1057 2160 1155 2200 bene
1175 2161 1391 2213 explanavit
1415 2156 1633 2206 Gesner-uh,
1656 2172 1798 2210 neque·

234 2230 364 2268 invitis
405 2228 527 2267 Musis
573 2231 706 2267 contra
752 2228 946 2278 vulgatam
992 2230 1267 2280 interpretandi
1314 2228 1501 2266 rationem
1543 2228 1786 2278 disputarunt

236 2296 430 2343 Bothus,
457 2295 526 2336 14.
550 2295 699 2334 Jacobs
725 2295 789 2349 (V.
818 2310 859 2348 p.
890 2299 958 2339 22.
990 2302 1029 2336 et
1060 2295 1176 2348 169),
1209 2295 1465 2345 δεῆνηίἅίιιε,
1503 2293 1784 2342 Hoc-hederae,

242 2366 434 2412 Orellius,
462 2365 536 2404 alii.
578 2365 653 2404 Hic
679 2369 768 2417 apte
794 2365 943 2403 confert
970 2365 1075 2415 Nep.
1107 2363 1223 2403 Attic.
1250 2362 1318 2404 14.
1358 2362 1494 2412 Quum
1516 2369 1632 2400 tanta
1653 2377 1785 2415 pecu—.-

234 2434 326 2469 niae
346 2434 466 2484 facta
492 2440 590 2471 esset
616 2433 807 2480 accessio,
833 2431 941 2471 nilzil
966 2431 1016 2470 de
1044 2431 1277 2484 quotidiano
1304 2430 1419 2468 cultu
1446 2432 1643 2478 mutavit,
1679 2431 1787 2470 nihil

235 2500 283 2537 cle
310 2503 416 2539 vitae
446 2501 732 2540 consuetudine
748 2523 807 2532 -—-
823 2523 879 2530 -—
893 2501 1068 2552 parique
1088 2498 1259 2551 fastigio
1287 2500 1395 2537 stetit
1420 2500 1465 2537 in
1496 2506 1669 2553 utraque
1682 2500 1784 2553 sor-

235 2574 334 2604 mna
342 2583 359 2616 ;
382 2569 442 2608 cui
463 2571 695 2610 contrarium
715 2575 778 2611 est
795 2569 900 2622 quod
918 2568 1057 2620 legitur
1074 2579 1137 2619 ap.
1153 2566 1356 2608 Menandr.
1368 2567 1448 2622 (ed.
1463 2567 1582 2608 Mein.
1595 2581 1637 2622 p.
1648 2569 1782 2616 2173:

345 2735 385 2781 ⁴¹)
415 2739 532 2775 Cavet
545 2741 749 2778 Diintzerus
768 2755 804 2788 p.
822 2740 917 2787 164„
939 2753 983 2776 ne
999 2742 1076 2788 quis
1093 2751 1169 2775 cum
1188 2741 1317 2775 Orellio
1331 2741 1377 2775 de
1387 2738 1614 2776 immersione
1627 2738 1780 2782 cogitet,

233 2797 284 2837 ut,
303 2793 363 2827 ubi
383 2795 463 2839 quis
481 2797 519 2831 in
534 2798 718 2833 Fortunae
737 2810 882 2834 aureum
896 2799 1011 2834 rivum
1027 2809 1067 2832 se
1082 2796 1307 2841 immerserit,
1326 2802 1477 2844 repente
1489 2795 1568 2841 ipse
1582 2794 1686 2829 dives
1701 2794 1780 2830 fiat.

234 2850 355 2884 Sentit
375 2850 503 2896 igitur:
538 2866 670 2897 „wenn
696 2854 757 2890 ibn
787 2857 877 2899 auch
907 2856 971 2891 des
995 2854 1154 2890 Gliickes
1183 2854 1396 2890 fliessender
1420 2854 1539 2888 Strom
1565 2852 1630 2887 auf
1653 2850 1781 2887 einmal

234 2906 427 2955 vergolden
447 2909 592 2943 sollte.“
