1910 3138
12 173 16 176 ’
81 196 172 258 '178
231 206 513 258 ocimu:
531 207 591 248 m
610 208 737 248 non.
755 206 1255 249 Lm.1.ssp1sr.ssx·r.
1269 206 1448 248 numu.
1512 204 1596 249 3³3

86 333 184 374 utile<
197 346 332 375 aaut
358 338 418 373 eat
442 346 574 382 arare,
601 334 792 386 pascere“
819 337 892 372 etc.
949 332 1004 372 Ac
1031 347 1081 372 ne
1107 335 1157 372 de
1182 333 1265 372 solo
1286 333 1366 384 jam
1389 345 1500 372 servo
1526 344 1597 372 na-

85 401 201 442 turffl
223 414 308 440 cum
329 400 534 440 Dimum
561 402 707 452 cogites
731 414 834 441 cave.
888 401 963 446 Qui
991 406 1070 440 tum
1095 415 1231 448 arare,
1248 414 1412 452 pasca-e
1434 405 1507 440 etc.
1537 401 1597 439 di-

87 469 287 518 oab-nun,
315 474 424 508 erant
449 470 519 508 viri
545 469 682 508 locum·
695 469 795 508 haud
821 469 988 508 infimum
1014 471 1053 507 in
1081 469 1230 508 civitate
1258 475 1451 519 tenentes,
1477 468 1598 507 homi-

84 549 155 576 nes
181 537 367 576 industria
391 537 581 588 insignes,
616 542 656 575 at
688 538 858 588 quaestui
885 538 986 575 omni
1011 536 1207 577 inhiantes,
1244 536 1329 574 Hos
1354 537 1468 587 igitur
1494 540 1596 576 tecte

85 603 296 655 significat,
334 605 382 643 de
414 604 470 643 his
498 605 537 643 in
568 605 639 643 hac
672 605 837 655 imagine
868 606 918 643 ad
952 605 1076 643 vivum
1103 605 1204 642 facta
1241 603 1341 641 circa
1373 605 1598 654 praecordia

83 671 179 710 ludit
219 672 421 722 Horatius,
466 673 552 723 qui,
596 678 638 710 ut
674 673 796 711 bonus
833 672 894 710 ille
932 673 1133 717 Homerus,
1181 671 1232 709 nil
1267 670 1426 709 molitur
1455 671 1595 722 inepte.

84 737 291 790 Utramque
325 752 407 778 rem
444 740 611 778 confudit
644 740 870 778 Lambinus
897 740 938 791 *)
950 768 964 786 ‚
1001 752 1112 790 quem
1149 741 1356 789 sequuntur
1385 738 1597 789 complures

84 805 160 845 alii.
210 808 351 846 Versus
386 812 512 845 autem
549 808 613 848 69.
652 808 742 846 nihil
776 810 943 847 continet
978 808 1051 846 nisi
1087 807 1191 843 servi
1224 806 1517 856 descriptionem
1550 818 1597 844 ex

84 873 228 924 origine
258 874 364 912 verbi
388 875 573 916 haustam.
601 876 665 914 Sic
690 876 871 914 Institutt.
898 875 960 914 lib.
992 878 1028 916 1.
1055 875 1113 912 tit.
1141 873 1182 914 3.
1211 875 1231 923 §
1256 874 1295 914 2.
1329 873 1443 910 Sem·
1464 879 1598 910 autem

85 954 132 978 ex
162 954 205 978 eo
241 940 438 991 appellati
471 950 591 988 sunt,
627 945 735 994 quod
770 946 1021 995 imperatores
1057 943 1234 993 captivos
1261 941 1426 979 vendere
1452 954 1503 978 ac
1525 954 1600 991 pa·

83 1008 159 1046 Ιιοι·
185 1022 366 1055 servare,
402 1023 472 1046 nec
505 1011 678 1048 occidere
710 1011 839 1049 solent
843 1027 861 1060 ;
897 1013 969 1064 qui
997 1012 1116 1048 etiam
1144 1010 1347 1060 mancipia
1379 1009 1478 1046 dicti
1504 1015 1599 1046 sunt

85 1090 147 1123 eo,
175 1076 283 1128 quod
307 1075 360 1114 ab
386 1077 562 1115 hostibus
587 1092 713 1117 manu
737 1081 965 1131 capiuntur.
1009 1079 1124 1117 Conf.
1151 1076 1351 1129 Tbeophil.
1374 1075 1597 1128 paraphraS.

83 1145 135 1183 ad
157 1144 256 1183 hunc
282 1144 440 1183 titulum.
464 1144 614 1196 Digest.
642 1146 706 1188 lib.
738 1149 777 1188 1.
804 1149 864 1186 tit.
894 1148 935 1188 5.
964 1148 1011 1189 fr.
1035 1145 1077 1188 4.
1106 1145 1127 1193 §
1149 1147 1188 1187 2.
1217 1145 1259 1185 3.
1282 1149 1322 1183 et
1344 1144 1410 1185 lib.
1439 1144 1508 1184 50.
1536 1145 1597 1182 tit.

86 1213 154 1253 16.
183 1212 233 1250 fr.
266 1212 361 1253 239.
386 1211 410 1266 ᾗ
437 1214 475 1253 1.
504 1213 758 1253 Consentiunt
782 1215 821 1253 in
847 1228 891 1254 ea
915 1214 1159 1253 renouatus
1182 1213 1231 1250 ad
1253 1212 1412 1251 Terent.
1432 1211 1597 1263 Adelph.

84 1281 126 1330 2,
152 1281 196 1330 ’1,
227 1281 292 1322 28.
322 1279 490 1318 Isidorus
514 1281 620 1332 Orig-
646 1283 687 1332 9,
708 1282 748 1321 4.
780 1283 1013 1333 Augustinus
1035 1283 1084 1320 de
1110 1281 1193 1319 civ.
1215 1280 1266 1318 D.
1293 1280 1361 1330 19,
1387 1279 1452 1320 15.
1490 1279 1596 1320 Petr.

82 1347 286 1386 Avellanus
323 1361 358 1388 c.
398 1349 464 1390 23.
504 1362 542 1400 p.
580 1350 649 1395 36.
687 1351 724 1387 in
759 1349 881 1402 Triga
914 1350 1056 1402 Opusc.
1086 1350 1185 1388 critt.
1214 1360 1292 1389 rar.
1325 1351 1402 1386 etc.
1428 1350 1545 1398 atque
1572 1359 1596 1385 e

81 1415 313 1455 nostratibus
337 1412 399 1467 **)
434 1416 668 1454 ΒαίἰΙιοι-η-
679 1418 825 1456 Rosea.
866 1418 906 1456 in
946 1444 976 1468 „
985 1415 1352 1468 Juristisch-philol.
1389 1414 1597 1457 Studien.“

82 1481 196 1523 Fasc-
231 1482 262 1524 Ι.
300 1497 341 1535 p.
374 1486 426 1525 12
467 1485 542 1536 (de
571 1485 776 1535 dominio).
834 1485 926 1524 Inde
968 1486 1080 1524 iidem
1120 1498 1182 1537 ap.
1224 1485 1394 1522 Graecos
1435 1478 1597 1533 σώματα

18 1583 27 1588 .
83 1547 311 1603 αἰχμάλωτα
337 1555 534 1600 vocantur,
564 1552 639 1590 vid.
666 1551 840 1590 Lobeck.
868 1553 917 1590 ad
934 1552 1074 1603 Phryn.
1097 1567 1135 1604 p.
1164 1553 1258 1594 578.
1295 1551 1462 1590 Nimium
1483 1551 1597 1601 igitur

82 1618 206 1657 versui
226 1618 294 1662 69.
326 1618 572 1664 Schmidius,
608 1619 799 1665 Gallius,
822 1619 884 1658 alii
912 1620 1073 1658 tribuere
1099 1620 1285 1668 videntur,
1314 1632 1429 1669 quum
1453 1619 1596 1668 dicunt,

81 1697 291 1736 „awai-um,
320 1686 504 1723 hominem
531 1687 814 1737 detestabilem,
843 1687 951 1726 facile
977 1701 1022 1726 ex
1044 1688 1205 1726 humana
1230 1687 1411 1725 societate
1437 1698 1596 1737 prorsus

83 1752 304 1802 ejiciendum
330 1753 450 1791 videri
475 1766 615 1804 posse;
650 1759 817 1794 attamen
849 1755 884 1792 ei
920 1754 1050 1794 utilem
1084 1768 1191 1804 esse,
1230 1762 1416 1807 quatenus
1441 1754 1596 1804 negotia

83 1819 277 1870 suscipere
306 1819 447 1870 soleat,
477 1820 612 1871 quibus
639 1824 791 1874 sapiens
818 1835 952 1861 vacare
981 1822 1247 1873 dedignetur.“
1288 1822 1342 1861 At
1365 1821 1505 1872 Poeta,
1530 1822 1596 1873 qui

83 1890 143 1924 est
170 1899 259 1924 suus
287 1900 371 1925 mos
403 1887 476 1938 (de
505 1902 581 1939 quo
610 1891 709 1927 conf.
740 1891 786 1941 6,
817 1891 914 1940 29),
950 1890 1042 1928 nihil
1069 1890 1196 1940 aliud,
1231 1891 1303 1928 nisi
1334 1890 1408 1928 hoc
1434 1890 1594 1928 indicat:

82 1953 313 2005 „Captivum
347 1967 495 1994 servum
529 1969 613 1995 esse
638 1957 751 2008 jube;
787 1959 820 1996 is
848 1952 946 1998 enim
975 1957 1049 2010 [vel
1075 1970 1310 2008 quocumque
1339 1971 1435 1997 nexu
1462 1971 1594 1996 servus

82 2025 144 2059 est
179 2021 320 2072 sactus]
357 2022 424 2060 tibi
461 2024 601 2063 utiliter
636 2026 824 2064 serviet.“
879 2026 942 2064 Sic
975 2027 1097 2077 ssryso
1135 2024 1187 2078 (l.
1215 2039 1253 2063 v.
1291 2025 1358 2066 63.
1394 2024 1592 2076 laudato):

83 2085 197 2134 Κατοῖ
220 2083 346 2140 φύσιν
371 2088 415 2130 δὲ
440 2091 582 2140 δοῦλος
604 2091 626 2132 ὅ
653 2088 874 2144 δυνάμενος
902 2089 1110 2146 αὕταρκῶς
1136 2091 1207 2142 τὰς
1236 2088 1303 2134 dcc?
1322 2094 1396 2132 τσῦ
1415 2089 1595 2143 σώματος

29 2162 35 2168 ’
80 2153 298 2210 ὑπηρεσίας
324 2158 566 2211 παρέχεσθαι
586 2164 669 2209 τοῖς
696 2157 917 2210 δεσπόταις,
946 2161 1014 2202 καὶ
1042 2161 1085 2202 ἐν
1112 2164 1166 2216 τῷ
1191 2158 1314 2207 όδσύς
1340 2160 1596 2211 πορευθῆναι

80 2222 149 2263 καὶ
173 2225 319 2278 φορτία
346 2223 540 2278 βαστάξαι
564 2227 632 2268 καὶ
658 2229 934 2276 κακοπαθείας
955 2228 1022 2270 καὶ
1045 2229 1251 2276 διακονίας
1268 2225 1490 2278 ὕπομὲνεν,
1515 2221 1594 2277 μή,
1631 2244 1639 2252 ·

192 2395 231 2446 *)
257 2399 459 2434 lambiunt:
491 2399 818 2442 „Quemadmodum
842 2399 1017 2444 captivum
1048 2398 1210 2433 occidere
1234 2409 1304 2432 non
1330 2396 1499 2439 solemus,
1530 2395 1592 2430 sed

84 2463 275 2497 servamus,
291 2459 332 2488 ut
351 2454 454 2490 nobis
472 2456 551 2489 usui
568 2456 637 2489 εἰει
665 2456 718 2490 sic
737 2455 906 2490 hominem
924 2466 1085 2497 avarum,
1106 2454 1192 2488 nihil
1214 2465 1236 2488 a
1257 2454 1400 2499 captivo
1425 2452 1593 2488 differen-

84 2514 167 2551 tem,
185 2513 312 2554 utpote
334 2511 394 2555 qui
416 2523 455 2544 se
475 2512 646 2555 pecuniae
664 2512 854 2547 tradiderit
872 2511 1181 2555 constringendum
1192 2535 1202 2551 ,
1222 2520 1336 2555 neque
1355 2520 1378 2543 a
1395 2519 1459 2543 suo
1473 2508 1591 2544 studio

83 2564 280 2609 abducere,
308 2576 422 2610 neque
444 2567 606 2602 occidere
633 2568 818 2612 debemus,
854 2567 915 2602 sed
940 2567 974 2602 ei
1000 2567 1225 2612 permittere,
1258 2571 1298 2600 ut
1324 2570 1470 2611 paseat,
1501 2571 1592 2610 aret,

82 2622 228 2666 naviget
250 2627 288 2655 et
306 2622 435 2655 ceteris
453 2622 642 2658 servilibus
660 2624 859 2658 muneribus
878 2623 1086 2668 fungatur.“

174 2674 232 2721 **)
261 2676 480 2711 Dissentiuut
497 2679 553 2722 (et
570 2681 686 2722 recte)
702 2680 774 2714 alii.
803 2679 882 2714 Vid.
901 2680 1060 2713 Greuzer.
1082 2677 1233 2721 „Abriss
1251 2676 1287 2712 d.
1299 2677 1592 2714 R6m.A1terth.“

83 2730 101 2773 δ
118 2730 177 2768 34.
196 2745 232 2778 p.
252 2733 310 2769 38.
332 2738 370 2767 et
388 2733 592 2777 „Dentsche
610 2735 759 2770 Schrift.
781 2735 898 2768 Viert.
921 2733 1103 2768 Abtheil.“
1122 2734 1213 2768 Heft
1231 2735 1264 2768 1.
1286 2746 1323 2780 p.
1343 2735 1400 2769 19.
1426 2734 1592 2771 Doederl-

84 2788 219 2834 Synon.
237 2790 266 2823 Ι.
298 2802 334 2835 p.
356 2790 414 2824 30.
444 2789 509 2822 ΙΙΙ.
536 2801 573 2834 p.
602 2790 684 2826 306.
728 2793 842 2825 Lusca
860 2791 896 2823 in
916 2789 1069 2833 „Rhein-
1094 2790 1215 2825 Mus-‘⁴
1234 2787 1336 2827 1834.
1365 2790 1412 2825 11.
1443 2804 1480 2838 p.
1507 2792 1588 2828 163.

86 2844 125 2878 c.
140 2846 324 2880 &hwenck
341 2846 376 2880 in
395 2846 617 2890 „zimmerm
640 2847 817 2881 Zeitschr.
838 2847 872 2880 d.
896 2846 1163 2880 Alterthmsw.“
1184 2847 1287 2883 1837.
1316 2860 1354 2893 p.
1378 2849 1459 2884 208.
1488 2849 1590 2886 ὓδα-

81 2898 168 2945 ling.
191 2902 349 2945 ‚,Gesch.
370 2902 405 2935 d.
428 2902 525 2936 Rom.
546 2902 903 2946 Staatsverfassnng‘
918 2906 988 2936 eto.
1008 2914 1043 2948 p.
1065 2902 1144 2939 132.
