1910 3138
89 213 176 256 Μ
234 173 508 253 m.
525 209 584 250 IN
603 210 727 250 ROB.
746 209 846 250 LIB.
870 209 902 253 1.
929 209 1096 250 EPlsT.
1121 209 1270 250 sm.
1285 208 1467 250 linem.
1521 207 1603 251 321

1 365 10 371 ,
91 335 476 389 numm-&selum
505 335 556 374 ad
582 335 668 376 Juv.
696 336 736 383 6,
764 332 973 376 479—80.
1007 334 1162 376 Ruhnk.
1187 336 1236 374 ad
1259 335 1418 376 Terent.
1441 334 1604 386 Adelph.

93 403 301 454 25:1³5?OE-
329 402 507 442 Kainoel.
533 403 583 441 ad
611 403 756 454 Evang.
782 403 918 442 matth.
953 404 1028 452 27,
1062 404 1130 443 26.
1175 402 1312 443 Donat.
1342 404 1393 442 ad
1418 402 1504 442 Liv.
1536 403 1606 452 29,

95 469 255 522 ss*·1¹4.
280 493 338 502 —
364 470 412 510 V.
432 468 500 512 48.
528 470 625 508 Non
647 485 788 522 pasces
813 473 856 509 in
879 485 994 509 cruce
1018 484 1163 508 corvos.
1201 471 1439 510 Hominesin
1457 483 1606 510 crucem

90 540 167 578 ae
193 550 308 590 nepe
331 539 474 591 praeda
499 538 687 577 vulturum
715 544 753 578 et
782 553 911 578 canum
940 538 1095 577 fiebant.
1125 539 1210 576 Juv.
1241 537 1316 588 14,
1343 540 1414 579 77.
1459 538 1609 578 Vultur

81 607 266 655 jumento
293 612 331 643 et
357 605 524 644 canibus
552 606 812 659 crucibusque
838 607 984 645 relictis
1011 605 1241 656 Adfectus
1262 613 1463 656 propa-at.
1491 606 1607 658 Apul.

91 673 185 713 Me't.
214 675 255 716 6·
282 673 350 727 (p.
379 675 471 716 286.
505 674 675 725 Wouw.)
711 674 958 712 sustinebunt
987 673 1168 725 patibuli
1197 675 1444 720 cruciatum,
1483 687 1608 726 quum

94 754 212 779 canes
244 748 282 778 et
315 741 493 780 vultures
529 744 672 780 intima
700 743 939 794 protrahent
975 744 1139 781 viscera.
1180 742 1334 781 Petron.
1373 742 1440 783 58.
1500 741 1612 792 Quid

85 808 220 860 saciat
247 810 376 847 cmcis
404 811 526 862 qffla,
568 823 771 848 corvorum
809 810 992 848 cibaria?
1039 810 1221 849 prudent.
1248 810 1386 848 Perist.
1416 810 1495 859 11,
1537 809 1607 851 65.

91 875 200 927 (ibiq.
232 876 399 926 Areval.)
460 878 567 916 Crux
603 880 723 915 istmn
757 877 872 915 tollat
907 880 951 915 in
985 891 1109 916 auras
1118 906 1134 924 ,
1181 878 1439 928 Viventesque
1475 876 1610 916 ecaton

93 943 238 997 off'erat
259 943 436 983 alitibm.
479 945 536 984 ld.
567 946 737 987 cathem.
765 948 813 995 6,
847 947 915 987 63.
969 946 1052 984 Ast
1077 946 1247 984 alterum
1275 959 1440 997 rapaces
1462 946 1610 984 Fax-um

94 1018 238 1049 vorant
266 1011 453 1051 volucres.
501 1013 614 1051 conf.
641 1013 748 1064 Lips.
785 1015 834 1052 de
868 1015 990 1053 Cruce
1019 1017 1066 1065 2,
1104 1015 1170 1056 13.
1215 1014 1356 1052 Euseb.
1384 1014 1484 1052 nist.
1516 1014 1608 1052 eccl.

94 1080 137 1129 8,
162 1081 202 1121 8.
245 1080 423 1119 Ceterum
450 1085 622 1130 constat,
652 1094 796 1120 crucem
827 1081 1047 1133 supplicium
1074 1095 1187 1133 quum
1215 1082 1424 1130 latronum,
1453 1083 1610 1120 sicario-

93 1148 514 1198 rumyneditiosorum,
540 1153 619 1186 tum
647 1161 836 1188 servorum
864 1149 993 1188 fuisse.
1034 1150 1189 1201 Joseph.
1219 1150 1255 1186 h.
1283 1150 1370 1187 Jud.
1400 1150 1440 1199 2,
1471 1148 1540 1199 14,
1568 1150 1608 1189 9.

93 1214 155 1254 In
189 1215 520 1254 smusStoicam
555 1215 688 1255 faciem
722 1217 883 1255 induens
920 1218 1001 1255 Sat.
1031 1219 1080 1267 2,
1119 1219 1169 1267 7,
1203 1217 1270 1259 47.
1310 1216 1484 1268 (Heind.)
1523 1223 1611 1254 uter

94 1288 271 1320 nothum
297 1296 412 1321 mace
436 1283 598 1335 dignius
625 1283 803 1321 Peccat?
831 1284 928 1322 lbid.
960 1286 1000 1334 1,
1025 1283 1068 1334 8,
1092 1285 1163 1325 82.
1191 1283 1313 1323 Plaut.
1338 1285 1418 1323 Mil.
1441 1274 1538 1335 gloc.
1568 1285 1609 1335 2,

93 1348 144 1400 4,
173 1349 238 1391 19.
284 1351 376 1388 Scio
403 1365 556 1388 crucem
585 1351 687 1395 mihi
699 1341 892 1403 suturam'
918 1352 1154 1403 sepulcrum.
1184 1352 1315 1391 Catull.
1336 1353 1406 1401 20,
1428 1353 1481 1393 18
1501 1350 1610 1403 (ibiq.

92 1416 227 1470 vulp.)
274 1419 432 1456 Parata
467 1433 639 1472 namque
674 1433 772 1457 crux
786 1448 800 1465 ,
843 1421 927 1456 sine
961 1427 1046 1457 arte
1084 1420 1275 1459 mentula.
1315 1420 1400 1458 JuV.
1431 1420 1481 1468 6,
1512 1420 1608 1461 218.

92 1483 286 1538 (Rupert.)
313 1489 424 1525 Pone
452 1501 608 1525 crucem.
634 1501 757 1525 servo.
793 1487 872 1524 Cic.
900 1488 938 1525 in
965 1487 1076 1528 Verr.
1106 1489 1154 1538 5,
1183 1490 1257 1536 66,
1288 1487 1381 1529 169.
1409 1494 1456 1524 ut
1482 1486 1609 1525 Italia

16 1585 28 1594 ,.
92 1553 304 1592 αἱωηνιιιπι
338 1568 456 1592 suum
468 1583 485 1600 ,
524 1557 722 1592 servitutis
758 1562 922 1592 extremo
953 1569 1183 1608 summoque
1217 1555 1414 1607 supplicio
1442 1555 1610 1606 qffi'xum

93 1621 252 1660 videret.
280 1622 376 1660 lbid.
407 1624 451 1672 1,
481 1623 532 1671 5,
563 1624 629 1664 13.
658 1637 714 1674 pr.
743 1623 873 1661 Rabir.
905 1625 970 1664 16.
1009 1626 1146 1663 Senec.
1177 1624 1248 1675 Ep.
1282 1626 1323 1664 7.
1376 1623 1459 1661 Sed
1481 1623 1608 1662 latro-

95 1690 246 1726 cim'um
267 1690 368 1741 fecit
394 1690 569 1742 aliquis:
601 1691 702 1743 quid
726 1705 817 1744 ergo
846 1691 1020 1730 meruit?
1046 1698 1092 1728 ut
1112 1691 1388 1742 suspendatur.
1452 1691 1609 1730 Occidit

12 1812 21 1819 .
94 1755 291 1794 hominem
303 1785 319 1802 ,
361 1759 458 1808 quia
490 1760 636 1797 occidit
667 1759 760 1806 ille,
802 1762 939 1798 metuit
976 1766 1023 1797 ut
1052 1759 1127 1797 hoc
1153 1766 1383 1809 pateretur.-
1435 1766 1479 1797 tu
1509 1761 1611 1812 quid

95 1825 273 1862 meruisti
301 1826 442 1870 miser,
480 1834 527 1864 ut
561 1827 634 1865 hoc
667 1828 840 1879 spectes?
881 1829 939 1866 Id.
970 1828 1095 1879 Epist.
1128 1828 1233 1877 101,
1266 1828 1334 1870 12.
1373 1827 1530 1868 Consol.
1558 1830 1607 1866 ad

13 1899 16 1903 '
94 1890 214 1931 Marc.
244 1892 311 1933 20.
341 1891 481 1933 Arnob.
507 1896 553 1945 1,
575 1896 643 1936 36.
671 1896 762 1947 ibiq.
789 1895 964 1934 Hildebr.
1015 1895 1129 1933 Conf.
1158 1907 1253 1945 quos
1282 1895 1331 1933 de
1358 1895 1428 1933 hac
1457 1908 1499 1934 re
1527 1897 1607 1934 lau-

94 1959 187 1998 dant
214 1958 356 1998 Moser.
382 1965 421 1998 et
449 1962 553 2003 Gies.
581 1964 630 2001 ad
659 1963 738 2006 Cic.
767 1964 815 2002 de
837 1963 966 2003 Divin.
994 1965 1034 2013 1,
1063 1964 1133 2013 26,
1160 1963 1227 2003 55.
1255 1962 1414 2000 Fabrius
1443 1964 1492 2001 ad
1519 1963 1604 2004 Liv.

95 2024 165 2075 24,
194 2025 262 2076 14,
289 2029 328 2067 7.
357 2029 599 2081 Osenbriigg.
627 2033 675 2069 ad
701 2029 782 2068 Cic.
807 2045 866 2082 pr,
887 2031 968 2070 Mil.
991 2031 1058 2079 22,
1086 2031 1153 2070 60.
1181 2029 1358 2071 Kuinoel.
1385 2035 1424 2069 et
1452 2031 1608 2069 Henne-

93 2092 200 2143 berg.
224 2095 274 2132 ad
295 2093 366 2133 Ev.
395 2097 529 2140 Matth.
556 2100 624 2148 27,
655 2099 722 2139 32.
747 2100 926 2151 imprimis
950 2098 1059 2150 Lips.
1083 2098 1132 2136 de
1157 2098 1279 2135 Cruce
1308 2099 1348 2146 1,
1372 2100 1437 2139 12.
1466 2098 1530 2139 13.
1565 2099 1606 2135 ln

94 2162 317 2200 sententiam
351 2164 472 2215 ipsam
499 2167 636 2208 Senec.
668 2168 716 2205 de
744 2167 792 2207 Ir.
820 2169 869 2216 2,
900 2169 967 2209 27,
1006 2165 1129 2203 Nihil
1146 2166 1337 2216 peccavi:
1371 2165 1477 2202 nihil
1488 2165 1602 2216 seci:

94 2229 213 2267 immo
240 2230 346 2267 nihil
357 2232 520 2283 fateris.
557 2256 613 2262 —
658 2235 758 2285 Quis
786 2241 840 2272 est
869 2237 939 2271 iste
948 2262 966 2280 ‚
1005 2235 1077 2285 qui
1108 2246 1148 2270 se
1178 2233 1389 2282 prqfitetur
1425 2231 1607 2270 omnibus

25 2292 30 2300 ‘
94 2295 248 2348 legibus
266 2300 539 2338 innocentem?
555 2324 612 2330 —
633 2302 679 2339 V.
702 2301 769 2343 49.
804 2303 902 2340 Sum
926 2301 1050 2339 bonu-s·
1077 2308 1112 2337 et
1129 2300 1269 2352 frugi.
1301 2299 1407 2337 Haec
1430 2300 1606 2351 primaria

93 2362 174 2401 laus
203 2378 408 2409 servorum.
447 2369 538 2407 Inde
568 2369 647 2408 Cic.
678 2370 726 2408 de
754 2371 822 2408 Or.
853 2371 903 2419 2,
933 2371 1013 2418 61,
1043 2367 1138 2409 248.
1177 2367 1286 2404 velut
1311 2367 1448 2404 iisdem
1477 2367 1607 2406 verbi-⁹

95 2436 133 2466 et
155 2430 321 2469 laudare
332 2435 458 2486 frugi
483 2450 639 2474 servum
662 2438 858 2487 possimus
881 2442 940 2484 et,
969 2437 1005 2472 si
1028 2442 1086 2472 est
1105 2449 1294 2486 nequam,
1312 2436 1461 2481 jocari.
1494 2436 1606 2474 Conf.

94 2497 229 2537 Heind.
257 2500 306 2536 ad
335 2501 416 2542 Sat.
448 2504 489 2551 2,
518 2505 560 2552 7,
593 2504 634 2544 3.
670 2503 819 2543 Ruhnk.
851 2503 900 2540 ad
926 2502 1082 2542 Terent.
1109 2502 1206 2543 Eun.
1241 2501 1282 2550 3,
1309 2501 1350 2549 5,
1378 2502 1446 2542 60.
1475 2502 1605 2542 Klotz.

95 2564 144 2600 ad
174 2564 255 2602 Cic.
282 2565 400 2610 Tusc,
429 2569 470 2617 3,
499 2570 540 2616 8,
572 2570 638 2610 16.
673 2592 726 2599 --
757 2571 889 2608 renuit
910 2570 1138 2620 negitatque
1169 2567 1366 2607 Sabellus.
1399 2567 1604 2621 Porphyr.:

93 2630 318 2681 „Horatius,
354 2633 422 2671 'sed
445 2633 483 2671 in
510 2634 581 2672 hoc
605 2638 754 2676 nomine
785 2641 845 2675 est
873 2637 1056 2686 quaedam
1081 2635 1198 2672 facies
1226 2636 1466 2686 integritati&
1498 2637 1603 2689 Virg.

94 2697 205 2746 [Aen.
235 2700 275 2747 8,
305 2699 424 2750 638]:
471 2700 711 2754 C‘uribueque
738 2705 932 2741 severis.“
991 2702 1165 2739 Sensisse
1201 2702 1315 2751 igitur
1350 2704 1497 2743 videtur
1530 2719 1602 2758 po-

93 2764 219 2814 pulum
248 2766 370 2816 ipsum
397 2766 487 2804 talia
521 2774 739 2819 negantem,
776 2773 812 2807 in
847 2781 921 2818 qua
949 2768 1098 2818 quidem
1126 2780 1193 2816 re,
1228 2769 1254 2808 i.
1283 2782 1317 2808 e.
1347 2772 1384 2809 in
1415 2785 1601 2812 consensu

94 2833 208 2871 totius
235 2833 365 2884 populi
394 2834 523 2872 Sabini
549 2836 680 2874 miram
707 2838 780 2875 vim
804 2837 930 2874 inesse
956 2836 1010 2874 ait
1036 2835 1256 2876 Hocheder.
1297 2838 1444 2878 Rursus
1468 2841 1598 2878 Lam-

96 2895 209 2936 binus
248 2899 402 2938 Sabelli
431 2902 579 2939 nomine
614 2901 808 2941 Horatium
846 2902 1091 2941 Venusinam
1127 2904 1324 2956 intelligit,
1362 2908 1448 2957 quia
1480 2909 1601 2960 pulsis

151 2957 290 2998 Hunc.
319 2959 366 2993 Π.
1148 2958 1201 2999 21
1239 2962 1330 3012 (11)
