2034 3224
397 190 450 234 78
535 190 913 233 COMMENTARII
942 189 1005 227 IN
1026 187 1248 228 ΗΟΒΑΤΗ
1276 188 1377 229 LIB.
1408 190 1439 230 Ι.
1480 189 1645 230 ΕΡΙΒΤ.
1674 188 1796 231 DEc.
1883 192 1938 234 78

388 323 564 373 jungunt.
607 317 697 356 Illos
726 315 895 365 sequitur
919 313 960 350 J.
990 311 1182 351 Merkel„-
1226 313 1370 364 „Doch
1399 315 1559 354 seitdem
1596 317 1664 354 mit
1692 316 1782 354 dem
1806 315 1937 354 Stolze

393 390 461 428 des
490 388 624 436 Sieges
648 397 691 423 er
711 396 798 420 vom
825 381 972 420 Feinde
995 381 1271 421 zurfickkam.“
1326 381 1447 421 Paulo
1482 383 1592 422 aliter
1624 383 1667 422 C'.
1699 382 1936 421 Pas-souitu.-

391 455 534 508 „Doch
562 454 632 492 wie
662 450 799 490 darauf
820 449 1006 498 siegreieh
1035 463 1076 489 es
1103 450 1172 488 mit
1201 449 1324 489 Trotz
1360 463 1448 491 vom
1476 450 1623 490 Feinde
1656 450 1937 488 zuriickkam.“

392 523 569 562 Similiter
603 520 733 564 Voss„
771 515 958 554 Giinther
982 520 1022 556 et
1055 516 1257 556 scheller.-
1293 518 1380 569 „als
1403 518 1588 570 trotziger
1615 520 1751 570 Sieger
1774 518 1938 557 zui-fick-

389 590 522 631 kam.“
562 589 721 626 Ceteras
751 598 773 623 e
800 584 982 633 Bentlffl
1006 585 1151 625 insulsa
1174 586 1488 637 interpretatione
1516 591 1650 626 enatas
1671 593 1710 626 et
1736 587 1938 628 maximam

389 663 536 712 partem
565 657 827 704 discrepantes
849 653 1120 705 explicationes
1143 665 1344 692 recensere
1363 658 1404 693 et
1424 654 1581 706 longum
1602 660 1664 694 est
1687 659 1729 694 et
1750 652 1938 704 medem)

389 728 582 766 Nauseam
610 722 700 761 olim
729 721 991 774 superavimus
1019 722 1058 759 in
1086 721 1148 760 ed.
1179 722 1218 762 1.
1248 734 1288 773 p.
1318 722 1372 763 61
1403 735 1489 775 sqq.
1546 723 1633 762 Hoc
1661 736 1776 762 unum
1801 722 1936 761 obser-

389 795 550 834 vandum
577 795 662 840 est,
702 790 766 840 qui
797 789 977 841 Epitheto
1006 788 1159 828 violem
1192 789 1331 828 offensi
1358 795 1509 841 essent,
1547 803 1616 830 eos
1642 803 1722 831 non
1750 791 1935 842 sensisse,

387 875 499 913 quarn
526 860 623 898 scite
648 857 713 895 illa
740 856 828 907 equi
856 857 1034 897 violentia
1060 858 1235 897 homines
1263 859 1446 909 ejusmodi
1473 859 1652 910 adempta
1674 859 1839 911 inagine
1865 860 1935 897 de-

386 929 596 978 scriberet,
640 926 706 977 qui
734 924 857 964 calido
897 926 980 965 fere
1010 926 1168 965 consilio
1201 932 1240 966 et
1275 927 1493 967 ardentiore
1520 926 1647 966 studio
1671 927 1714 965 in
1741 927 1934 979 potentio-

386 1010 467 1035 rum
494 995 677 1034 amicitias
703 994 892 1032 irruerent
917 996 1108 1034 servitutis
1137 999 1346 1047 perpetuae
1374 995 1447 1033 sibi
1487 996 1561 1047 ipsi
1594 998 1791 1035 nectentes
1827 998 1933 1037 *cate-

385 1076 467 1103 nas.
505 1062 586 1101 Sed
611 1062 806 1100 videamus
834 1062 1024 1114 exempla!
1055 1063 1132 1101 Od.
1161 1063 1204 1112 3,
1227 1062 1299 1112 30,
1328 1063 1397 1104 10.
1427 1063 1577 1101 violem
1599 1061 1795 1113 Aufidus.
1821 1061 1932 1103 Pera.

387 1132 429 1182 5,
462 1133 542 1173 171
565 1131 682 1183 ferus
711 1137 749 1167 et
774 1129 938 1168 violens.
985 1131 1122 1169 Seren.
1152 1131 1346 1170 Sammon.
1380 1129 1449 1171 47.
1495 1131 1646 1169 violens
1672 1137 1822 1169 natura
1850 1142 1935 1168 mo·-

385 1200 510 1238 delae.
557 1198 672 1250 Apul.
712 1196 810 1239 Met.
849 1199 889 1239 6.
927 1211 967 1249 p.
993 1198 1079 1239 710
1121 1196 1338 1249 (Oudend.)
1379 1198 1567 1236 violentes
1600 1211 1732 1250 aquas
1776 1198 1934 1250 mipit.

385 1268 499 1307 Mart.
532 1266 629 1317 Cap.
659 1267 701 1316 1,
728 1265 796 1306 15.
837 1265 895 1317 (p.
924 1264 981 1307 48
1008 1257 1161 1318 Kopp.)
1201 1264 1430 1317 violensque
1457 1265 1668 1317 rapiditate.
1709 1266 1818 1316 Virg.
1852 1266 1931 1305 Ge.

385 1338 427 1385 2,
459 1335 565 1377 107„
586 1333 782 1385 Navigiis
815 1333 1025 1371 violentior
1051 1333 1194 1371 incidit
1222 1334 1371 1371 Eurus.
1412 1333 1498 1372 Huc
1522 1333 1684 1383 accedit,
1712 1334 1817 1384 quod
1843 1334 1934 1371 vio·-

383 1403 508 1440 lentia
535 1402 618 1440 fere
645 1402 692 1439 iis
725 1401 930 1451 tribuitur,
959 1401 1025 1452 qui
1052 1403 1146 1439 iram
1176 1401 1352 1440 cohibere
1385 1413 1462 1439 non
1488 1405 1651 1452 possunt
1675 1404 1716 1439 eat
1732 1401 1936 1441 vehemen-

382 1471 431 1509 tis
460 1474 550 1508 sunt
577 1469 720 1520 ingenii
750 1468 845 1520 (vid.
875 1470 1007 1508 Sanct.
1037 1469 1198 1508 Minerv.
1227 1470 1276 1508 Π.
1299 1483 1339 1520 p.
1365 1469 1459 1510 551.
1501 1468 1653 1507 Ruhnk.
1690 1469 1739 1508 ad
1772 1469 1931 1510 Terent.

383 1537 539 1576 Phorm.
575 1538 617 1588 5,
650 1539 688 1587 1,
717 1535 776 1589 4.)
805 1540 845 1575 et
874 1539 977 1588 quod
1006 1537 1203 1575 violentus
1232 1537 1304 1576 nisi
1332 1538 1454 1574 forma
1481 1548 1560 1574 non
1587 1536 1738 1584 differt3
1773 1539 1823 1576 de
1857 1549 1933 1588 qua

382 1620 424 1645 re
466 1610 573 1644 recte
613 1606 788 1644 dixerunt
815 1605 946 1644 Burm.
989 1606 1039 1644 ad
1065 1604 1212 1644 Lucan.
1255 1607 1298 1654 7,
1334 1603 1428 1646 125.
1480 1604 1690 1644 Anth.·1at.
1725 1604 1756 1643 1.
1790 1617 1832 1657 p.
1860 1603 1929 1646 85.

383 1674 505 1713 Drak.
536 1674 585 1711 ad
613 1672 700 1712 Liv.
726 1673 770 1724 9,
799 1670 869 1723 34,
897 1674 936 1713 9.
967 1672 1145 1711 Oudend.
1175 1676 1215 1711 et
1236 1672 1408 1711 Hildebr.
1438 1674 1489 1711 ad
1517 1671 1628 1725 Apul.
1659 1672 1756 1711 Met.
1784 1673 1832 1722 -6,
1862 1670 1932 1714 15.

381 1756 419 1794 p.
449 1739 546 1782 446.
589 1763 638 1769 —
682 1741 730 1779 V.
760 1741 829 1782 38.
869 1740 968 1778 Non
997 1741 1166 1792 equitem
1194 1762 1246 1768 —-
1279 1753 1356 1780 ore.
1400 1740 1544 1780 Phaed.
1569 1739 1612 1792 4,
1637 1739 1680 1791 4,
1708 1741 1749 1781 9.
1793 1735 1933 1791 Atq'ue

381 1812 441 1848 tita
475 1810 603 1862 coegit
625 1810 767 1862 frenos
798 1810 971 1847 invitum
992 1810 1098 1860 pati.
1147 1808 1302 1847 Romul.
1345 1808 1441 1847 Fab.
1486 1810 1628 1861 Aesop.
1669 1807 1712 1858 4,
1751 1807 1790 1847 9.
1854 1807 1932 1846 Cui

383 1885 522 1917 contra
547 1877 717 1929 demper-
743 1891 894 1915 ses-sor.-
933 1891 1014 1915 non
1055 1876 1239 1923 habebis,
1277 1878 1430 1929 inquit,
1461 1883 1697 1927 potestatem
1725 1875 1930 1921 narrandi,

382 1948 455 2000 qui
475 1947 647 2000 frenum·
670 1947 714 1984 in
747 1959 812 1984 ore
839 1945 963 1983 habe-5
975 1974 992 1992 ,
1027 1959 1099 1984 nec
1118 1945 1267 1983 saltum
1287 1945 1413 1991 dare,
1446 1945 1546 1997 quia
1573 1943 1675 1982 sebia
1707 1950 1744 1981 be
1768 1945 1930 1995 premit.

493 2016 543 2058 V.
569 2013 753 2056 39—41.
797 2014 868 2052 Sic
897 2015 970 2066 qui
995 2036 1053 2044 —
1080 2014 1226 2051 nesciet
1249 2014 1321 2051 uti.
1373 2014 1468 2064 „Sic
1494 2014 1632 2064 homo,
1665 2013 1731 2064 qui
1756 2013 1807 2050 ob
1834 2024 1931 2065 pau-

380 2084 540 2136 pertatis
567 2084 700 2134 fugam
723 2083 780 2120 sui
807 2082 984 2134 mancipii
1011 2095 1097 2122 esse
1123 2081 1274 2131 desinit,
1304 2081 1457 2120 domino
1484 2082 1636 2134 potenti
1661 2082 1784 2134 turpis
1807 2081 1930 2123 humi-

379 2153 501 2204 lisque
530 2151 650 2191 servit
678 2154 719 2188 et
746 2151 888 2189 serviet
910 2151 948 2188 in
973 2154 1192 2200 aeternum,
1231 2149 1349 2200 quia“
1372 2154 1446 2188 etc.
1489 2149 1603 2188 Conf.
1631 2149 1757 2201 Epist.
1786 2151 1828 2200 1,
1858 2149 1927 2197 18,

381 2219 450 2262 24.
479 2224 518 2260 et
535 2219 688 2259 Mitsch.
719 2218 771 2256 ad
793 2218 869 2256 od.
896 2218 938 2267 3,
967 2214 1036 2267 24,
1061 2215 1131 2259 42.
1175 2217 1280 2255 Cave
1307 2217 1422 2268 igitur
1448 2230 1531 2255 cum
1557 2216 1744 2257 nonnullis
1766 2217 1926 2267 jungas:

385 2290 454 2326 Sic
485 2289 556 2340 qui
579 2310 637 2317 --
667 2293 792 2334 care&
827 2285 938 2324 vehet
966 2307 1035 2322 —.
1062 2285 1266 2323 Praeterea
1306 2297 1420 2336 quum
1456 2297 1500 2323 ex
1536 2288 1620 2323 toto
1657 2283 1926 2322 sententiarum

382 2358 536 2406 ordine,
565 2360 646 2394 tmn
675 2367 719 2392 ex
749 2353 936 2405 particula
958 2353 1016 2389 sic
1045 2353 1084 2389 in
1112 2351 1367 2402 applicatione
1395 2351 1555 2403 exempli
1582 2352 1728 2402 posita,
1765 2353 1808 2388 ut
1843 2350 1924 2388 Sat.

384 2426 422 2472 1,
451 2426 493 2474 6,
519 2421 702 2465 34—37.
733 2422 802 2471 (cf.
827 2421 1021 2459 Goerenz.
1051 2420 1100 2457 ad
1128 2419 1207 2457 Cic.
1241 2421 1290 2458 de
1318 2419 1405 2458 Fin.
1435 2420 1476 2469 5,
1509 2417 1578 2469 14,
1607 2419 1675 2460 40.
1719 2417 1844 2457 Beier.
1873 2418 1925 2456 ad

491 2623 533 2668 ¹⁴¹)
561 2624 764 2662 Dantzerue
794 2639 832 2673 p.
861 2623 952 2663 408:
984 2625 1155 2671 „Virilem
1185 2625 1293 2659 vietor
1315 2623 1436 2658 bildet
1471 2624 1575 2659 einen
1611 2622 1926 2661 offenbamflo-

382 2683 529 2723 gensatz
558 2692 673 2725 gegen
707 2683 770 2718 das
804 2683 952 2720 friihere
986 2683 1101 2718 minor
1132 2682 1170 2718 in
1195 2686 1281 2716 cert.
1312 2681 1444 2726 long&
1479 2681 1542 2716 dns
1585 2681 1778 2717 schwaohe
1809 2678 1926 2715 Pterd

380 2746 457 2768 war
485 2736 596 2770 durch
624 2737 683 2771 die
709 2739 817 2774 Hfilfe
850 2742 914 2776 des
942 2739 1140 2776 menschen
1173 2738 1231 2774 ein
1259 2738 1494 2783 gewaltiger,
1525 2736 1812 2783 fiberminbtiger
1839 2734 1925 2770 ‚Sie-

381 2802 447 2836 ger
490 2793 722 2836 geworden.“
793 2797 979 2844 Improbat
1017 2797 1063 2832 V.
1107 2796 1144 2830 d.
1189 2801 1347 2829 nostram
1389 2794 1744 2841 interpretationem,
1796 2787 1924 2835 Beni-3,

380 2847 512 2891 1⁰⁶⁰&ss
543 2847 783 2894 Peerlkampii‚
816 2853 1006 2890 Torrentii.
1065 2851 1262 2889 Nobiscum
1293 2851 1383 2887 facit
1417 2851 1585 2896 Orellius,
1614 2849 1671 2884 cni
1706 2848 1787 2885 υἱοὶ.
1820 2848 1923 2894 „hef-

378 2903 455 2949 fig,
485 2903 699 2949 ungestiim“
729 2913 798 2940 est.
