1910 3138
123 119 225 173 '²15
299 183 303 186 ,
365 126 582 169 acuns,
610 125 680 167 An
705 126 902 168 nom-r.
928 126 1099 167 ssrrsr.
1125 126 1158 178 1,
1182 127 1254 178 20,
1283 127 1338 169 19
1355 138 1443 178 sqq.
1582 123 1667 166 563

149 249 191 284 ut
216 242 405 296 quotidie,
440 242 589 293 quoties
623 241 786 280 lectores
819 241 1023 291 invenerit,
1057 240 1109 278 de
1140 252 1183 278 se
1209 244 1352 278 narret.
1400 236 1451 277 At
1485 239 1569 289 quis
1600 250 1677 277 non

149 312 275 363 videt,
298 310 395 350 hnc
419 309 643 348 sententiam
660 309 829 360 ineptam
851 321 1009 361 prorsus
1032 312 1073 346 et
1095 310 1204 346 tanto
1222 311 1340 359 poeta
1364 305 1560 356 indiguam
1578 318 1679 355 esse,

149 378 407 433 quun-‘libem
442 376 514 415 nisi
541 376 705 415 lectores
728 377 936 425 invenerit,
963 389 1013 414 ne
1039 375 1165 427 possit
1191 375 1342 424 quidem
1368 373 1569 424 quiequam
1594 385 1681 412 nar-

148 456 245 489 rare.
294 446 379 485 Alia
397 443 601 484 difficultas
628 445 667 482 in
695 442 813 482 verbo
833 441 976 493 plures
1003 442 1130 493 posita
1156 446 1241 493 est,
1268 442 1394 492 quod,
1424 441 1611 492 siquiden
1630 441 1681 480 de

150 514 354 555 lectoribus
381 514 528 563 agitur,
557 513 719 550 otiosum
747 510 858 562 plane
887 514 926 548 et
953 510 1114 548 ieiunum
1138 514 1211 548 eet.
1264 509 1365 548 Nam
1386 520 1499 559 quum
1527 521 1681 560 comp·-

122 581 126 584 ’
148 584 288 622 ratims
315 594 400 620 esse
427 592 504 618 non
537 580 680 631 possit,
717 578 892 629 quoniam
925 590 1003 614 non
1034 576 1130 615 alius
1158 589 1333 615 numerus
1359 576 1491 626 adest,
1519 589 1681 627 quocum

70 667 75 672 ·
148 654 333 692 lectorum
359 660 534 687 numerus
568 650 828 698 comparetur,
861 645 1028 696 positum
1055 645 1138 683 sine
1165 645 1279 683 dubio
1313 649 1374 684 est
1399 657 1471 697 pro
1499 644 1680 696 complu—

149 731 221 756 res.
266 717 368 763 Quid
393 711 535 765 igitur?
573 719 652 751 tum
677 712 935 751 tautummodo
963 712 1056 750 liber
1083 713 1131 750 de
1158 712 1317 751 Horatio
1340 712 1532 763 narrabit,
1568 726 1683 764 quum

151 784 360 836 complures
392 782 556 820 lectores
582 779 794 819 invenerit?
830 793 944 831 quum
968 793 1063 818 unus
1089 779 1150 817 vel
1178 780 1254 817 duo
1291 791 1402 818 aures
1430 780 1680 832 praebebunt,
1726 772 1728 774 ¹

149 849 319 890 tacebit?
366 849 449 898 An,
485 850 518 887 si
546 850 629 900 quis
666 850 831 886 sortasse
857 848 907 884 ad
934 847 1191 886 recitationem
1222 847 1427 898 confugere
1453 848 1565 899 velit,
1599 853 1683 888 tum

149 918 419 958 tandummodo
452 917 641 966 narrabit,
684 928 798 966 quum
832 927 959 952 coram
992 915 1158 967 pluribus
1194 914 1439 953 recitabitur?
1486 929 1598 967 quum
1630 916 1682 960 ab

149 999 226 1025 uno
253 985 422 1036 legetur,
451 998 527 1023 non
555 983 674 1023 item?
721 983 816 1028 Quis
842 983 995 1020 tandem
1022 982 1206 1020 eiusmodi
1234 982 1395 1034 ineptias
1421 982 1583 1022 Horatio
1609 983 1681 1021 ob-

149 1053 297 1093 trudat!
347 1052 385 1090 Is
418 1054 451 1090 si
487 1052 669 1090 voluisset
706 1051 802 1088 libro
834 1050 1076 1101 praecipere,
1119 1056 1161 1089 ut
1195 1050 1308 1087 etiam
1344 1049 1392 1089 de
1421 1064 1464 1089 se
1504 1051 1682 1091 nonnulla

150 1120 355 1160 lectoribus
379 1124 572 1168 narraret,
601 1131 792 1170 nunquam
813 1116 987 1169 profecto
1010 1130 1033 1155 a
1058 1117 1247 1156 sententia
1270 1121 1348 1155 tam
1372 1118 1496 1156 otiosa
1518 1123 1558 1157 et
1579 1119 1681 1157 inani

151 1202 308 1228 exorsus
339 1192 467 1238 esset,
503 1188 572 1226 sed
608 1187 813 1225 indicasset
850 1196 1043 1234 caussam,
1080 1197 1144 1222 cur
1176 1184 1215 1221 id
1248 1185 1374 1223 vellet.
1431 1185 1538 1230 Quae
1566 1200 1680 1238 quum
1731 1205 1739 1212 ·

151 1257 205 1294 ita
231 1257 330 1302 sint,
357 1255 593 1302 manifestum
621 1258 705 1303 est,
732 1251 870 1301 verba,
896 1252 945 1290 de
974 1252 1107 1303 quibus
1137 1253 1301 1303 agimus,
1334 1265 1413 1291 non
1440 1254 1490 1291 ad
1519 1253 1680 1292 lectoroe

151 1324 371 1373 referenda,
416 1323 485 1360 sed
521 1335 604 1360 cum
637 1319 943 1359 antecedentibus
981 1325 1155 1358 accurate
1188 1321 1449 1371 coniungenda
1484 1325 1597 1372 atque
1631 1322 1681 1360 de

149 1391 281 1429 schola
304 1389 522 1440 accipienda
548 1401 646 1426 esse.
698 1388 879 1426 Horatius
905 1388 958 1425 ita
983 1387 1079 1425 libro
1103 1401 1171 1426 suo
1194 1389 1377 1439 praedicit
1401 1389 1612 1439 fortunam,
1638 1394 1682 1428 nt

150 1463 231 1495 tres
250 1457 331 1495 eius
357 1457 464 1507 quasi
483 1456 620 1507 gradus
638 1456 784 1493 futuros
804 1467 889 1493 esse
908 1460 1124 1506 auguretur.
1165 1456 1351 1505 Primum,
1379 1458 1521 1507 inquit,
1550 1469 1680 1508 quam-

152 1524 217 1562 din
244 1524 312 1562 tibi
335 1525 407 1562 flos
429 1525 501 1561 erit
519 1524 741 1572 iuventutis,
770 1523 935 1574 placebis
953 1523 1133 1566 Romanis
1153 1523 1228 1574 (—
1245 1537 1283 1561 v.
1306 1522 1400 1574 10),
1430 1537 1542 1576 quum
1561 1525 1682 1562 deflo—

151 1592 267 1630 ruerit
292 1596 421 1640 aetas,
446 1590 643 1640 neglectus
675 1590 813 1628 iacebis
833 1595 872 1629 et
893 1591 932 1628 in
955 1575 1164 1641 provincias
1183 1590 1420 1640 ablegaberis
1440 1589 1510 1639 (—
1533 1603 1570 1631 v.
1595 1592 1680 1640 16),

151 1672 267 1698 senex
288 1659 449 1709 denique
473 1671 612 1710 pueros
631 1658 787 1696 docebis
810 1662 873 1708 et,
901 1662 944 1695 ut
972 1658 1097 1696 solent
1122 1658 1394 1708 ludimagistri,
1420 1659 1533 1696 vitam
1559 1670 1679 1696 meam

151 1726 344 1765 enarrabis
371 1726 445 1776 (—
470 1726 567 1776 fiu.).
625 1726 690 1763 Sic
716 1727 841 1764 omnia
868 1730 956 1778 apte
983 1727 1081 1764 iuter
1106 1739 1149 1764 se
1176 1726 1401 1775 cohaerere,
1430 1725 1540 1764 facile
1567 1726 1680 1764 intel·

149 1795 292 1844 ligitur.
333 1794 536 1844 Reliquum
554 1797 680 1830 tamen
697 1798 777 1842 est,
808 1797 849 1831 ut
868 1806 1115 1844 quaeramus,
1144 1793 1305 1846 quando
1326 1799 1567 1832 enarraturus
1586 1794 1679 1832 liber

150 1863 203 1900 sit
223 1862 336 1899 vitam
358 1860 506 1899 Horatii
524 1860 561 1898 h.
582 1873 615 1900 e.
636 1861 822 1911 quomodo
840 1874 973 1899 versus
996 1863 1051 1903 19
1072 1862 1313 1914 explicandus
1330 1862 1393 1900 sit.
1441 1862 1524 1900 Jam
1542 1866 1679 1913 sponte

150 1935 333 1980 apparet,
359 1941 437 1966 non
463 1928 630 1979 quotidie
656 1928 696 1965 id
724 1928 805 1966 fieri
832 1929 1026 1980 potuisse,
1057 1931 1184 1980 itaque
1209 1929 1326 1968 verba
1343 1929 1405 1967 sol
1425 1929 1581 1980 tepidus
1606 1942 1678 1967 ne·

151 2010 224 2047 que
250 1996 299 2034 ad
327 1996 579 2046 vespertinum
607 2007 729 2046 neque
757 1996 806 2033 ad
832 1997 1052 2035 matutinum
1070 1999 1145 2035 diei
1163 2002 1336 2049 tempus,
1369 1999 1438 2035 sed
1462 1997 1610 2047 potina,
1635 2002 1678 2034 ut

150 2065 224 2101 iam
251 2062 461 2101 Schmidius
489 2063 734 2114 significavit,
767 2064 818 2101 ad
844 2064 932 2102 anni
954 2069 1219 2117 tempestatem
1250 2078 1354 2112 eam,
1390 2077 1464 2114 qua
1494 2064 1553 2101 sol
1579 2065 1678 2116 tepi-

151 2131 223 2168 dus
251 2135 311 2168 est
333 2130 518 2181 simulque
538 2132 665 2182 plures
695 2144 805 2182 quam
832 2136 946 2170 autea
972 2133 1080 2182 pueri
1108 2132 1257 2170 scholas
1284 2132 1526 2182 frequentare
1553 2131 1678 2169 solent

150 2197 187 2235 h.
218 2211 254 2239 e.
279 2198 329 2235 ad
356 2201 596 2235 auctumnum
618 2199 814 2236 referenda
842 2212 938 2236 esse.
989 2197 1062 2236 Per
1090 2203 1272 2237 aestatem
1294 2199 1404 2237 etiam
1429 2198 1542 2237 hodie
1565 2197 1678 2237 scho-

152 2264 210 2301 lae
237 2266 458 2313 inferiores,
487 2267 709 2315 praesertim
735 2266 832 2313 ruri,
862 2278 975 2316 quum
1007 2265 1113 2302 liberi
1141 2269 1299 2316 propter
1330 2266 1496 2317 agrestia
1523 2267 1678 2317 negotia

152 2332 254 2368 domi
277 2333 530 2382 retineantur,
564 2334 684 2371 minus
712 2335 952 2383 frequentes,
990 2345 1102 2383 quam
1128 2345 1196 2382 per
1220 2332 1379 2371 hiemem
1413 2338 1514 2371 sunt.
1565 2333 1676 2386 Apud

152 2397 344 2436 Romanos
371 2405 527 2452 propter
562 2401 727 2438 aestivos
757 2399 900 2437 calores
926 2400 1030 2437 multi
1069 2413 1145 2438 non
1174 2399 1330 2438 obibant
1365 2400 1538 2451 scholas,
1574 2414 1676 2454 nam,

153 2471 196 2502 ut
222 2465 405 2503 Martialis
434 2469 511 2518 (ap.
542 2467 729 2517 Schmid.)
758 2467 865 2505 dicit:
912 2472 1071 2506 aestate
1094 2468 1214 2517 pueri
1239 2468 1276 2504 εἰ
1302 2466 1458 2518 valent,
1485 2468 1584 2505 satie
1610 2468 1677 2506 di·-

152 2540 282 2569 scunt.
337 2533 395 2570 Ab
422 2533 546 2571 idibus
565 2534 792 2572 Octobribus
820 2535 926 2585 pueri
944 2535 1163 2585 frequentes
1181 2536 1338 2572 aderant
1360 2539 1399 2573 et
1415 2547 1553 2573 novum
1570 2539 1678 2587 quasi

153 2599 322 2636 discendi
349 2612 494 2639 cursum
524 2601 851 2651 ingrediebantur,
878 2607 957 2639 tum
986 2602 1098 2652 igitur
1129 2601 1241 2640 etiam
1266 2602 1540 2654 ludimagister,
1570 2604 1676 2642 cuins

154 2670 281 2714 partes
317 2667 390 2703 iam
417 2667 466 2704 ad
501 2667 637 2705 libmm
675 2669 972 2718 transferuntur,
1009 2674 1098 2720 apte
1126 2681 1150 2706 a
1179 2674 1334 2720 poetae,
1369 2671 1472 2708 cuius
1511 2672 1675 2710 carmina

156 2732 406 2782 explicaturus
442 2738 544 2783 erat,
580 2735 655 2771 vita
685 2735 959 2774 exordiebatur.
1016 2735 1258 2775 Manifestum
1285 2741 1346 2776 est
1371 2742 1514 2786 autem,
1547 2738 1675 2777 Hora-

155 2800 246 2837 tium
272 2799 340 2837 hac
368 2801 566 2838 occasione
595 2813 700 2838 usum
727 2814 833 2851 esse,
864 2806 904 2840 ut
932 2802 981 2841 de
1011 2815 1055 2841 se
1084 2815 1227 2854 suaque
1260 2804 1335 2843 vita
1362 2805 1539 2844 nonnulla
1571 2807 1674 2845 inse-
