1910 3138
117 213 174 256 89
236 210 513 253 m.
531 211 588 252 IN
606 211 731 251 ROB.
747 209 849 251 Lm.
862 211 892 250 1.
920 210 1477 257 EplsT..QtJ1NT.f.nssc1M.
1535 210 1623 253 249

118 337 529 388 snm-amputatione
552 335 647 387 (ἳέ)
672 337 937 386 conditionem,
964 349 1088 386 neque
1112 336 1184 374 vim
1206 348 1326 388 prope
1350 337 1621 377 intolerabilem

115 405 332 458 perf-tione
356 404 422 442 illa
443 403 612 455 partibus
639 405 808 456 eorporis
835 404 932 443 male
955 405 1103 443 affectis
1129 404 1380 453 illatam,.aed
1401 417 1529 443 eorum
1551 418 1624 444 no-

115 472 336 523 ut-ngendi
361 471 559 521 rationem,
585 472 648 522 qui
676 485 798 511 novae
820 471 994 511 medendi
1022 471 1157 508 rationi
1180 470 1486 522 obtemperantes
1509 473 1624 522 Baja-

114 539 175 578 nin
194 539 354 579 thermis
378 539 502 578 famae
523 539 740 579 celebritate
766 541 936 591 quamvis
964 538 1172 586 insignibus
1202 538 1357 588 frigidas
1391 543 1624 590 anteponere

114 619 192 645 non
226 606 434 646 dubit-nt.-
475 606 575 645 Tum
607 608 766 659 exempli
795 621 909 646 causa
935 608 1010 645 duo
1037 609 1114 658 jam
1141 610 1330 656 ponuntur
1355 606 1536 645 locaillis
1565 607 1624 645 la-

114 674 324 713 vationibus
350 674 539 714 celebrata
568 675 729 725 indeque
753 675 800 713 ab
827 676 951 725 aegris
978 688 1063 712 cum
1090 674 1228 712 invidia
1244 672 1472 724 Bajanorum
1488 675 1624 726 petita,

120 741 300 780 Clusium
322 748 361 782 et
385 741 527 789 Gabii,
555 748 611 794 ut,
640 743 702 793 qui
728 744 766 780 in
786 756 861 780 uno
883 747 949 780 aut
972 741 1100 780 altero.
1115 741 1255 792 oppido
1279 742 1478 779 Horatium
1501 741 1625 792 ipsum

33 796 37 800 .
114 813 193 848 tm
218 811 334 851 fuisse
361 812 487 861 ajunt,
517 823 646 848 errore
674 812 774 861 capti
806 810 1014 848 videantur.
1072 810 1115 847 Si
1147 810 1243 847 fides
1275 808 1448 846 Act-onis
1482 807 1625 846 scholio

114 876 287 919 habenda
302 881 389 915 .est:
420 877 627 925 „Clusinae
655 882 695 915 et
720 877 892 915 Gabinae
917 890 1037 928 aquae
1061 877 1222 928 frigidae
1243 877 1375 925 sunt,“
1400 876 1503 914 cadit
1529 876 1628 913 Tor-

115 945 233 981 remia·
259 945 418 982 calidum
449 945 498 982 de
527 944 667 983 balneis
696 944 916 984 Caeretanis
943 946 1121 983 Straboni
1149 943 1210 995 (5,
1239 946 1278 986 2.
1306 957 1348 995 p.
1375 943 1491 995 356.)
1528 943 1627 982 bene

115 1012 231 1051 notis·
249 1016 519 1062 commentum,
548 1025 622 1063 quo
650 1012 713 1050 illa
728 1013 861 1063 fontes
891 1012 1073 1051 Clusinos
1099 1012 1148 1052 ob
1177 1012 1279 1050 urbis
1306 1011 1627 1062 propinquitatem

115 1079 298 1130 appellari
326 1079 497 1130 potuisse
529 1080 601 1118 sibi
633 1081 851 1131 persuadet.
906 1081 1056 1120 Etenim
1092 1081 1280 1119 Ghuinae
1311 1079 1461 1129 quidem
1491 1091 1627 1128 aquae,

115 1146 326 1198 quod-ipse
355 1147 580 1184 Torrentius
605 1150 791 1198 concedit,
815 1149 1023 1187 medicatae
1047 1150 1168 1187 fuisse
1193 1161 1269 1186 non
1291 1148 1476 1185 videntur.
1511 1146 1625 1185 Cous.

115 1214 240 1263 Heyn.
260 1215 312 1252 ad
329 1214 416 1252 Tib.
433 1215 476 1264 3,
497 1215 537 1264 5,
562 1218 599 1256 1.
626 1219 664 1254 et
683 1215 841 1254 Becker.
870 1216 970 1254 Gall.
999 1217 1049 1255 11.
1076 1230 1117 1268 p.
1143 1217 1213 1257 57.
1253 1216 1495 1267 Quapropter
1514 1228 1627 1265 quum

115 1281 203 1322 Foae
223 1294 372 1332 „aquas
399 1282 619 1334 sulphureas
644 1296 731 1322 esse
751 1284 937 1335 hodieque
956 1284 1134 1323 exstare“
1159 1284 1263 1333 dicit,
1293 1283 1394 1321 dubii
1415 1283 1626 1332 haeremus,

115 1361 204 1387 nnn
216 1352 414 1400 utrumque
432 1350 554 1389 locum
570 1352 800 1403 significarit.
829 1353 882 1390 Et
899 1357 941 1390 ut
957 1352 1192 1403 significarit,
1209 1351 1443 1403 probabilem
1460 1352 1626 1394 dicemus

115 1414 387 1454 Lindemanni
406 1417 461 1470 (p.
473 1417 539 1469 4.)
557 1420 822 1470 suspicionem,
849 1432 924 1470 qua
940 1419 1137 1458 Horatium
1157 1419 1291 1457 balnea
1308 1419 1504 1469 Cassiam,
1528 1431 1628 1470 qnae

114 1483 227 1522 hodie
246 1484 375 1535 (bagni
392 1485 431 1522 di
449 1486 508 1526 St.
529 1486 735 1536 Cassiano)
761 1487 800 1524 in
828 1487 962 1524 vicinia
989 1486 1092 1524 urbis
1120 1485 1258 1525 Chiusi
1278 1488 1368 1538 sint,
1397 1487 1627 1525 intellexisse

24 1589 32 1594 ,
116 1551 331 1590 arbitram.
348 1551 527 1590 Clusium
541 1557 680 1599 autem,
692 1553 863 1592 Etruriae
875 1554 1069 1605 oppidum,
1083 1555 1187 1604 quod
1201 1555 1325 1605 spatio
1343 1555 1456 1592 tridui
1470 1567 1493 1592 a
1503 1555 1628 1593 Roma

117 1619 302 1670 distabat,
329 1619 549 1659 Porsennae
576 1621 664 1659 olim
690 1623 833 1673 regiam
851 1622 1007 1672 ejusque
1027 1621 1238 1670 labyrintho
1259 1626 1299 1660 et
1316 1622 1489 1673 sepulcro
1505 1621 1627 1660 inclu-

116 1691 194 1724 tum
221 1687 338 1725 fuisse
365 1700 411 1725 ex
433 1688 604 1726 Varrone
628 1692 756 1726 narrat
781 1688 923 1726 Plinius
957 1688 1023 1737 (H.
1051 1689 1103 1727 N.
1131 1690 1202 1740 36,
1234 1689 1328 1739 13.).
1374 1690 1436 1727 Cf.
1464 1690 1557 1730 ibid.
1582 1690 1626 1740 3,

43 1794 46 1797 .
120 1754 158 1794 5.
187 1754 306 1793 Geso.
327 1755 543 1794 Chrestom.
560 1769 599 1807 p.
615 1755 711 1798 374.
737 1759 777 1794 et
804 1755 931 1796 1004.
955 1756 1084 1795 Sti-ab.
1105 1757 1143 1803 5,
1173 1758 1213 1798 2.
1237 1770 1276 1808 p.
1302 1758 1402 1798 366.
1424 1757 1555 1796 Heius.
1575 1759 1627 1795 ad

119 1821 188 1860 Sil.
211 1821 295 1862 lml.
323 1823 364 1868 8,
384 1822 480 1863 463.
501 1823 662 1874 Rupert.
681 1824 730 1861 ad
751 1823 834 1861 Liv.
862 1825 904 1873 2,
927 1825 969 1873 9,
997 1826 1036 1866 1.
1063 1825 1221 1875 Forbig.
1241 1826 1291 1862 ad
1310 1823 1533 1874 Virg..Aen.
1556 1825 1626 1875 10,

123 1891 215 1930 167.
258 1890 357 1928 Goel
391 1890 508 1930 Rosa.
538 1891 580 1928 in
604 1890 770 1929 Giomal.
798 1891 940 1929 Arcad.
978 1892 1102 1933 1819.
1135 1892 1305 1931 laudatus
1330 1905 1356 1930 a
1381 1891 1499 1930 Sickl.
1527 1892 1557 1930 l.
1584 1906 1625 1943 p.

117 1958 216 1999 317.
242 1979 291 1985 —
320 1956 382 1995 De
412 1956 572 2005 Gabiis,
599 1958 778 2010 oppidulo
801 1959 851 1996 ad
871 1959 970 1996 viam
990 1958 1274 1999 Praenestinam
1298 1961 1374 1999 sito
1391 1965 1431 2000 et
1454 1960 1500 1998 ab
1520 1959 1626 1998 Urbe

118 2026 203 2066 xa.
224 2026 278 2065 M.
295 2026 342 2064 Ρ.
362 2026 525 2065 distante
552 2027 627 2067 vid.
656 2040 751 2077 quos
779 2026 1008 2064 laudavimus
1034 2028 1084 2065 ad
1109 2030 1177 2078 11,
1196 2030 1236 2070 7.
1266 2028 1457 2067 Meritoria
1475 2028 1627 2078 quidem

116 2093 253 2135 balnea
282 2098 442 2133 testatur
468 2093 602 2132 Juven.
629 2095 679 2142 7,
707 2095 748 2134 3.
788 2093 992 2132 Balneum
1023 2094 1167 2133 Gabiis
1177 2123 1193 2141 ,
1230 2096 1384 2133 Romae
1414 2094 1627 2131 conducere

108 2163 298 2214 smmum.
313 2159 352 2214 *)
390 2162 540 2213 Aquae
570 2161 725 2200 Gabiae
753 2149 850 2213 [lege¹
874 2163 1054 2213 Gabinae]
1079 2164 1308 2202 mentionem
1337 2164 1426 2200 facit
1452 2161 1625 2211 Porphy-

119 2231 201 2268 rion
225 2232 274 2269 ad
302 2230 370 2279 11,
397 2232 451 2277 7.;
480 2231 527 2268 cf.
556 2229 711 2280 Forbig.
740 2232 790 2268 ad
818 2231 919 2280 Virg.
947 2229 1042 2270 Aen.
1071 2233 1113 2279 7,
1137 2232 1231 2271 682.
1262 2235 1301 2268 et
1319 2229 1446 2267 Strab.
1466 2229 1490 2265 l.
1510 2241 1625 2278 supra

121 2297 246 2336 allato.
292 2297 351 2336 De
384 2298 528 2336 musivo
563 2299 726 2349 quodam
753 2298 867 2336 cellae
897 2299 955 2336 vel
984 2298 1199 2348 frigidariae
1234 2296 1294 2334 vel
1322 2295 1527 2347 tepidariae
1554 2308 1625 2332 no-

123 2368 202 2417 stra
229 2369 353 2402 aetate
378 2364 451 2404 illic
476 2371 629 2417 reperto
661 2366 735 2404 vid.
763 2367 951 2416 ,‚Allgem.
976 2365 1053 2404 Lit.
1080 2365 1179 2402 Zeit.
1208 2363 1439 2413 Intelligbl,“
1474 2363 1526 2400 N.
1554 2363 1624 2403 30.

64 2487 69 2502 y
123 2443 163 2480 Ρ.
191 2429 284 2472 249.
311 2431 397 2470 Hal.
426 2433 549 2474 1837.
578 2438 617 2472 et
643 2435 691 2472 de
719 2434 802 2472 lacu
827 2433 1001 2480 Gabino,
1038 2432 1087 2469 ad
1117 2444 1228 2481 quem
1256 2431 1389 2468 balnea
1421 2430 1625 2468 constituta

236 2554 269 2599 *)
289 2556 358 2590 Hic
376 2557 472 2591 locus
494 2559 532 2592 in
548 2559 746 2594 memoriam
760 2559 862 2593 nobis
881 2563 1028 2591 revocat
1045 2559 1085 2592 11
1099 2582 1110 2599 ,
1130 2556 1187 2590 13.
1197 2559 1330 2600 sarnus
1348 2560 1382 2590 et
1399 2556 1528 2590 balnea
1543 2556 1624 2590 lau-

125 2614 187 2648 dat
203 2612 229 2645 i.
249 2624 280 2646 e.
301 2623 491 2658 pauperum
509 2614 644 2658 frigore
669 2621 909 2660 correptorum
935 2625 1064 2647 morem
1092 2613 1136 2646 ad
1164 2611 1335 2656 pistorum
1364 2612 1485 2645 furnos
1510 2611 1568 2646 vel
1585 2610 1623 2646 in

125 2667 259 2703 balneis
279 2680 358 2703 sese
378 2668 618 2704 calefaciendi.
650 2672 741 2705 Eum
759 2671 917 2716 apprime
933 2670 1087 2703 illustrat
1104 2668 1259 2712 Alciphr.
1278 2667 1323 2711 3,
1339 2664 1386 2703 42
1398 2693 1409 2710 ,
1430 2669 1488 2703 16.
1513 2678 1623 2703 πατα-

126 2724 288 2769 λήψομαι
318 2721 385 2764 τὰς
415 2720 565 2768 ἐγγύθεν
588 2727 762 2768 καμίνους
779 2725 840 2760 καὶ
864 2726 915 2771 τῷ
940 2723 1028 2767 πυρὶ
1048 2719 1068 2757 ὁ
1088 2721 1263 2766 δύστηνος
1281 2721 1492 2768 θάὶψομαι.
1517 2724 1622 2759 Gonf.

128 2783 162 2824 1,
175 2781 235 2826 23,
251 2781 309 2815 13.
329 2781 480 2824 δραμεῖν
499 2779 551 2819 εἰς
569 2777 653 2819 τοὺς
671 2782 808 2821 &diove
829 2775 853 2824 ἢ
873 2778 938 2819 τὰς
953 2778 1127 2824 wolvone
1140 2779 1214 2814 rain
1226 2774 1446 2825 βαλανεῖα),
1464 2780 1507 2815 ad
1521 2791 1622 2827 quem

129 2837 240 2871 locum
265 2837 416 2882 Bergler
437 2836 557 2871 laudat
582 2835 763 2883 Aristoph.
792 2837 885 2871 Plut.
905 2836 987 2871 953.
1008 2839 1045 2870 et
1073 2836 1191 2871 Schol-
1210 2837 1256 2872 nd
1274 2835 1355 2872 535.
1383 2837 1549 2873 Eumth.
1575 2839 1621 2873 ad

130 2892 229 2927 Hom.
252 2894 324 2928 Od.
343 2906 379 2939 p.
399 2895 480 2929 672.
499 2893 559 2927 liu.
575 2893 633 2927 30.
654 2893 710 2927 ed.
728 2893 810 2928 Bas.
