1910 3138
163 233 228 283 ,³1⁷
287 230 566 274 comm.
594 229 654 271 IN
670 229 795 272 ΗΘΒ.
815 229 915 270 Lm.
937 230 966 270 1.
999 229 1165 270 EPIST.
1184 224 1332 269 sEP’r.
1350 227 1527 269 Bm
1608 225 1694 268 365

170 346 284 399 quiec
313 349 356 386 et
385 345 544 397 primm
578 357 734 383 somnus
767 344 807 382 in
830 343 962 382 horam
991 356 1067 382 non
1103 343 1272 381 indicant
1297 341 1373 380 iter
1403 354 1475 394 per
1508 345 1693 381 aestatem

168 413 268 464 grati
291 412 449 463 frigoris
484 412 655 451 matutini
686 424 801 451 eausa
834 416 923 450 ante
957 412 1076 450 lucem
1108 414 1345 462 susceptum,
1379 409 1451 448 sed
1481 409 1695 448 officiorum

167 479 499 530 undae-norum,
528 491 626 530 quae
646 491 818 518 somnum
837 479 1013 528 turbent,
1039 492 1151 530 quum
1179 483 1448 530 patronorum,
1471 480 1551 516 tum
1577 477 1692 516 clien-

168 547 263 586 tim
287 547 523 586 incommoda
546 558 591 584 ac
611 546 827 596 molestias,
855 551 896 585 ut
920 548 1003 585 Sat.
1036 549 1075 596 1,
1104 550 1142 596 1,
1172 546 1237 588 10.
1264 547 1390 597 Epist.
1411 546 1451 594 1,
1476 546 1520 594 7,
1544 544 1600 586 68
1625 543 1693 592 (ib-

157 614 277 665 nm.)
311 615 352 665 2,
382 616 421 664 1,
455 612 537 656 104
565 613 633 665 (ib.
663 614 863 666 Schmid.).
911 615 1002 653 [nde
1034 615 1146 654 Mart.
1184 615 1227 663 4,
1254 616 1296 664 8,
1329 615 1367 655 1.
1417 612 1558 649 Prima
1583 610 1694 649 sahe-

169 687 300 721 mm
322 689 443 734 atque
476 681 604 720 altem
639 683 813 719 continet
839 681 951 719 hora.
1017 682 1076 724 Id.
1107 685 1153 732 1,
1178 683 1253 732 50,
1282 682 1351 724 35.
1407 680 1506 718 Non
1539 687 1695 731 mmpet

168 748 301 788 aluam
319 749 504 801 pallidus
522 763 704 787 somnum
720 763 832 788 reus.-
867 750 951 788 Sed
966 763 1084 788 mane
1101 750 1280 792 dormies,
1321 748 1380 787 Id.
1398 749 1466 797 10,
1481 748 1551 798 70,
1571 747 1693 789 5—8.

168 815 295 856 Nune
320 816 583 856 malutantes
604 817 718 855 video
745 824 962 855 nocturnus
988 819 1208 856 amicos—
1224 818 1349 855 Nunc
1371 830 1435 854 me
1445 817 1587 868 prima
1604 814 1696 866 eibi,

169 897 279 924 nune
302 884 381 923 sibi
405 887 548 938 quinta
573 886 694 936 rapit.
747 885 845 924 lbid.
870 884 947 936 74,
979 887 1017 926 1.
1047 887 1072 929 2
1093 909 1149 916 —-
1170 887 1236 928 12.
1289 886 1384 924 Jam
1417 897 1540 935 parce
1574 883 1695 933 lamo,

169 950 305 990 Roma
313 980 331 999 ,
369 952 614 1004 gratulator-i
622 980 639 999 ,
681 953 811 990 Lasso
847 952 984 990 clienti
1010 975 1066 981 —-
1099 953 1211 1003 Quid
1234 954 1511 1005 concupiscam
1538 953 1696 1004 quaeris

170 1019 293 1071 ergo?
333 1019 515 1058 dormite.
558 1020 615 1061 ld.
646 1021 720 1069 12,
742 1020 814 1066 18,
842 1021 909 1061 13.
938 1020 1102 1072 Ingenti
1116 1021 1239 1073 fruor
1263 1019 1518 1073 improboque
1541 1033 1694 1069 somno,

176 1086 308 1137 Quam
336 1100 409 1125 noc
434 1089 548 1126 tertia
575 1100 691 1138 saepe
715 1089 869 1138 rumpit
890 1088 1002 1130 Ιιονα,
1031 1089 1085 1127 Id.
1118 1090 1186 1139 12,
1214 1091 1285 1139 68,
1314 1090 1435 1132 1—5.
1490 1090 1696 1127 Matutine

169 1155 292 1195 ouem
300 1182 319 1202 ,
349 1153 460 1193 urbis
487 1155 588 1193 mihi
613 1168 739 1210 causa
755 1155 914 1194 relictae
944 1156 1038 1196 otia
1057 1170 1119 1194 me
1138 1171 1376 1210 somnusque
1390 1160 1571 1205 juvant,
1593 1171 1696 1210 quae

169 1235 322 1274 mag-na
348 1224 512 1275 negavit
546 1223 693 1262 Roma.
749 1223 807 1263 Id.
839 1225 879 1274 1,
906 1224 978 1273 56,
1005 1225 1046 1264 6·
1070 1225 1113 1273 8,
1137 1222 1208 1276 44,
1236 1224 1277 1267 4.
1302 1226 1342 1267 5.
1371 1227 1412 1276 9,
1440 1227 1510 1276 93,
1543 1226 1695 1267 3—6·

171 1290 249 1340 10,
278 1290 355 1340 51,
382 1291 424 1332 5.
451 1292 492 1332 6.
518 1291 597 1341 58,
627 1293 694 1334 11.
720 1291 797 1340 82,
823 1292 862 1332 1.
893 1292 931 1333 2.
959 1293 1037 1342 12,
1065 1294 1135 1343 26,
1168 1294 1315 1335 1—9.
1361 1294 1494 1335 Juven.
1517 1294 1568 1344 8,
1597 1295 1693 1336 127.

169 1356 328 1397 Lucian.
355 1358 507 1409 Nigrin.
536 1358 603 1402 22.
646 1359 743 1398 nine
769 1358 914 1397 Plinius
941 1359 1066 1411 Epist.
1093 1362 1135 1411 7,
1163 1361 1207 1411 3,
1235 1364 1275 1404 2.
1306 1361 1376 1414 (ib.
1405 1362 1524 1402 Gesn.
1544 1366 1583 1400 et
1603 1361 1697 1400 Gie-

171 1424 286 1478 ἧς),
323 1440 438 1477 quum
464 1428 623 1466 amicum
650 1439 675 1465 a
700 1427 815 1477 longo
844 1440 996 1466 secessu
1024 1428 1064 1466 in
1097 1428 1229 1468 urbem
1256 1436 1428 1470 revocat:
1484 1430 1697 1482 Quousque

170 1493 388 1546 agnobi-5?
414 1508 616 1546 quousque
638 1494 828 1546 vigilabis
839 1523 855 1541 ,
882 1509 1007 1548 quum
1024 1497 1161 1535 voles?
1187 1496 1381 1544 dormies,
1412 1498 1607 1549 quamdiu
1626 1511 1698 1536 νο-

172 1561 261 1600 lec?
301 1563 524 1613 Quanquam
553 1563 647 1602 haec
668 1563 722 1602 ita
741 1568 852 1614 sunt,
878 1569 1006 1603 tamen
1027 1565 1118 1603 alias
1146 1567 1268 1604 somni
1291 1565 1441 1617 abrupti
1469 1578 1603 1604 causas
1626 1567 1699 1603 mi-

170 1630 271 1670 nime
297 1630 541 1681 negabimus,
565 1635 608 1668 ut
635 1632 720 1670 Sat.
751 1634 791 1681 1,
820 1633 862 1681 6,
895 1633 990 1673 119.
1018 1632 1104 1673 Juv.
1128 1634 1171 1683 3,
1196 1632 1280 1675 284
1303 1633 1461 1675 —238.
1488 1632 1601 1671 Mart.
1628 1634 1697 1683 12,

173 1697 244 1747 57,
271 1694 340 1740 24.
387 1699 532 1735 Prima
559 1702 682 1737 autan
708 1699 807 1736 hora
835 1703 916 1749 est,
954 1713 1069 1750 quum
1103 1700 1163 1740 sol
1194 1701 1357 1740 solstitio
1387 1702 1537 1752 quidem
1565 1705 1699 1752 quarta

172 1765 354 1804 matutina
381 1766 500 1804 oritur
533 1770 574 1804 et
609 1771 741 1805 octava
767 1767 983 1818 vespertina
1019 1769 1180 1815 oceidit;
1221 1774 1369 1808 veteres
1404 1769 1502 1807 enim
1538 1770 1698 1808 Romani

173 1833 273 1871 diem
300 1845 421 1884 aeque
447 1833 632 1872 aestivum
660 1839 775 1885 atque
801 1834 994 1872 hibernum
1024 1835 1064 1873 in
1091 1837 1284 1875 duodenas
1317 1838 1428 1876 horas
1466 1837 1698 1886 dividebant,

174 1903 218 1938 ut
242 1899 358 1938 horae
381 1902 547 1940 aestivae
574 1902 739 1941 hibernis
766 1902 881 1940 multo
909 1903 1172 1954 productiores
1199 1909 1338 1946 essent.
1382 1905 1495 1948 Cons,
1520 1904 1698 1957 Rappolt.

174 1978 214 2019 Ρ.
240 1968 337 2008 786.
363 1968 498 2008 Heind.
531 1970 580 2008 ad
604 1971 685 2008 Sat.
718 1971 756 2020 1,
786 1970 826 2020 5,
849 1969 915 2011 23.
956 1970 1096 2011 Rader.
1124 1972 1174 2009 ad
1200 1972 1315 2013 Mart.
1346 1975 1413 2022 12,
1443 1975 1484 2022 1,
1515 1972 1554 2015 4.
1599 1973 1698 2010 {ndi-

19 2019 59 2089 {3
176 2034 272 2073 cium
298 2038 422 2074 autem
448 2037 618 2086 ignaviae
645 2041 684 2076 et
709 2038 957 2087 indolentiae,
999 2039 1103 2088 quod
1131 2039 1170 2076 in
1194 2039 1266 2077 hae
1289 2052 1332 2077 re
1358 2042 1524 2079 sentiunt
1562 2041 1697 2078 Sana-

177 2101 304 2140 donus
335 2106 374 2141 et
400 2103 661 2156 Doriglzello‚
702 2105 814 2158 plane
850 2106 990 2143 nulium
1027 2111 1100 2144 est.
1153 2106 1196 2144 In
1230 2120 1338 2158 seqq.
1378 2113 1483 2147 recte
1524 2107 1698 2146 Orellius

178 2165 376 2222 ἆβλεψίαν
410 2184 539 2211 eorum
567 2177 696 2222 notat,
734 2174 798 2225 qui
830 2173 1037 2224 pulverem
1074 2181 1110 2211 et
1149 2175 1354 2224 strepitum
1384 2182 1560 2212 rotarum
1572 2173 1612 2226 *)
1649 2175 1699 2213 ad

178 2241 399 2276 nocturnum
426 2244 574 2292 tempus
603 2241 705 2292 (JuV.
733 2242 775 2291 3,
804 2242 898 2282 236.
927 2241 1040 2279 Mart.
1068 2241 1109 2290 4,
1134 2240 1203 2291 64,
1228 2242 1326 2292 20),
1354 2256 1429 2292 quo
1458 2243 1520 2280 ille
1548 2243 1699 2293 quidem

176 2306 217 2344 in
236 2306 373 2345 lectulo
402 2320 471 2345 suo
498 2308 707 2357 jacentibus
732 2308 915 2347 molestus
947 2321 1033 2347 esse
1064 2309 1213 2359 nequit,
1241 2309 1383 2346 referre
1413 2322 1488 2347 non
1515 2310 1701 2349 dubitant.

179 2372 316 2423 Neque
335 2375 433 2412 enim
456 2375 534 2425 jam
552 2376 601 2414 de
629 2378 750 2414 causis
769 2376 1060 2424 insomniorum,
1088 2376 1158 2413 sed
1179 2377 1227 2413 de
1248 2375 1448 2422 molestiis,
1471 2390 1565 2428 quas
1584 2390 1702 2428 quae-

180 2439 236 2478 vis
265 2440 340 2478 diei
368 2440 462 2480 hora
488 2442 620 2492 affert,
658 2444 792 2493 agitur,
844 2442 970 2493 Atque
998 2443 1099 2480 haud
1127 2444 1207 2481 scio
1236 2455 1285 2480 an
1310 2442 1395 2493 plus
1420 2456 1543 2494 aequo
1571 2449 1701 2484 acutus

179 2506 231 2544 sit
255 2506 402 2552 Dara,
439 2521 550 2557 quum
580 2522 626 2548 ex
661 2510 759 2548 facta
780 2510 962 2560 pulveris
996 2510 1185 2548 mentione
1222 2509 1321 2547 effici
1349 2509 1450 2560 vult,
1487 2512 1567 2549 vias
1595 2511 1700 2551 urbis

178 2572 322 2610 Romae
348 2578 412 2610 aut
437 2572 549 2624 plane
576 2588 673 2627 non,
706 2582 771 2615 aut
798 2578 894 2615 male
920 2582 1058 2615 stratas
1095 2576 1224 2614 fuisse.
1291 2575 1439 2614 Illarum
1468 2581 1592 2616 autem
1618 2592 1702 2619 mo-

179 2639 371 2678 lestiarum
400 2644 700 2681 commemoratio
729 2657 805 2682 non
826 2643 923 2694 fugit
946 2644 1061 2692 alios,
1100 2647 1142 2680 ut
1171 2643 1377 2682 Auctorem
1404 2643 1523 2683 Nucis
1557 2644 1700 2698 elegiae

294 2799 332 2843 ²⁸¹)
352 2797 519 2844 Intellige
540 2797 700 2844 plaustra
719 2812 907 2848 eorumque
934 2802 971 2836 in
995 2801 1085 2836 vicis
1103 2812 1332 2846 concursum;
1358 2804 1488 2839 etenim
1508 2817 1609 2852 quam
1630 2819 1699 2843 non

184 2852 326 2889 licuerit
355 2855 393 2890 in
423 2855 511 2890 urbe
550 2854 688 2901 quidem
714 2857 856 2901 rhedis,
895 2857 994 2892 cisiis
1031 2858 1114 2893 vehi
1138 2859 1223 2894 vide
1251 2859 1344 2906 apud
1375 2861 1517 2898 Becker.
1550 2852 1645 2900 0211.
1670 2867 1697 2900 1.

185 2919 222 2954 p.
239 2911 307 2946 219
327 2923 381 2957 sq.

240 2976 381 3013 Honr.
400 2979 447 3013 Π.
1337 2978 1393 3020 24
1420 2981 1482 3033 (2)
