1910 3138
313 202 397 277 4oo

850 237 1232 278 Ho-RATII

1783 239 1836 281 52

380 353 634 411 Propugnat
669 351 796 410 nugis
833 353 1046 396 armatus:
1081 352 1279 412 „scilicet
1307 356 1471 398 ut-non

380 430 448 476 Sit
477 430 577 474 mihi
613 430 749 489 prima
784 429 891 474 fides
930 433 1000 492 et,
1035 444 1142 475 vere
1179 430 1291 490 quod
1319 431 1487 491 placet,
1520 434 1568 476 ut
1601 447 1685 478 non

377 509 546 553 Acriter
577 507 789 553 elatrem?
827 511 1008 569 pretium
1038 516 1161 558 aetas
1197 514 1338 558 altera
1370 507 1570 554 sordet-‘⁶

375 588 621 649 Ambigitur
652 588 750 647 quid
785 587 928 633 enim?
973 590 1133 638 Castor
1159 593 1268 636 sciat
1303 604 1360 634 an
1393 588 1599 634 Dolichos
1634 591 1754 650 plus3

374 667 648 713 Brundisium
675 667 836 713 Minuci
865 670 1016 714 melius
1051 673 1123 716 via
1154 671 1282 715 ducat
1316 683 1371 713 an
1399 667 1532 727 Appi·

305 795 400 824 teste
419 792 550 826 Bothio
568 791 726 835 Bodon.,
746 794 926 838 approbat
950 793 1050 828 Mea-

306 847 491 882 dowcourt
516 849 611 894 apud
630 849 823 883 Duncomb.
844 850 891 885 ΙΙ.
911 863 947 896 p.
968 852 1048 887 602.

305 906 396 940 conf.
412 905 565 951 Cuning.
581 906 763 940 Animadv.
786 919 817 942 e.
836 907 892 942 13.
909 920 946 953 p.
965 905 1047 943 243.

304 981 359 987 —-
378 963 527 1007 caprina
546 967 591 997 et.
626 962 713 998 Mss.
741 964 795 999 lk.
822 969 862 997 ut
880 965 1048 998 videntur

303 1016 339 1053 4.
362 1018 396 1053 5.
418 1020 500 1054 6.?!
538 1019 607 1053 Ed.
631 1020 749 1054 Bentl.
767 1021 810 1055 de
831 1022 1046 1066 conjectura,

303 1086 404 1121 quem
424 1088 498 1122 seq.
529 1076 649 1110 Maitt.
669 1077 811 1111 Wakef.
833 1078 953 1113 Wetz.
974 1079 1047 1112 Ha-

302 1133 395 1166 berf.
426 1132 592 1167 Praedic.
627 1134 750 1168 Jaeck.
791 1134 909 1169 Schm.
943 1136 1045 1169 Pass-

300 1190 456 1224 Braunh.
477 1190 611 1236 Charp.
631 1190 749 1227 Amar.
776 1191 868 1226 conf.
890 1192 1044 1237 Cuning.

301 1246 324 1281 1.
341 1246 365 1281 l.
385 1248 484 1296 Alter
501 1247 613 1282 rixari
629 1248 672 1281 de
686 1249 709 1281 l.
726 1260 754 1282 s.
771 1261 801 1282 c.
819 1248 1044 1295 Propugnat,

299 1315 392 1349 nug.
414 1309 582 1338 armatus.
613 1304 673 1338 Sic
694 1305 767 1349 legi
785 1306 863 1339 vult
885 1306 1045 1339 Torren-

299 1359 384 1395 tius.
396 1380 445 1386 —
459 1361 502 1394 V.
515 1362 570 1396 16.
585 1361 788 1408 obpugnat.
802 1361 869 1398 MS.
878 1362 931 1398 Ik.
941 1360 977 1399 5.
988 1382 1038 1387 -

300 1416 406 1462 Prop.
424 1428 513 1463 nug.
527 1424 701 1453 armatus.-
723 1418 805 1452 scil.
824 1417 885 1453 Sic
899 1418 1042 1464 disting.

298 1473 404 1518 vulgo
416 1500 425 1517 ,
447 1473 510 1507 sed
525 1473 627 1508 colon
642 1475 818 1521 improbat
830 1476 989 1511 Dfintzer
1004 1488 1042 1522 p.

298 1529 380 1565 493.
399 1531 614 1577 Propugnat
629 1533 755 1578 nugis,
774 1539 941 1569 armatus.
958 1533 1041 1577 Alii,

298 1592 338 1621 ut
358 1587 478 1621 Lamb.
500 1589 637 1624 Bersm.
659 1589 791 1624 Piscat.
815 1589 1040 1636 Propug‘nat,

297 1644 406 1689 nugis
435 1651 603 1680 armatus.
637 1646 724 1690 Alii,
755 1652 795 1680 ut
818 1646 950 1681 Muret.
971 1647 1042 1681 Cu—

298 1700 393 1744 ning.
414 1701 501 1734 Fea.
531 1702 689 1747 rixatur,
720 1705 763 1737 de
791 1704 813 1737 l.
843 1716 872 1738 s.
893 1704 1043 1749 caprina

299 1757 513 1802 Propugnat
536 1770 627 1804 nug.
647 1772 735 1793 arm.
767 1759 855 1803 Alii,
884 1765 924 1794 ut
949 1760 1040 1794 zell.

297 1813 432 1845 Weber
461 1818 498 1846 et
527 1815 630 1848 Jahn.
662 1815 698 1849 in
729 1816 786 1851 ed.
816 1817 847 1851 I.
877 1817 1038 1862 caprina,

298 1869 529 1913 Repugnat,
557 1882 646 1916 nug.
670 1884 759 1909 arm.
789 1873 878 1916 Alii,
909 1878 948 1907 ut
966 1874 1039 1907 Ro-

298 1925 381 1959 dell.
402 1924 507 1960 Both.
540 1926 751 1973 Propugnat
770 1940 890 1974 nugas
916 1942 1037 1963 arma-

296 1988 365 2016 tus.
387 1980 453 2014 Ed.
477 1981 640 2017 Praedic.
661 2002 716 2009 —-
736 1985 870 2019 Scilicet
888 2004 943 2010 ——-
960 1997 1038 2019 sor-

297 2039 367 2072 det.
399 2038 462 2071 Sic
493 2038 569 2071 sine
603 2038 884 2085 interrogatione
923 2042 1035 2075 Gesn-

296 2094 377 2129 val.
393 2094 459 2128 Fe.
474 2094 573 2128 Pott.
590 2094 635 2128 al.
653 2096 786 2131 Scilicet
797 2099 970 2142 —fides?
981 2117 1036 2123 —-

296 2151 464 2186 elatrem?
486 2170 535 2176 —
564 2153 691 2186 sordet.
720 2153 781 2187 Sic
806 2153 889 2188 dist.
920 2153 1036 2189 Bentl-

295 2209 376 2243 Jon.
399 2208 546 2244 Haberf.
573 2207 714 2242 Wakef.
744 2211 861 2244 Schm.
882 2211 1035 2244 Braunh.

297 2265 379 2299 scil.
412 2283 458 2290 —
474 2266 567 2310 fides
589 2270 622 2299 et
644 2266 810 2300 elatrem?
834 2286 880 2292 —-
907 2269 1036 2302 sordet.

296 2321 358 2355 Sic
395 2322 481 2355 dist.
521 2320 680 2356 Hoched.
718 2323 818 2356 Pass.
857 2323 1034 2358 Meineke.

297 2378 411 2412 Orell.
427 2378 562 2423 Siipfle.
586 2379 723 2412 Probat
736 2379 891 2414 Diintzer
905 2393 940 2425 p.
954 2378 1035 2415 493.

296 2436 462 2469 ceterum
494 2447 609 2480 parva
638 2437 743 2480 fide-⁹.
790 2436 861 2471 Ms.
901 2437 1034 2473 Bersm.

295 2502 350 2525 un.
382 2511 430 2517 —-
463 2504 542 2525 vere
570 2491 653 2526 mihi
678 2494 782 2535 quod.
826 2494 956 2527 Bersm.
976 2505 1034 2532 un.

294 2549 346 2582 De
361 2547 535 2593 particula
548 2560 620 2582 non
636 2549 680 2582 ad
691 2561 766 2594 seq.
786 2562 819 2584 v.
835 2550 1036 2594 pertinente

294 2610 334 2638 ut
366 2617 401 2639 v.
439 2607 494 2640 16.
526 2605 600 2639 vid.
632 2604 777 2640 Kirchn.
814 2607 857 2641 ad
892 2608 969 2641 Sat.
999 2620 1034 2652 p.

295 2660 464 2695 XXXIV.
493 2681 549 2687 —
576 2662 620 2694 V.
652 2663 707 2698 18.
737 2668 771 2697 et
793 2663 931 2698 latrem.
965 2664 1035 2698 Ms.

296 2718 404 2752 Goth.
428 2720 589 2753 alatrem.
609 2719 706 2752 Mon.
728 2719 762 2754 d.

351 2775 390 2807 V.
410 2775 465 2809 19.
484 2775 695 2820 Ambigitur.
715 2775 796 2820 quid
807 2775 922 2810 enim?
945 2777 1032 2811 Mss.

294 2828 403 2873 Cruq.
419 2831 453 2865 7.
469 2832 501 2865 6.
517 2831 550 2865 3.
568 2831 681 2865 Orell.
699 2832 734 2866 d.
744 2832 838 2866 Edd.
855 2832 936 2866 Asc.
952 2833 1034 2867 519.

292 2883 451 2919 Britann.
467 2886 548 2921 520.
570 2888 678 2933 Cruq.
703 2888 764 2927 Sic
779 2894 816 2923 et
834 2889 944 2923 locum
960 2890 1033 2924 lau-

292 2939 355 2973 dat
372 2940 515 2978 Salmas.
531 2943 576 2977 ad
591 2943 745 2979 Tertull.
765 2957 802 2990 p.
818 2945 898 2981 366.
919 2947 1031 2980 Recte

1780 670 1838 711 20

1095 792 1273 839 improbat
1286 793 1374 828 Fea.
1389 790 1610 837 Ambige'tur?
1629 791 1711 836 quid
1723 792 1837 828 enim?

1095 851 1165 887 Ms.
1187 852 1262 885 Fea
1284 852 1315 894 1,
1346 861 1378 883 a.
1405 867 1453 874 —
1481 859 1528 882 an
1546 847 1720 884 Dolichos.
1747 847 1835 883 Mss.

1095 908 1205 954 Cruq.
1227 909 1261 943 6.
1283 908 1318 942 7.
1341 907 1376 941 3.
1400 910 1439 939 et
1458 905 1579 940 Schol.
1612 904 1704 941 Edd.
1723 905 1833 951 Cruq.

1095 966 1197 999 Baxt.
1225 965 1314 999 Cun.
1350 964 1435 998 San.
1464 961 1581 1001 Merv,
1608 961 1700 996 Phil.
1728 962 1835 997 Bask.

1095 1021 1173 1056 Val.
1185 1023 1294 1056 Gesn.
1305 1019 1401 1054 Sivr.
1413 1017 1562 1064 Dorigh.
1574 1018 1700 1053 Oberl.
1711 1019 1834 1054 Comb-

1091 1078 1181 1113 Bad.
1213 1078 1351 1113 wakef.
1387 1077 1507 1110 Wetz.
1544 1075 1692 1110 Haberf.
1725 1075 1834 1110 Duru.

1091 1136 1202 1170 Zeun.
1219 1136 1285 1170 Fe.
1302 1135 1354 1169 Ik.
1371 1133 1478 1168 Both.
1492 1133 1590 1166 Pott.
1606 1133 1716 1168 Doer.
1729 1133 1833 1168 Jahn.

1091 1191 1182 1226 Zell.
1221 1191 1376 1226 Schmid.
1406 1188 1566 1223 Hoched.
1595 1189 1702 1224 Web.
1731 1190 1832 1225 Pass.

1089 1248 1247 1283 Meinek.
1263 1246 1418 1283 Braunh.
1435 1246 1567 1291 Charp.
1585 1246 1701 1280 Amat.
1719 1247 1832 1281 Orell.

1090 1306 1197 1351 Siipf.
1216 1304 1357 1341 Dolicis.
1377 1303 1466 1338 Mss.
1492 1303 1601 1348 Cruq.
1626 1304 1666 1346 1,
1693 1306 1768 1337 tres
1796 1307 1835 1338 et

1090 1362 1203 1397 Orell.
1216 1361 1259 1395 Ε.
1275 1361 1390 1396 docilis
1400 1359 1459 1395 vel
1471 1358 1613 1394 Docilis.
1630 1359 1719 1394 Mas.
1730 1360 1833 1394 alior.

1089 1423 1126 1453 et
1150 1418 1264 1453 nostri
1283 1428 1372 1453 omn.
1401 1417 1500 1451 Illam
1518 1414 1699 1450 scribendi
1721 1416 1833 1451 ratio-

1089 1487 1165 1510 nem
1198 1479 1342 1521 praeter
1377 1474 1422 1509 al.
1460 1477 1606 1508 servant
1636 1472 1719 1507 Ald.
1748 1473 1831 1509 501.

1087 1534 1184 1568 Junt.
1208 1531 1289 1567 519.
1321 1531 1403 1565 Bas.
1431 1529 1512 1568 527.
1543 1534 1582 1564 et
1609 1533 1703 1566 vett.
1732 1530 1831 1575 edd„

1086 1590 1176 1624 banc
1195 1589 1292 1626 Junt.
1315 1584 1395 1624 514.
1421 1587 1502 1622 Ald.
1523 1585 1604 1621 519.
1629 1585 1752 1621 Lamb.
1774 1598 1831 1621 re-

1086 1647 1149 1693 liq.
1177 1647 1283 1681 etiam
1311 1645 1419 1680 Talb.
1444 1643 1561 1678 Bentl.
1589 1643 1678 1679 Dae.
1710 1643 1830 1679 Maitt.

1085 1704 1165 1738 Jon.
1190 1702 1324 1737 Sandb.
1355 1702 1485 1736 Franc.
1523 1700 1688 1735 Praedia.
1719 1699 1830 1736 Eunt.

1087 1762 1210 1806 Camp.
1220 1759 1417 1794 Damocles.
1426 1758 1512 1792 var.
1522 1757 1605 1792 lect.
1615 1769 1672 1804 ap.
1681 1754 1706 1792 J
1707 1768 1763 1792 on.
1775 1777 1824 1784 —

1086 1819 1139 1852 De
1168 1817 1305 1851 nomine
1328 1815 1492 1849 Dolichos
1512 1814 1559 1849 cs.
1582 1814 1677 1857 Fea3
1707 1814 1772 1848 sed
1790 1818 1829 1848 et

1084 1873 1215 1908 Docilis
1234 1872 1357 1907 liberti
1379 1882 1503 1905 nomen
1523 1874 1580 1905 est
1596 1871 1633 1905 in
1660 1869 1826 1916 Inscript.

1084 1929 1278 1964 Mutinensi
1310 1940 1368 1974 ap.
1400 1927 1642 1962 Cardinalium
1672 1926 1830 1972 Diplomt’

1083 1998 1118 2031 p.
1136 1988 1229 2029 182„
1247 1986 1285 2019 id
1302 1984 1395 2030 quod
1409 1982 1583 2018 indicavit
1601 1983 1770 2021 Orellius.

1139 2043 1181 2077 V.
1203 2044 1259 2077 20.
1280 2040 1516 2077 Brundisium.
1544 2040 1576 2074 E:
1594 2043 1704 2074 nostr.
1721 2040 1823 2074 Gott.

1084 2100 1117 2132 1.
1155 2100 1223 2132 Gu.
1254 2094 1289 2132 4.
1331 2097 1471 2131 Morell.
1511 2095 1623 2130 Goth.
1652 2096 1758 2130 Dens.
1788 2097 1822 2130 1.

1083 2155 1333 2189 Brundusium.
1351 2154 1468 2188 Berol.
1487 2154 1520 2187 1.
1537 2155 1571 2189 2.
1589 2153 1735 2188 Gott.2.
1753 2152 1823 2186 Gu-

1084 2213 1117 2247 1.
1135 2213 1167 2246 2.
1182 2211 1216 2245 3.
1243 2210 1513 2245 Brundrusium.
1528 2209 1630 2244 Dese.
1647 2210 1680 2244 2.
1703 2207 1824 2242 Brun-

1083 2267 1237 2302 «zv-isium.
1268 2267 1371 2300 Dess.
1397 2266 1432 2300 3.
1462 2266 1566 2300 Conf.
1599 2265 1656 2309 17,
1682 2263 1740 2300 52.
1769 2283 1817 2289 —-

1081 2323 1228 2358 Minuci.
1250 2323 1338 2357 Mss.
1362 2322 1483 2355 Lamb.
1500 2323 1533 2356 6.
1557 2322 1591 2365 8,
1611 2332 1671 2370 un.
1691 2321 1726 2365 9,
1746 2324 1822 2354 tres

1083 2384 1119 2413 et
1139 2380 1211 2413 alii.
1237 2380 1347 2425 Cruq.
1371 2380 1403 2422 1,
1425 2390 1445 2412 a
1460 2397 1515 2404 —
1536 2377 1569 2411 d.
1589 2377 1624 2412 3.
1654 2377 1763 2411 Pulm.
1786 2378 1820 2412 1.

1082 2439 1115 2473 2.
1131 2436 1166 2471 3.
1180 2434 1215 2471 4.
1231 2437 1266 2471 7.
1281 2438 1334 2470 10.
1355 2435 1486 2469 Bersm.
1504 2435 1587 2468 duo.
1603 2434 1712 2469 Torr.
1729 2445 1821 2471 omn.

1081 2493 1185 2528 Talb.
1206 2493 1286 2538 (qui
1305 2493 1395 2535 def.)
1415 2495 1511 2537 quat.
1531 2491 1596 2525 Fe.
1620 2492 1654 2535 1,
1674 2502 1708 2526 a.
1732 2501 1765 2525 o.
1785 2500 1820 2535 q.

1081 2553 1114 2593 2,
1134 2551 1171 2584 b.
1193 2562 1224 2584 c.
1246 2550 1282 2584 d.
1302 2551 1329 2584 f.
1351 2550 1385 2584 h.
1406 2549 1440 2593 3,
1463 2559 1496 2582 a.
1516 2547 1550 2591 5,
1570 2560 1602 2582 a.
1626 2559 1658 2584 c.
1678 2549 1713 2591 6,
1731 2547 1769 2581 b.
1785 2557 1817 2580 c.

1080 2607 1132 2643 Ik.
1159 2608 1190 2641 1.
1211 2603 1246 2640 4.
1267 2604 1301 2641 5.
1334 2606 1445 2640 Orell.
1471 2616 1561 2642 omn.
1584 2607 1726 2650 except.
1746 2613 1817 2645 un„

1082 2676 1101 2697 e
1117 2668 1228 2698 nostr.
1248 2663 1351 2697 Dess.
1368 2665 1400 2697 1.
1415 2663 1449 2697 3.
1469 2661 1546 2705 (ille
1570 2660 1672 2707 prim.
1695 2658 1816 2701 Men.)

1082 2721 1181 2754 Gott.
1202 2722 1235 2754 1.
1255 2720 1364 2754 Goth.
1381 2720 1450 2753 Gu.
1466 2720 1500 2753 1.
1514 2715 1549 2752 4.
1568 2717 1669 2762 Lips.
1689 2718 1728 2749 nt
1742 2712 1814 2748 vid.

1080 2788 1169 2811 omn.
1190 2776 1329 2811 Motell.
1354 2775 1450 2810 Mon.
1472 2787 1502 2810 a.
1518 2775 1554 2812 b,
1571 2773 1604 2807 d.
1622 2783 1654 2808 e.
1673 2771 1711 2814 i.‚
1731 2780 1814 2815 pro-

1078 2834 1141 2867 bat
1158 2834 1316 2868 Turneb.
1341 2832 1435 2866 Adv.
1457 2833 1489 2874 1,
1511 2830 1583 2873 21..
1603 2827 1648 2862 de
1667 2826 1738 2860 sui·
1757 2830 1813 2859 ta-

1079 2894 1158 2924 cent
1177 2890 1293 2924 Bentl.
1315 2889 1438 2923 Oberl.
1455 2885 1576 2921 comb.
1599 2882 1686 2916 Bad.
1712 2881 1810 2915 Pott.

1076 2946 1168 2981 Edd.
1191 2946 1298 2991 Cruq.
1315 2945 1376 2989 (ti)
1396 2941 1471 2989 [qui
1484 2939 1571 2984 defi]
1590 2939 1724 2973 Bersm.
1739 2937 1812 2971 Ro-
