1910 3138
85 143 165 189 188

539 145 681 187 LIBRI
714 148 740 185 1.
789 146 1051 187 EPISTOLA
1079 147 1160 185 XX.

151 258 454 306 Contrectatus
489 262 558 307 ubi
587 262 778 307 manibus
813 261 1066 306 sordescere
1093 262 1214 322 volgi

150 337 385 399 emporis,
421 344 496 385 aut
532 342 669 387 tineas
706 354 861 399 pasces
898 342 1132 385 taciturnus
1167 342 1332 398 inertis,

147 418 235 462 Aut
264 417 406 479 fugies
438 419 630 479 Uticam,
664 423 739 464 aut
773 421 939 464 vinctus
973 421 1151 463 mitteris
1186 419 1390 464 Ilerdam.

145 495 317 541 Ridebit
350 487 531 544 m‘onitm·
564 512 649 544 11011
685 498 937 558 exauditus,
981 503 1027 542 ut
1062 499 1153 558 ille,

127 574 232 630 'Qui
267 577 379 621 male
415 582 635 636 parentem
671 580 711 623 ln
745 578 860 636 rupis
894 579 1098 636 protrusit
1133 577 1313 622 asellum

78 744 180 779 Jahn.
202 745 292 780 zell.
320 745 480 780 Hoched.
501 743 581 794 (qui
601 744 694 790 def.)
714 746 819 780 Web-

81 800 236 835 Meinek.
275 801 407 847 Char-p.
439 802 558 837 Amar.
594 802 714 842 Orell.
742 801 820 849 (qui

80 857 167 900 def.)
186 857 339 892 Dinenb.
355 857 486 904 Ssupfl„
513 862 634 894 tuetur
653 857 761 895 Bach.
783 857 819 894 in

80 913 275 952 Zimmerm.
309 914 551 959 „zeitschrift
581 915 609 951 f.
636 916 673 951 d.
703 915 820 950 Alter-

78 970 268 1005 thumw.“
283 968 385 1007 1834.
396 983 434 1017 p.
445 970 548 1009 1046.
559 972 694 1009 deserit.
708 973 818 1019 Cruq.

80 1032 121 1062 nt
131 1026 204 1062 vid.
220 1039 310 1063 omn.
325 1029 458 1063 Ber-sm.
474 1028 555 1064 duo.
567 1030 677 1064 Gesn.
687 1029 722 1065 3.
740 1030 818 1066 Val-

81 1095 156 1120 sex.
181 1084 245 1122 Fe.
263 1087 296 1128 1,
310 1085 347 1119 b.
367 1096 397 1120 r.
417 1086 452 1129 6,
472 1097 504 1121 c.
534 1084 652 1124 Berol,
675 1086 706 1120 1.
727 1087 764 1130 (a
784 1088 818 1121 1.

79 1142 139 1184 m.)
158 1140 269 1176 Dorv.
289 1143 323 1177 2.
342 1139 453 1177 Goth.
473 1143 543 1177 Gn.
561 1138 597 1178 4.
619 1143 716 1179 Mon.
732 1143 767 1178 d.
784 1155 816 1178 e.

78 1197 107 1231 f.
126 1197 267 1233 Mol-cll.
287 1198 450 1233 Rudolst.
465 1199 557 1234 Edd.
571 1204 662 1234 vett.
678 1211 736 1244 ap.
754 1199 817 1235 Fe.

80 1259 120 1289 et
135 1253 252 1291 Schn-
270 1254 374 1290 0ιίοω
393 1255 483 1290 Ven.
496 1253 579 1299 477.
603 1255 715 1291 Loch.
733 1253 817 1292 498.

79 1309 178 1355 laipn.
197 1307 278 1346 492.
295 1312 353 1347 98.
371 1310 452 1348 502.
479 1313 589 1357 Cruq.
611 1312 726 1347 Bentl.
746 1313 819 1356 (in—

78 1366 175 1402 dicta
188 1370 310 1412 causa)
329 1368 476 1404 Haberf.
497 1370 615 1404 Schm.
630 1369 711 1415 (qui
725 1370 817 1413 def.)

78 1423 189 1462 Doer.
211 1424 292 1469 (ed.
303 1425 405 1468 min.)
425 1427 523 1460 Pass.
538 1426 706 1469 Braunh.‚
727 1438 818 1460 eom—

78 1480 208 1525 probat
226 1481 384 1515 Dfintzer
402 1493 438 1526 p.
458 1481 539 1517 532.
559 1483 702 1517 «lueret.
729 1482 815 1516 Mss-

77 1537 214 1575 Beram.
234 1537 317 1572 dno.
341 1537 416 1573 Vol.
434 1543 530 1582 quat.
555 1538 620 1573 Fe.
637 1540 670 1580 1,
688 1539 713 1573 ἰ.
730 1539 764 1572 k.
786 1550 815 1573 s.

79 1591 114 1634 6,
135 1593 162 1626 f.
187 1593 302 1628 orell.
321 1605 352 1628 ε.
380 1595 452 1628 Gu.
472 1597 504 1630 1.
531 1594 630 1630 Mon.
651 1607 695 1632 m.
725 1594 817 1629 Edd.

78 1647 177 1684 Med.
200 1646 284 1685 477.
316 1649 448 1688 Borsm.
473 1650 586 1688 Chab.
609 1651 700 1686 Cun.
732 1652 817 1686 San.

78 1704 194 1741 Merv.
209 1706 291 1742 Jou.
310 1707 444 1742 Saudb.
463 1707 591 1742 Franc.
616 1707 723 1743 Bask.
743 1708 818 1744 Val.

78 1761 177 1798 Sivr.
210 1762 360 1808 Dorigh.
391 1763 529 1799 Bodon.
558 1764 718 1810 Doering
745 1765 820 1808 (ed.

78 1819 177 1864 maj.)
185 1837 226 1844 —-
234 1821 374 1854 deserat
387 1815 519 1860 ἄνθος.
530 1821 599 1856 Ed.
606 1821 816 1856 Praedicov.

134 1876 179 1909 V.
196 1877 251 1910 11.
271 1878 528 1912 Contractatus.
550 1878 638 1912 Mss.
654 1879 765 1913 Gesn.
784 1880 816 1912 1.

77 1930 112 1966 3.
131 1931 185 1966 lk.
200 1929 236 1967 4.
259 1932 370 1968 θοι-ν.
390 1934 422 1970 2.
452 1935 521 1968 Gu.
538 1934 573 1969 3.
594 1931 630 1968 4.
661 1935 817 1979 [contra-

69 1993 152 2034 ‚⁶¹⁸⁸
165 1993 206 2023 ut
223 1994 274 2023 tu.
298 1990 416 2024 GuA.
432 1992 493 2025 sed
513 1996 696 2029 tractatus.
716 1992 814 2026 Mon.

78 2055 112 2082 e,
145 2050 344 2079 contractus
371 2047 465 2080 verbi
495 2059 591 2081 man.
634 2047 733 2083 Mon.
762 2048 815 2093 g.]

74 2099 177 2146 Lips-
198 2102 232 2136 1.
252 2101 287 2135 3.
309 2101 376 2136 Ed.
396 2102 478 2137 Zar.
497 2115 556 2149 ap.
577 2104 687 2138 Gesn.
704 2109 742 2138 et
757 2104 813 2139 ed.

78 2156 192 2202 princ.
207 2169 266 2202 up.
282 2158 406 2194 Comb.
421 2154 510 2195 Ven.
521 2157 603 2195 492.
618 2160 719 2205 Lips.
734 2158 815 2196 492.

78 2218 186 2259 atque
209 2213 300 2248 haud
327 2215 401 2249 scio
429 2227 472 2250 an
497 2215 595 2251 sunt.
614 2215 695 2255 514,
728 2217 817 2251 Rut—

77 2280 174 2315 gers.
189 2276 389 2316 contractu-s
403 2272 623 2308 exhibentes.
651 2274 704 2307 De
720 2278 816 2307 utra-

77 2336 145 2371 que
159 2326 269 2361 forma
282 2327 442 2373 disputat
455 2329 618 2364 Benecke
631 2331 676 2364 ad
687 2329 814 2364 Justin.

80 2381 138 2425 13,
153 2380 186 2425 5,
205 2383 240 2417 8.
267 2384 507 2420 Contristatus.
537 2386 606 2420 Ed.
634 2388 715 2420 Asc.
735 2384 813 2420 519.

77 2440 166 2482 (non
192 2438 228 2472 in
255 2442 498 2485 commentar.)
522 2460 578 2468 -—
605 2444 815 2477 surdescere.

77 2494 148 2528 Ma.
169 2495 277 2528 Goth.
298 2514 355 2522 —-
375 2497 416 2533 V.
437 2499 492 2533 12.
515 2498 648 2533 incrtss.
674 2498 736 2532 Sic
760 2498 813 2533 Ik.

78 2552 114 2585 1.
136 2550 246 2584 orell.
271 2563 303 2586 c.
323 2555 361 2586 et
386 2558 468 2588 ante
487 2556 554 2589 hoc
573 2566 608 2588 v,
629 2555 815 2589 diuturnus

78 2608 150 2640 Gu.
165 2606 199 2645 3.
219 2625 274 2632 -
291 2608 335 2642 V.
352 2609 408 2644 13.
427 2610 571 2646 vinctus.
589 2610 676 2646 Mss.
692 2609 813 2644 Lamb.

78 2667 118 2696 ut
132 2662 204 2698 vid.
225 2674 313 2699 omn.
336 2665 446 2711 Cruq.
468 2668 498 2710 1,
513 2677 536 2701 a
547 2686 603 2693 —
618 2667 653 2701 d.
672 2665 813 2710 aliique.

78 2719 188 2753 Pulm.
211 2721 245 2755 1.
269 2722 303 2756 2.
325 2720 360 2756 3.
386 2718 421 2755 4.
439 2723 473 2757 7.
501 2725 555 2758 10.
591 2724 699 2757 Torr.
724 2732 812 2756 omn.

77 2780 225 2821 excepto
245 2787 302 2810 un.
327 2776 434 2813 Talb.
464 2784 501 2813 et
531 2780 650 2813 Bentl.
681 2788 812 2811 omnes.

77 2832 156 2867 Val.
180 2833 315 2867 trodec.
339 2834 463 2869 Oberl.
483 2840 520 2870 et
536 2835 658 2870 Comb.
679 2833 723 2868 de
739 2833 812 2867 suis

1552 578 1605 620 15

863 750 996 780 tacent.
1027 746 1090 781 Fe.
1113 758 1205 781 omn.
1226 750 1372 792 practer
1389 744 1471 778 duo.
1501 744 1556 780 1k.
1574 746 1606 781 1.

863 801 898 838 4.
918 802 953 837 5.
984 804 1081 839 Pott.
1113 815 1204 838 omn.
1231 807 1378 848 praeter
1406 811 1463 835 1111.
1496 801 1607 836 Orell-

864 859 987 903 bScd.,
1018 872 1038 894 e
1068 861 1199 894 nostris
1221 858 1341 894 Guelf.
1367 858 1471 891 Gott.
1495 857 1606 892 Goth.

863 915 962 961 Lips.
991 928 1080 952 omn.
1106 917 1203 954 Mon.
1223 921 1363 961 except.
1386 912 1494 950 duob.
1514 920 1552 948 et
1570 915 1608 949 ni

863 972 969 1006 fallor
997 973 1137 1008 Morell.
1166 972 1283 1015 Berol.
1306 974 1338 1008 1.
1370 972 1476 1008 Des&
1505 972 1537 1007 2.
1558 971 1606 1013 3.,

863 1029 900 1063 in
921 1030 1047 1075 quibus
1068 1042 1149 1074 mss.
1172 1030 1274 1064 vinct.
1298 1035 1334 1063 et
1354 1034 1492 1062 unctus.
1513 1027 1609 1061 diffi-

863 1087 976 1121 culter
1006 1086 1244 1132 distinguitur.
1286 1085 1378 1119 Edd.
1413 1085 1495 1118 Asc.
1525 1083 1606 1120 519.

864 1145 966 1178 Glar.
1001 1144 1122 1178 Lamb.
1161 1142 1239 1188 (qui
1269 1141 1447 1183 restitnit)
1477 1140 1607 1175 Irenic.

863 1201 948 1245 Xyl.
964 1200 1075 1246 Cruq.
1090 1200 1175 1234 Min.
1192 1199 1323 1234 Piscat.
1338 1198 1450 1232 Chab.
1472 1197 1606 1232 Biedm.

863 1257 993 1293 Bet-sm.
1022 1258 1189 1302 Rutgers.
1209 1257 1341 1300 Despr.
1363 1255 1480 1289 Burm.
1500 1255 1605 1289 Tart.

862 1314 970 1348 Talb.
991 1314 1106 1349 Bentl.
1125 1313 1203 1358 (qui
1219 1311 1413 1355 vindicat),
1435 1322 1535 1357 quem
1550 1323 1606 1345 se·

862 1376 1015 1416 quuntur
1034 1370 1214 1416 plerique,
1236 1370 1342 1404 etiam
1358 1369 1449 1411 Fea,
1471 1368 1530 1413 qui
1544 1380 1606 1402 ex-

862 1427 982 1472 plicat.
997 1427 1134 1462 unctus.
1156 1427 1268 1472 Cruq.
1287 1425 1371 1470 aliq.
1398 1425 1475 1460 val.
1502 1425 1605 1469 reliq.

862 1484 950 1519 Bad.
966 1486 995 1519 1.
1014 1484 1112 1519 Altd.
1132 1494 1190 1529 ap.
1213 1483 1362 1518 Haberf.
1382 1482 1445 1517 Fe.
1463 1483 1495 1524 1,
1516 1482 1551 1515 k.
1571 1483 1606 1523 7,

863 1540 900 1574 b.
919 1541 1018 1576 Pott.
1039 1542 1072 1575 2.
1092 1540 1202 1574 Dorv.
1223 1542 1256 1574 1.
1276 1543 1310 1576 2.
1331 1537 1387 1585 (22)
1408 1538 1605 1582 Corbei(‘.?)

864 1597 962 1631 Most.
989 1597 1012 1630 l.
1037 1609 1082 1630 m.
1106 1596 1241 1630 Victor.
1273 1596 1436 1630 Rudolst.
1460 1600 1497 1628 et
1526 1594 1605 1629 cod.

865 1652 1007 1687 Mentel.
1037 1653 1130 1688 Edd.
1160 1658 1252 1687 vett.
1277 1652 1308 1687 si
1338 1653 1523 1697 exceperis
1546 1652 1605 1686 ed.

863 1706 944 1744 476.
971 1720 1029 1753 ap.
1050 1709 1170 1745 Maitt.
1188 1721 1279 1743 omn.
1295 1710 1399 1743 etiam
1422 1708 1504 1754 Lps.
1523 1706 1604 1742 502.

863 1765 943 1801 Ald.
962 1765 1042 1801 501.
1065 1767 1120 1800 19.
1148 1767 1246 1800 Junt.
1267 1763 1347 1801 514.
1370 1766 1423 1801 19.
1454 1766 1604 1809 Argent.

863 1821 944 1857 515.
977 1821 1173 1858 Britannic.
1199 1822 1280 1858 520.
1329 1823 1411 1856 Bas.
1438 1821 1519 1857 527.
1547 1822 1604 1856 80-

864 1879 972 1913 Ρ111111.
1006 1879 1112 1913 Fabr.
1144 1880 1189 1913 H.
1221 1879 1348 1923 steph.
1386 1879 1494 1912 Torr.
1523 1877 1604 1919 (sed

862 1936 992 1980 probat
1004 1936 1127 1979 vince.)
1143 1935 1320 1973 D.Heins,
1338 1935 1464 1968 Lubin.
1477 1933 1605 1966 Schre-

861 1993 931 2027 vel.
954 1993 999 2026 de
1022 1993 1164 2027 Maroll.
1200 1991 1288 2025 Fab.
1313 1991 1447 2025 Rodell.
1472 1990 1602 2023 Zur-ck.

861 2049 947 2084 Dae.
966 2049 1042 2094 (qui
1058 2049 1149 2092 def.)
1165 2048 1253 2083 Bad.
1270 2049 1386 2081 Wetz.
1404 2044 1482 2093 (qui
1498 2046 1600 2088 defi),

860 2105 1013 2150 probant
1025 2106 1059 2139 J.
1075 2105 1126 2139 M.
1145 2104 1294 2139 Mattius
1307 2104 1341 2136 in
1355 2102 1466 2146 Triga
1481 2113 1600 2146 opusc.

860 2173 893 2206 p.
918 2162 994 2196 178.
1014 2167 1052 2194 et
1076 2161 1122 2195 N.
1146 2159 1310 2194 Heinsius
1330 2161 1437 2202 (teste
1466 2158 1601 2200 Bentl.)

859 2228 926 2250 non
949 2217 1125 2261 improbat
1151 2216 1310 2249 Hoched.
1333 2215 1378 2248 ad
1397 2218 1430 2258 2,
1461 2216 1491 2257 1,
1518 2216 1599 2250 269.

858 2273 977 2307 victus.
999 2273 1085 2307 Mss.
1105 2272 1212 2317 Cruq.
1229 2271 1312 2316 aliq.
1337 2270 1414 2315 (qui
1430 2271 1598 2316 explicat)

861 2330 969 2363 Torr.
997 2340 1054 2362 un.
1076 2329 1129 2362 Ik.
1150 2329 1184 2363 6.
1214 2327 1282 2361 Ed.
1306 2327 1437 2364 Valart.
1465 2328 1599 2362 indicta

859 2395 977 2418 causa.
1010 2385 1064 2418 De
1085 2383 1303 2418 commutatis
1324 2395 1382 2417 vv,
1412 2385 1546 2420 vinctus
1562 2391 1599 2418 et

858 2442 935 2475 vict.
959 2441 1004 2474 cf.
1018 2441 1198 2474 Drakenb.
1218 2441 1262 2474 ad
1277 2440 1356 2474 Liv.
1372 2439 1406 2483 5,
1421 2438 1479 2483 44,
1496 2439 1530 2474 7.
1546 2460 1594 2465 —-

858 2498 1029 2531 Ilardam.
1064 2497 1151 2530 Mss.
1178 2496 1241 2530 Fe.
1266 2498 1295 2538 1,
1318 2508 1352 2540 g.
1372 2499 1406 2539 2,
1426 2497 1450 2532 i.
1486 2497 1598 2532 Hiler-

859 2554 952 2587 dam.
977 2555 1010 2595 2,
1030 2563 1065 2596 g.
1088 2554 1121 2595 6,
1140 2564 1171 2586 c.
1204 2554 1352 2587 flerdas.
1374 2554 1430 2588 Ik.
1451 2555 1485 2588 6.
1504 2554 1594 2599 Hya,

862 2609 985 2643 Ylerd.
1006 2609 1107 2652 pauci
1129 2621 1148 2642 e
1166 2609 1310 2642 nostris.

916 2665 957 2697 V.
970 2661 1023 2699 14.
1035 2664 1178 2699 Redibit.
1187 2665 1252 2700 ΜΒ.
1263 2665 1391 2699 Μο11.1.
1404 2665 1495 2700 Edd.
1506 2666 1592 2700 Ven-

857 2717 939 2755 483.
959 2721 1014 2755 86.
1038 2721 1172 2755 Ridebit
1190 2721 1355 2763 monitor,
1375 2733 1446 2756 non
1465 2725 1591 2758 exaud.

857 2781 895 2810 ut
910 2777 978 2819 ille,
994 2777 1129 2820 quiete.
1153 2778 1214 2811 Sic
1230 2778 1509 2823 distinguijubet
1526 2780 1593 2813 Ro-

856 2832 961 2867 sellus
972 2833 1064 2878 apud
1078 2832 1222 2879 Dorigh.
1237 2853 1283 2860 —
1300 2835 1339 2869 V.
1354 2834 1405 2870 15.
1415 2835 1450 2870 in
1461 2846 1591 2882 rupem.
