1910 3138
283 204 367 257 356

350 323 470 367 Nota
501 319 636 365 refert
662 322 907 378 meretricis¹
927 324 1148 380 acumina,
1185 336 1321 384 saepe
1340 324 1542 370 catellam

862 205 1252 246 HORATII
1362 212 1365 216 '
1700 210 1816 252 ‚8

1762 323 1818 366 55

351 400 500 460 Saepe
536 399 831 459 periscelidem
859 405 1028 462 raptam
1058 403 1135 447 sibi
1162 402 1323 462 flentis,
1348 406 1412 448 uti
1440 418 1541 449 mox

350 481 485 526 Nulla
519 479 625 523 fides
663 479 827 524 damnis
860 484 1059 542 verisque
1095 483 1310 527 doloribus
1349 483 1478 528 adsit.

349 561 445 604 Nec
480 558 617 604 semel
650 560 798 603 irrisus
834 562 972 606 triviis
1008 563 1207 608 attollere
1241 565 1364 607 curat

350 638 513 683 Fracto
545 652 672 683 crure
703 640 875 699 planum
890 672 904 700 ,
939 643 1041 686 licet
1074 642 1135 685 illi
1167 642 1349 700 plurima
1383 645 1529 687 manet

349 717 579 778 Lacrima,
618 732 696 778 per
733 722 928 764 sanctum
957 722 1130 777 Juratus
1167 720 1281 765 dicat
1316 720 1502 766 Osirim:

1764 724 1820 765 60

351 795 590 858 ,‚Oredite,
627 813 712 843 non
739 799 870 858 ludo3
907 799 1104 844 crudeles
1138 800 1276 844 tollite
1311 796 1580 845 claudum!“

280 924 360 958 val.
375 923 471 957 Sivr.
482 923 634 968 Dorigh.
646 923 794 959 Haberf.
805 925 914 959 Daru.
923 914 1029 958 Prae-

280 979 351 1015 dic.
380 980 493 1014 Hunt.
522 981 589 1015 Fe.
620 981 743 1027 Camp.
776 981 878 1016 Jahn.
909 981 1028 1015 Schm-

280 1036 443 1072 Hoched.
472 1038 579 1072 Web.
601 1039 703 1073 Pasa.
731 1038 842 1073 Mein.
873 1038 1028 1072 Braunh.

282 1094 397 1129 Orell.
422 1094 501 1140 (qui
515 1095 607 1139 def.)
631 1095 769 1141 Siipfle.
802 1097 873 1130 Aut
887 1095 960 1131 cist.
976 1098 1028 1140 qs-

271 1155 387 1197 sract.
419 1157 482 1186 αυτ
505 1153 604 1187 subd.
643 1152 732 1186 Mss.
762 1152 887 1186 Lamb.
915 1154 1027 1197 Cruq.

283 1208 409 1243 Oberl.
425 1210 526 1243 Pott.
546 1214 587 1243 ut
606 1207 679 1242 vid.
705 1221 795 1243 omn.
817 1209 872 1244 Ik.
892 1210 925 1244 1.
946 1209 1030 1254 (sed

282 1266 409 1300 habet:
430 1271 464 1301 et
482 1265 576 1311 cist.)
597 1265 690 1301 Edd.
709 1266 834 1300 Lamb.
854 1265 964 1311 Cruq.
981 1265 1028 1299 H.

283 1323 411 1368 Steph.
434 1322 566 1357 Lubin.
584 1322 675 1358 Fab.
695 1323 782 1358 Dae.
808 1323 914 1359 Baxt.
936 1321 1028 1357 Phil.

285 1382 398 1419 Gesn.
435 1380 563 1415 Oberl.
596 1381 723 1415 Comb.
758 1379 900 1414 Wakef.
939 1379 1029 1413 Bad.

282 1438 402 1472 Wetz.
430 1436 541 1472 Zeun.
565 1436 672 1472 Both.
702 1436 756 1471 Ik.
785 1437 886 1471 Pott.
918 1437 1029 1472 Doer.

283 1494 373 1529 Zell.
391 1493 526 1540 Charp.
542 1493 659 1529 Amat.
679 1495 878 1528 Praeterea
891 1493 1033 1528 variant

282 1551 365 1585 libri
383 1563 466 1585 mSS.
483 1555 521 1585 et
535 1550 642 1586 editi:
674 1552 722 1586 Et
740 1552 814 1586 cist.
834 1551 888 1585 lk.
907 1553 939 1586 1.
961 1551 1031 1585 Be-

281 1608 349 1643 rol.
366 1609 400 1644 2.
420 1608 586 1643 Rudolst.
605 1608 676 1642 Ed.
694 1608 806 1654 princ.
826 1620 883 1654 ap.
903 1608 1030 1642 Comb.

282 1666 372 1700 Ven.
390 1661 473 1700 477.
493 1666 553 1700 79.
582 1667 640 1701 81.
661 1665 719 1702 83.
740 1667 796 1701 86.
823 1664 931 1701 Loch.
946 1661 1030 1700 498.

283 1722 383 1767 Lips.
407 1717 489 1757 492.
513 1723 571 1757 98.
591 1721 673 1758 502.
709 1721 792 1757 Asc.
816 1722 897 1757 519.
924 1741 978 1747 ——
999 1726 1033 1756 et

273 1781 448 1822 stactam.
469 1778 538 1813 Ms.
555 1780 679 1817 Berol.
697 1780 729 1814 2.
759 1781 862 1813 Gott.
879 1780 911 1814 2.
932 1778 1028 1813 Edd.

285 1839 367 1869 ante
390 1835 590 1869 nominatae
611 1841 648 1870 et
670 1836 758 1870 Ven.
783 1833 865 1871 492.
887 1840 1029 1880 except.

283 1894 368 1926 Asc.
385 1902 475 1936 quae
501 1891 627 1926 habet:
657 1892 730 1926 cist.
741 1896 855 1937 fract-
873 1897 910 1926 et
928 1893 1029 1938 Lips.

285 1959 375 1995 quae
395 1949 546 1983 habent:
584 1950 778 1992 effractam.
806 1968 853 1974 —
869 1952 1032 1993 fractam

284 2011 330 2042 et.
352 2004 424 2039 Ms.
440 2004 492 2043 Ik,
507 2002 542 2040 4.
559 2006 629 2039 Gu.
646 2004 679 2038 3.
694 2001 730 2041 4.
749 2005 868 2038 Berol.
886 2007 917 2041 2.
938 2004 1032 2038 Edd.

285 2068 368 2097 ante
383 2062 512 2096 nomin.
532 2082 579 2087 —
600 2062 643 2094 V.
660 2060 717 2095 55.
739 2061 844 2095 Mota
859 2065 925 2106 ref.
947 2062 1033 2094 Var.

284 2120 368 2155 lect.
387 2131 446 2164 ap.
467 2119 521 2154 Ik.

342 2177 386 2210 V.
415 2174 473 2215 56,
508 2176 690 2221 perischel.
731 2174 849 2209 Berol.
875 2175 907 2209 1.
939 2174 1033 2208 Edd.

286 2235 382 2268 Junt.
409 2229 492 2268 514.
509 2233 565 2267 19.
584 2232 666 2267 Ald.
686 2231 766 2271 519,
786 2232 936 2276 Argent.
953 2229 1034 2266 515.

286 2292 370 2325 Bas.
398 2289 481 2328 527.
508 2291 566 2325 80.
601 2289 765 2333 Gymnic.
794 2285 876 2323 541.
905 2287 949 2321 al.
978 2307 1035 2312 —

284 2353 440 2393 ruptam.
457 2348 526 2383 Ms.
542 2347 677 2380 Bersm.
694 2357 753 2380 un.
776 2345 878 2379 Dess.
895 2346 928 2378 1.
950 2356 1035 2389 cap-

287 2410 374 2442 tam,
406 2404 477 2437 Ed.
500 2404 630 2438 Zurck.
643 2423 699 2429 ——-
715 2403 759 2436 V.
781 2402 839 2437 57.
859 2401 1033 2446 dampnis,

288 2459 350 2494 Sic
365 2472 447 2495 mss.
463 2461 598 2494 Bersm.
614 2472 691 2494 sex.
709 2460 814 2494 Dess.
833 2460 865 2492 1.
881 2458 916 2493 3.
931 2457 1032 2503 Lips.

288 2517 323 2550 3.
351 2537 399 2542 —
431 2517 556 2561 verisq.
584 2517 771 2552 sodalibus.
799 2516 899 2550 Mon.
928 2526 960 2550 e.
982 2533 1030 2539 —

285 2573 380 2608 assit.
402 2574 465 2608 Sic
483 2574 587 2608 Dess.
604 2576 636 2608 1.
657 2574 691 2607 3.
725 2574 794 2606 Gn.
814 2574 845 2607 1.
866 2573 901 2607 3.
923 2571 1033 2606 Goth.

286 2630 387 2674 Lips.
399 2630 434 2664 3.
457 2630 527 2665 Ed.
544 2630 632 2664 Min.
652 2630 751 2664 arsit.
776 2629 858 2662 Var.
876 2629 958 2662 lect.
974 2640 1033 2673 ap.

287 2685 374 2719 Min.
401 2705 450 2712 —-
481 2687 526 2719 V.
547 2686 604 2722 58.
625 2686 783 2720 inrisum.
804 2686 908 2721 Dess.
931 2687 962 2719 1.
983 2685 1033 2718 ir—

287 2742 374 2775 risis.
396 2743 515 2777 Guelf.
540 2743 575 2778 3.
600 2763 658 2769 ——
675 2748 784 2776 curet.
807 2741 868 2776 Sic
883 2746 1034 2787 propter

288 2799 451 2840 praeced.
482 2800 570 2834 adsit
592 2800 663 2844 legi
678 2799 812 2833 mavult
835 2799 881 2834 Η.
903 2798 1031 2843 steph.

288 2853 323 2884 in
354 2853 467 2887 Diatr.
503 2868 540 2900 p.
567 2857 646 2900 68.‚
685 2856 866 2900 improbat.
897 2855 1034 2900 Xylan-

289 2908 363 2943 der.
385 2927 440 2934 —
462 2911 502 2944 V.
526 2912 584 2946 59.
617 2914 719 2947 Plan.
753 2912 806 2946 lit.
837 2913 916 2956 maj.
950 2911 1029 2946 edd.

1075 923 1187 959 Fabr.
1207 923 1292 969 xyl.
1314 923 1444 963 Irenic.
1474 943 1521 948 -—
1556 930 1692 959 manat.
1727 925 1818 960 Mss.

1076 981 1142 1015 Fe.
1164 980 1198 1026 3,
1224 993 1256 1015 a.
1277 980 1316 1025 5,
1338 993 1370 1020 e,
1406 979 1508 1026 Lips.
1537 982 1570 1015 1.
1596 993 1618 1016 a
1638 983 1671 1018 2.
1703 993 1748 1016 ιιι.
1767 1000 1816 1006 -

1074 1039 1183 1084 plura
1206 1044 1382 1073 manaret.
1420 1037 1492 1075 Ed,
1521 1037 1636 1083 princ.
1667 1050 1726 1084 ap.
1756 1038 1822 1071 Fe.

1077 1094 1159 1138 (sed
1174 1100 1333 1130 maneret
1353 1095 1587 1140 suppeditant
1601 1096 1692 1130 Ven.
1707 1096 1753 1131 77
1767 1114 1825 1120 -

1076 1170 1131 1176 --
1151 1152 1229 1196 86.)
1261 1171 1310 1176 —
1343 1152 1472 1187 V.‘60.
1499 1152 1677 1187 Lacrima.
1705 1151 1825 1187 Prima

1075 1206 1215 1253 syllaba
1235 1207 1290 1242 hic
1306 1212 1343 1242 et
1365 1208 1436 1242 Od.
1449 1205 1485 1252 4,
1509 1210 1542 1252 1,
1563 1206 1623 1243 34.
1645 1210 1824 1254 producta

1076 1265 1269 1311 corripitur
1295 1276 1354 1310 ap.
1376 1264 1484 1309 alios,
1503 1265 1576 1299 vid.
1601 1264 1753 1300 Klussm.
1777 1267 1824 1300 ad

1075 1322 1190 1356 Naev.
1218 1334 1255 1367 p.
1270 1318 1329 1356 41.
1353 1340 1399 1347 —
1425 1334 1492 1367 per
1510 1328 1672 1357 sanctum
1696 1324 1825 1367 etjur.

1076 1379 1179 1425 Conj.
1196 1379 1288 1414 Tan.
1303 1378 1394 1412 Fab.
1407 1398 1464 1404 —
1478 1379 1735 1423 dicatjnamm.
1750 1379 1822 1414 Ms.

1076 1435 1167 1470 Bad.
1179 1435 1214 1470 3.
1234 1456 1283 1462 --
1305 1435 1440 1470 Osirim.
1455 1435 1545 1470 Mss.
1562 1441 1600 1470 et
1615 1436 1697 1470 edd.
1711 1435 1824 1482 vulg„

1076 1493 1114 1527 in
1135 1492 1263 1538 quibus
1291 1496 1328 1526 et
1349 1492 1457 1526 Talb.
1486 1493 1554 1526 Fe.
1582 1493 1684 1528 Pott.
1709 1492 1825 1527 Orell.

1081 1549 1222 1594 osyrim.
1238 1548 1308 1583 Ms.
1324 1549 1431 1583 Dess.
1445 1550 1479 1585 2.
1502 1549 1593 1588 Edd.
1610 1549 1695 1594 xyl.
1711 1550 1825 1584 Febr.

1077 1606 1209 1640 Piscat.
1230 1606 1313 1640 Bas.
1330 1605 1400 1641 580
1435 1605 1561 1640 osirin.
1580 1605 1650 1641 Me.
1669 1606 1723 1641 1k.
1741 1608 1774 1641 1.
1788 1603 1826 1646 4.

1077 1664 1182 1698 Dess.
1213 1663 1248 1698 3.
1283 1661 1422 1697 Motell.
1449 1662 1544 1697 Edd.
1565 1663 1657 1698 Fab.
1681 1663 1823 1699 Rodell.

1076 1720 1193 1755 Bentl.
1220 1719 1339 1754 Maitt.
1362 1719 1453 1753 Cun.
1480 1720 1568 1758 San.
1591 1721 1680 1756 Dae.
1705 1720 1824 1756 Merv.

1076 1777 1171 1812 Phil.
1201 1778 1330 1812 Franc.
1356 1776 1454 1811 Sivr.
1482 1776 1634 1820 Haberf.
1660 1778 1825 1812 Praedia.

1078 1835 1191 1869 Zeun.
1218 1834 1327 1868 Both.
1354 1833 1407 1867 Ik.
1439 1833 1531 1867 Zell.
1555 1839 1593 1868 et
1619 1838 1716 1868 teste
1748 1834 1827 1869 Fen

1076 1891 1214 1926 Bodon.
1240 1909 1298 1916 ·—
1318 1889 1619 1925 Terminationem
1639 1891 1686 1926 im
1706 1891 1743 1926 in
1763 1902 1830 1926 eod

1080 1948 1159 1982 dem
1179 1946 1317 1981 nomine
1332 1958 1407 1981 cum
1423 1947 1504 1981 aliis
1519 1951 1640 1982 tuetur
1654 1948 1765 1984 Bach.
1780 1947 1826 1982 ad

1082 2005 1166 2039 Tib.
1189 2006 1222 2047 1,
1242 2005 1277 2047 7,
1294 2004 1352 2038 27.
1373 2003 1480 2038 aliter
1502 2005 1680 2039 sentiente
1698 2003 1826 2039 Cottio

1081 2061 1126 2095 ad
1146 2061 1279 2095 Lucan.
1294 2061 1329 2103 8,
1346 2060 1433 2103 8333
1458 2061 1521 2095 sed
1541 2061 1735 2107 pleniorem
1749 2061 1827 2095 for-

1080 2129 1168 2151 mam
1181 2117 1218 2150 in
1232 2117 1363 2151 talibus
1379 2117 1550 2162 Virgilius
1565 2129 1703 2163 qnoque
1721 2129 1827 2163 prue-
1895 2130 1905 2145 r

1080 2174 1183 2217 tulit,
1207 2174 1250 2208 de
1275 2185 1344 2219 quo
1362 2174 1456 2209 conf.
1474 2175 1602 2220 Wagn.
1627 2175 1698 2216 Qu.
1718 2174 1823 2220 virg.

1079 2243 1116 2276 p.
1131 2231 1213 2266 389.
1232 2234 1269 2263 et
1282 2230 1383 2264 Jahn.
1397 2231 1442 2265 ad
1450 2231 1577 2276 Eclog.
1590 2232 1624 2275 2,
1636 2233 1669 2266 1.
1686 2230 1826 2272 Quodsi

1079 2288 1262 2331 Bentlejus
1291 2286 1570 2321 terminationem
1596 2287 1645 2322 im
1672 2276 1764 2331 (oll.
1786 2287 1823 2332 3,

1081 2346 1138 2389 17,
1158 2344 1210 2388 7.)
1234 2343 1277 2377 ad
1296 2344 1372 2377 sola
1392 2344 1529 2378 nomina
1553 2344 1676 2378 Italica
1698 2345 1824 2389 refert,

1080 2401 1159 2448 plus
1183 2411 1295 2446 aequo
1319 2399 1462 2434 subtilis
1489 2403 1564 2442 θείς
1593 2399 1721 2436 εεᾶοέ.
1753 2398 1839 2436 οιιι-”

1081 2458 1162 2492 nino
1194 2468 1282 2503 quos
1317 2458 1463 2491 laudant
1492 2457 1618 2494 Eckst.
1650 2458 1695 2492 ad
1716 2457 1823 2492 Vose-

1080 2514 1190 2550 Arist.
1209 2514 1257 2547 II.
1279 2525 1313 2558 p.
1329 2513 1398 2549 593
1413 2526 1467 2559 sq.
1493 2519 1531 2548 et
1545 2514 1662 2550 Haase
1680 2515 1725 2550 ad
1741 2513 1825 2549 Rei>-

1081 2572 1147 2617 sig.
1168 2571 1456 2615 ‚,Vorlesungg.“
1478 2570 1508 2613 §.
1528 2572 1586 2607 66.

1137 2629 1180 2661 V.
1201 2628 1261 2664 61.
1281 2639 1352 2662 non
1367 2628 1467 2666 ludit,
1496 2628 1591 2662 Mon.
1613 2627 1649 2662 d.
1678 2645 1725 2652 —
1747 2637 1823 2661 m-

1080 2686 1149 2720 dite
1165 2685 1341 2720 claudum.
1378 2685 1443 2718 Fe.
1465 2687 1505 2728 2,
1521 2685 1547 2720 i.
1572 2704 1617 2710 --
1641 2688 1750 2718 cauta
1766 2693 1824 2717 re-

1079 2743 1209 2777 clamat
1226 2742 1311 2785 (non
1332 2742 1518 2785 reclamet,
1538 2741 1591 2774 nti
1613 2739 1745 2784 legitur
1763 2749 1820 2783 ap.

1078 2799 1145 2832 Fe.
1169 2803 1275 2843 atque
1301 2798 1434 2842 Orell.)
1463 2800 1518 2832 Ita
1537 2795 1688 2840 conjecit
1701 2793 1822 2828 Mark-

1077 2854 1200 2889 landus
1220 2855 1256 2888 in
1283 2855 1406 2900 Epist.
1430 2855 1511 2888 crit.
1532 2864 1569 2898 p.
1593 2849 1660 2885 135
1681 2861 1762 2895 sqq.
1783 2852 1821 2884 et

1079 2912 1149 2956 legi
1169 2911 1300 2945 mavult
1319 2911 1483 2946 Valartns
1502 2908 1674 2954 (praefat.
1688 2905 1819 2953 XIIL),
