1910 3138
241 215 326 257 504
370 215 648 256 COMMENT.
668 216 726 256 IN
744 217 868 255 HOR.
889 216 986 255 LIB.
1006 218 1051 256 Ι.
1079 217 1241 256 EPIST.
1263 217 1633 258 UNDEVICESIM.
1691 218 1770 260 156

240 332 302 368 tis.
344 330 499 368 Lucian.
532 330 734 374 Quomodo
758 329 859 368 Hist.
881 343 1024 370 conset.
1054 335 1179 382 oport.
1204 332 1269 374 10.
1298 328 1428 371 ἄλλων
1448 325 1583 385 ὀλίγον
1603 331 1768 383 φροντί-

240 401 338 446 ζειν,
361 394 439 437 κῦἶν
460 397 727 450 ὃιαρᾆγῶσιν
748 397 1016 447 ἐπαινοῦντες.
1055 399 1198 437 Similia
1217 399 1386 450 exempla
1404 399 1454 438 ibi
1475 400 1696 451 suppeditat
1721 399 1766 438 C.

238 467 285 504 F.
314 467 575 503 Hermannas
587 494 602 511 ‚
631 467 669 503 in
699 466 834 517 quibus
863 479 972 504 nemo
1000 479 1114 504 sanus
1136 467 1386 518 diruptionem
1401 466 1441 516 *)
1469 479 1605 519 reapse
1629 468 1767 505 factam

239 547 322 571 esse
343 534 464 583 dicet,
495 534 527 571 si
557 533 694 584 legerit
720 534 778 573 vel
796 533 994 572 Demosth.
1021 548 1079 585 pr.
1109 534 1252 574 coron.
1278 549 1317 586 p.
1344 535 1440 583 232,
1462 535 1528 576 12.
1557 529 1693 575 οὐδ’ἆν
1719 531 1768 575 σύ

237 601 455 655 διαρῤαγῇς
489 597 744 654 ψευδόμενος
770 602 829 640 vel
857 603 960 653 Virg.
1001 603 1072 640 Ge.
1105 604 1142 651 1,
1181 602 1247 643 49.
1286 601 1354 653 (ib.
1379 603 1523 653 Heyn.)
1554 604 1768 640 immensae
1834 610 1838 614 '

209 678 216 684 ·
235 676 427 718 ruperunt
443 669 584 706 horrea
602 684 757 724 *mes-ses.
786 670 933 708 Colum.
955 671 1003 708 de
1025 670 1123 708 Cuit.
1142 672 1252 709 Hort.
1273 671 1370 712 307.
1396 672 1456 709 vel
1479 670 1602 709 Plaut.
1628 670 1764 709 Bacch.

237 739 276 787 2,
297 738 338 786 3,
366 739 429 778 17.
471 739 568 775 Heu
598 753 664 776 cor
688 753 819 776 meum
847 746 882 776 et
911 738 1110 776 cerebrum
1123 767 1138 785 ‚
1168 738 1389 784 Nicobale,
1405 738 1614 787 finditur,
1645 739 1768 776 Istius

232 808 404 845 hominis
432 808 577 857 ubisit
598 809 741 845 mentio
754 822 770 854 ;
802 807 900 846 conf.
933 807 982 845 Ο.
1011 807 1121 845 Jahn.
1148 808 1197 844 ad
1222 807 1328 845 Pers.
1351 807 1391 853 3,
1411 806 1468 858 9.,
1494 807 1595 845 idem
1625 811 1664 845 et
1690 806 1768 844 Ca-

234 876 339 914 saub.
366 877 414 913 ad
440 877 481 926 3,
513 879 579 919 27.
619 877 727 922 Quae
756 889 870 926 quum
901 876 953 913 ita
977 876 1072 918 sint,
1103 876 1226 915 facere
1256 890 1402 927 nequeo
1428 889 1510 914 cum
1539 875 1766 918 Wieherto

232 945 288 995 (p.
319 945 420 996 401)
450 945 548 983 hunc
574 945 697 982 locum
723 945 776 982 ita
805 945 1098 994 interpretante:
1139 945 1233 994 „Sic
1268 945 1457 994 Cordum,
1493 944 1605 983 istum
1640 944 1766 982 Jarbi-

234 1020 333 1061 tam,
365 1013 509 1065 lingna
535 1013 695 1050 aemula
734 1014 960 1064 Timagenis
988 1014 1012 1050 i.
1035 1026 1068 1057 e.
1098 1013 1224 1064 inepta
1252 1013 1402 1052 ambitio
1432 1017 1471 1052 et
1491 1012 1664 1051 insanum
1693 1012 1766 1050 Ti-

233 1095 428 1131 magenem
456 1083 611 1132 ejusque
648 1081 976 1127 instet-lamando
1014 1081 1264 1118 recitandove
1298 1082 1568 1132 praestantiam
1598 1080 1767 1119 imitandi

232 1150 492 1200 aequandique
519 1151 682 1188 studium
710 1155 748 1188 et
775 1151 933 1188 laterum
956 1150 1146 1187 contentio
1165 1152 1277 1201 rupit
1299 1151 1324 1187 i.
1349 1164 1383 1189 e.
1409 1150 1554 1199 effecit,
1582 1152 1645 1197 ut,
1675 1161 1766 1199 rup-

232 1217 280 1256 tis
309 1217 443 1267 ilibus,
471 1219 724 1256 miserandum
752 1219 792 1256 in
820 1219 972 1256 modum
999 1219 1191 1269 periret.“
1250 1219 1411 1256 Merkel
1419 1235 1431 1256 .·
1473 1222 1765 1270 „zei-sprengte

232 1287 300 1324 das
321 1286 587 1325 Zwerchfell.“
629 1285 835 1324 Giinther.-
863 1287 955 1339 „ein
975 1286 1097 1323 Bruch
1119 1299 1194 1323 war
1223 1287 1292 1324 der
1318 1286 1474 1325 Lohn.“
1517 1288 1648 1326 Melius
1674 1299 1765 1325 sane

232 1356 476 1406 Doeringius
504 1355 543 1392 in
573 1355 634 1393 ed.
663 1356 770 1396 min.:
809 1356 959 1405 ‚,fecit,
994 1358 1035 1392 ut
1062 1354 1207 1391 Jarbita
1237 1368 1358 1406 paene
1381 1356 1675 1407 dirumperetur,
1704 1354 1764 1392 vel

232 1424 280 1461 ob
321 1423 468 1461 nimiam
508 1423 611 1462 vocis
650 1423 917 1472 intentionem,
969 1423 1028 1460 vel
1071 1422 1119 1460 ob
1162 1423 1364 1474 invidiam,
1402 1424 1505 1475 quod
1545 1423 1763 1474 Timagenis

342 1561 379 1606 *)
401 1561 500 1596 Nihil
521 1561 599 1606 agit
617 1561 664 1595 W
663 1561 847 1605 eichertus,
872 1572 974 1606 quum
994 1571 1077 1595 suae
1097 1561 1294 1595 sententiae
1308 1559 1541 1607 patrocinium
1556 1558 1658 1594 videt
1668 1558 1763 1605 apud

231 1619 348 1654 Plaut.
366 1619 476 1653 Merc.
498 1620 529 1662 1,
553 1621 585 1662 2,
613 1620 670 1654 27.
706 1618 787 1652 Tua
805 1631 915 1652 causa
935 1618 1016 1663 rupi
1033 1619 1192 1652 ramices:
1205 1620 1286 1663 jam
1307 1624 1408 1664 sputo
1426 1618 1659 1664 sanguinem‚·
1676 1615 1766 1651 ridi-

231 1677 306 1709 cule
327 1675 416 1710 enim
435 1675 667 1720 supet-lationi
687 1676 853 1709 veritatis
874 1676 953 1720 ipsa
973 1675 1105 1709 veritas
1126 1676 1319 1720 quaeritur.
1362 1675 1488 1719 Neque
1508 1679 1631 1708 nostra
1653 1672 1764 1709 inter-

231 1732 382 1776 pretatio
399 1745 440 1766 eo
456 1733 647 1774 refutatur,
667 1733 759 1778 quod
777 1733 824 1766 W
823 1733 991 1766 eichertus
1003 1732 1154 1766 Horatio
1172 1732 1257 1766 haec
1270 1731 1440 1766 scribenti
1455 1731 1608 1774 fabulam
1619 1730 1663 1764 de
1677 1741 1764 1765 rana.

230 1795 266 1822 et
282 1790 372 1822 bove
393 1790 540 1823 Phaedr.
563 1791 593 1833 1,
611 1786 667 1824 24.
684 1789 727 1822 ab
743 1789 822 1834 ipso
838 1795 946 1834 poeta
969 1790 1047 1822 Sat.
1064 1791 1096 1832 2,
1113 1789 1146 1832 3,
1162 1789 1229 1825 312
1244 1800 1322 1835 sqq.
1343 1788 1411 1834 (ib.
1427 1788 1569 1832 Lamb.)
1587 1799 1653 1822 suo
1665 1799 1762 1821 more

229 1851 415 1879 tractatam
445 1845 495 1879 ait
516 1847 739 1879 obversatam
766 1858 844 1879 esse
866 1847 946 1880 coll.
974 1847 1083 1884 Mart.
1113 1847 1167 1890 10,
1187 1847 1244 1887 79,
1265 1847 1298 1881 9.
1340 1847 1370 1880 A
1391 1857 1476 1879 vero
1506 1856 1616 1890 prope
1646 1843 1763 1879 abfuit

230 1903 462 1948 Porphyrion,
493 1914 595 1947 quum
622 1903 823 1946 Hyarbitam
842 1922 900 1929 -—
928 1922 977 1927 —
1016 1922 1061 1928 —
1089 1909 1234 1947 propter
1253 1902 1474 1936 insolentiam
1489 1902 1652 1946 faciendi
1669 1901 1761 1945 quod

228 1961 424 1993 conabatur
450 1971 562 2004 paene
592 1959 786 2003 disruptum
818 1971 889 1993 esse
915 1960 1051 1993 diceret
1076 1959 1187 2002 (conf.
1215 1959 1358 1995 Auctar.
1388 1960 1582 1994 Commeat.
1606 1962 1680 1994 vet..
1701 1969 1759 2003 ap.

229 2019 338 2061 Cruq.
360 2028 395 2061 p.
417 2013 523 2063 694),
544 2017 696 2059 itemque
711 2016 828 2049 Acron
849 2016 944 2050 hisce
966 2015 1105 2049 verbis:
1134 2016 1332 2060 „Hyarbita
1347 2015 1497 2050 Maurus
1513 2015 1582 2056 fuit
1600 2014 1758 2061 regione,

228 2073 301 2117 qui,
333 2074 414 2107 dum
440 2073 670 2118 Timagenem
688 2071 929 2116 philosophum
947 2078 1024 2117 post
1043 2072 1233 2106 convivium
1253 2077 1286 2105 et
1304 2072 1395 2106 inter
1412 2073 1540 2117 pocula
1559 2071 1760 2106 declaman-

228 2136 295 2164 tem
316 2130 416 2164 vellet
443 2129 575 2164 imitari
599 2135 631 2163 et
651 2140 723 2162 non
742 2134 875 2173 posset,
903 2128 1034 2162 invidia
1060 2130 1315 2171 quodammodo
1329 2124 1525 2174 'discerptus
1549 2128 1669 2172 (leget
1688 2126 1759 2160 dis-

228 2188 368 2232 ruptus)
387 2187 477 2221 est.“
511 2186 701 2220 Notionem
716 2185 870 2219 invidiae
889 2185 946 2219 hic
961 2186 1190 2230 comprobant
1207 2185 1403 2228 Ammius,
1424 2184 1665 2228 Britannicus,
1685 2180 1757 2227 alii,

228 2255 317 2289 quae
338 2254 530 2289 quanquam
554 2242 697 2288 probari
717 2241 859 2288 nequit,
879 2247 992 2276 tamen
1013 2246 1166 2275 testatur
1190 2242 1403 2286 superlatam
1429 2241 1525 2275 illam
1543 2239 1684 2274 dicendi
1701 2250 1759 2274 ra-

226 2300 375 2344 tionem,
406 2311 473 2346 qua
504 2298 671 2345 imprimis
690 2299 821 2344 rumpi,
852 2299 1005 2344 dirumpi
1021 2298 1078 2332 vel
1106 2297 1313 2342 simpliciter
1338 2298 1395 2332 vel
1419 2298 1558 2342 adjecto
1586 2295 1757 2340 invidiae,

227 2359 320 2401 irae,
346 2357 477 2391 doloris
501 2358 609 2391 verbo
631 2357 657 2390 ii
677 2355 858 2399 dicuntur,
888 2357 948 2401 qui
974 2355 1140 2390 invidiam
1163 2361 1232 2389 etc.
1264 2355 1461 2400 similesque
1481 2352 1585 2388 animi
1605 2353 1756 2388 affectus

227 2413 408 2448 continere
425 2420 602 2460 nequeunt
619 2413 733 2459 iisque
749 2417 924 2448 aestuant.
955 2413 1013 2448 Ita
1032 2412 1109 2447 Cic.
1125 2412 1170 2446 ad
1186 2411 1292 2445 Attio.
1311 2409 1346 2455 4,
1366 2413 1420 2446 16.
1443 2410 1573 2446 Nullus
1588 2411 1689 2444 dolor
1703 2421 1758 2444 me

228 2471 349 2517 angit,
376 2483 485 2505 unum
505 2471 623 2505 omnia
640 2482 758 2516 posse.-
785 2471 1033 2516 dirumpuntur
1050 2470 1093 2515 ii,
1123 2468 1183 2513 qui
1199 2481 1251 2502 me
1274 2469 1403 2512 aliquid
1429 2479 1529 2513 posse
1554 2468 1755 2501 doluerunt.

149 2519 156 2525 ⁴
227 2527 316 2561 Ibid.
334 2529 367 2570 7,
385 2530 439 2564 12.
464 2528 545 2562 vid.
566 2527 714 2570 For-big.
740 2527 784 2561 ad
806 2526 904 2571 Virg.
928 2527 1005 2560 Eoi.
1025 2528 1059 2570 7,
1081 2527 1137 2563 26.
1158 2525 1244 2559 Aen.
1264 2526 1319 2568 12,
1335 2524 1415 2559 527.
1448 2525 1564 2558 Burm.
1586 2524 1631 2557 ad
1647 2524 1755 2568 Prop.

229 2587 259 2626 1,
284 2586 316 2626 8,
339 2586 394 2620 27.
431 2584 568 2619 Ruhnk.
599 2584 642 2618 ad
672 2584 780 2618 Ovid.
812 2585 898 2618 Her.
927 2584 961 2624 8,
988 2583 1044 2619 57.
1077 2582 1239 2617 Wernsd.
1262 2582 1305 2615 ad
1337 2581 1504 2626 Calpurn.
1535 2581 1614 2615 Eoi.
1643 2581 1678 2624 6,
1697 2580 1756 2614 80-

227 2640 326 2673 Cort.
348 2642 392 2675 ad
413 2642 489 2676 Cic.
512 2641 631 2686 Epist.
657 2641 699 2674 ad
721 2641 799 2674 Div.
821 2643 875 2684 12,
892 2642 925 2683 2,
942 2641 976 2676 8.
1006 2639 1120 2675 Halm.
1139 2639 1184 2672 ad
1205 2650 1256 2677 or.
1276 2637 1310 2672 in
1333 2637 1449 2676 Vatin,
1465 2635 1499 2681 4,
1518 2638 1572 2672 10.
1601 2636 1756 2681 interpp.

227 2697 269 2728 ad
293 2708 344 2729 or.
376 2710 427 2742 pr.
459 2699 560 2732 Dom.
582 2709 644 2731 sua
662 2698 719 2739 37,
742 2698 797 2733 99.
832 2697 964 2731 Gatak.
998 2697 1040 2730 ad
1071 2697 1121 2730 M.
1152 2695 1314 2730 Antonin.
1333 2697 1366 2736 8,
1386 2693 1420 2731 4.
1443 2707 1479 2740 p.
1497 2694 1577 2730 239.
1598 2693 1754 2736 interpp.

227 2753 376 2789 adlue.
399 2756 479 2789 Act.
501 2755 628 2799 Apost.
650 2756 684 2798 7,
708 2751 764 2788 54.
788 2754 905 2790 Herm.
927 2754 970 2787 ad
992 2755 1136 2787 lucian.
1157 2752 1179 2786 1.
1203 2752 1226 2788 Ι.
1253 2764 1286 2797 p.
1308 2754 1365 2788 77.
1401 2753 1528 2796 Neque
1554 2761 1634 2784 are
1653 2749 1756 2782 abest

227 2809 396 2851 tentigine
415 2823 530 2855 rumpz
550 2812 627 2845 Sat
655 2813 686 2853 1,
712 2813 743 2853 2,
770 2812 847 2846 118.
876 2811 925 2849 ib.
956 2811 1066 2845 Oreu.
1097 2809 1176 2844 coll.
1202 2810 1371 2854 Rutgers.
1392 2810 1525 2842 Venus.
1557 2806 1673 2840 Lectt.
1696 2804 1752 2837 10.

254 2865 363 2898 .288.
393 2867 509 2900 Bur-m.
534 2868 576 2900 ad
606 2867 710 2902 Anth
740 2868 800 2901 lat.
830 2867 873 2903 11.
903 2880 938 2913 p.
961 2866 1042 2904 509.
1072 2871 1109 2901 et
1128 2879 1288 2913 rumpere
1310 2877 1426 2901 vocem
1451 2862 1559 2899 Bach·
1579 2861 1623 2896 ad
1646 2857 1752 2895 Ovid-

226 2877 549 2965 liletan1.10‚147.
587 2920 1168 2968 Schleue-n.Lex.s.v.brjyvvpu.
