1910 3138
81 177 158 218 171
213 174 492 216 comNT.
519 175 575 215 IN
595 175 718 215 HOR.
747 174 846 213 LIB.
868 174 895 212 Ι.
924 172 1088 215 EPIST.
1109 171 1477 213 UNDEvlcEsm.
1523 169 1609 212 519

80 287 240 326 recitare
265 287 394 337 soleo,
423 287 618 338 dignitatis
647 292 687 326 et
712 300 898 340 personae
924 300 1010 326 esse
1038 299 1162 337 nego,
1191 286 1476 324 candidatorum
1500 299 1606 325 more

81 356 416 394 Grammaticorum
444 359 596 407 captare
623 356 845 406 suffragia.“
908 355 1034 393 Tecte
1067 355 1181 403 igitur
1215 366 1284 391 eos
1309 357 1446 405 poetas
1473 354 1606 406 carpit,

80 423 143 472 qui
165 432 263 460 vana
294 423 393 460 fama
418 423 531 461 illecti
557 423 891 461 Grammaticorum
918 422 1066 460 scholas
1094 421 1155 459 vel
1185 416 1345 470 collegia
1371 421 1512 460 ambire
1540 435 1606 459 so—

79 489 134 526 liti
158 494 267 536 sunt3
295 490 395 530 conf.
420 493 462 540 2,
492 493 532 539 2,
565 491 642 532 102
664 503 751 540 sqq.
781 511 838 518 —-
870 489 967 527 Non
996 503 1093 541 ego,
1122 491 1170 527 de
1193 488 1263 526 hac
1293 488 1453 527 formula
1479 489 1527 527 cf.
1555 489 1605 528 Ο.

78 555 189 597 Jahn.
219 557 267 594 ad
298 557 405 596 Pers.
429 559 467 606 1,
491 557 559 599 45.
599 557 766 595 Nobiles
792 563 941 606 autem,
968 558 1068 608 quod
1097 556 1250 595 verbum
1267 560 1374 594 extra
1401 555 1608 606 εἰρωνείαν

79 624 243 675 positum
279 620 486 665 ἀντίθεσιν
514 639 575 663 vv.
606 639 779 677 gramm.
815 624 990 662 tribuum
1018 625 1155 673 efficit,
1193 637 1259 662 eos
1289 624 1478 674 significat
1505 623 1606 663 viros

80 691 277 742 cordatos,
306 706 463 743 quorum
489 695 648 732 amicitia
676 694 769 732 Hor.
799 694 880 733 Sat.
904 695 942 742 1,
966 694 1028 740 10,
1050 694 1100 733 81
1123 705 1180 743 sq.
1210 691 1412 742 gloriatur,
1443 692 1481 729 in
1510 704 1607 742 quo-

78 772 235 810 rumque
255 762 396 812 judicio
427 765 466 799 et
491 762 576 799 istic
603 766 641 799 et
667 762 726 800 hic
754 774 790 802 v,
812 760 880 802 34.
911 775 953 799 se
977 762 1216 811 acquiescere
1241 765 1373 809 gratus
1395 759 1606 810 profitetur.

78 827 178 865 Hinc
204 841 282 866 non
317 829 550 867 incommode
586 829 712 868 Schol.
749 829 886 880 Cruq.:
925 828 1080 875 „nobiL
1112 830 1245 879 script.
1272 841 1438 866 meorum
1463 827 1607 866 Roma-

80 907 234 945 norum,
261 895 464 947 Pollionis,
499 897 664 947 Virgilii,
698 897 830 935 Varii“
861 905 933 935 etc.
991 898 1046 935 Ut
1076 896 1160 934 illos
1198 896 1337 933 amicos
1365 896 1506 946 scripta
1538 909 1608 934 sua

80 963 300 1012 recitantes,
332 964 432 1014 quod
460 970 610 1015 praeter
633 969 781 1004 ceteros
812 965 860 1003 ab
885 964 1013 1003 Asinio
1042 964 1211 1002 Pollione
1235 964 1376 1001 factum
1400 976 1488 1002 esse
1516 977 1608 1002 con-

80 1033 180 1080 stat,
206 1030 390 1069 benevole
417 1033 561 1070 audivit
587 1033 727 1084 (Epist.
757 1034 797 1082 2,
822 1034 861 1082 2,
891 1033 999 1082 67.)‚
1028 1033 1080 1070 ita
1107 1032 1192 1069 illos
1220 1043 1290 1069 sua
1315 1031 1432 1081 ipsius
1457 1043 1607 1081 quoqne

80 1097 222 1148 scripta
250 1099 350 1149 (Sat.
372 1101 411 1146 1,
431 1098 474 1150 4,
502 1101 576 1150 72)
604 1102 734 1139 audire
763 1101 907 1152 coegit,
933 1106 975 1140 ut
1003 1113 1070 1138 eos
1099 1100 1206 1150 quasi
1234 1098 1499 1145 ulcisceretur3
1530 1113 1607 1149 quo

81 1166 230 1215 quidem
257 1165 373 1204 verbo
401 1166 560 1206 humane
587 1169 750 1220 indicat,
779 1183 822 1208 se
848 1182 919 1220 pro
950 1167 1164 1206 melioribus
1193 1167 1381 1204 deteriora
1408 1168 1486 1205 suis
1513 1166 1608 1204 ami-

81 1233 135 1270 cis
162 1234 392 1274 reddidisse.
433 1234 491 1272 Ita
516 1235 600 1274 Juv.
633 1238 674 1287 1,
704 1239 743 1277 1.
789 1237 948 1287 Semper
980 1250 1051 1287 ego
1088 1235 1250 1272 auditor
1277 1242 1433 1272 tantum
1443 1262 1460 1280 ‚
1500 1247 1608 1271 nun-

81 1313 252 1351 quamne
275 1301 494 1352 reponam?
537 1300 594 1340 Ex
616 1307 725 1355 parte
754 1304 836 1342 Cic.
863 1318 920 1356 pr.
946 1304 1096 1342 cluent.
1116 1304 1183 1344 51.
1211 1303 1339 1354 (quem
1363 1303 1488 1340 locum
1517 1315 1608 1340 con-

79 1367 165 1406 tulit
192 1368 371 1419 Orellins)
406 1369 573 1407 Crassus
599 1377 684 1408 tum
707 1372 765 1409 ita
794 1373 971 1410 Brutum
1003 1371 1111 1408 ultus
1137 1378 1192 1407 est
1202 1399 1217 1417 ,
1247 1378 1292 1408 ut
1318 1370 1436 1408 illum
1463 1371 1608 1407 recita-

80 1436 197 1473 tionis
233 1450 330 1474 suae
363 1438 589 1487 poeniteret.
648 1438 734 1476 Pari
772 1441 955 1491 elegantia
994 1440 1053 1478 hic
1092 1439 1222 1484 ultor,
1263 1452 1339 1489 qua
1373 1438 1474 1489 apud
1510 1437 1607 1477 Plin.

79 1502 202 1554 Epist.
233 1505 273 1552 1,
304 1504 371 1552 13,
402 1505 440 1545 5.
469 1504 638 1543 creditor
662 1506 800 1557 legitur
826 1512 866 1546 et
890 1508 1021 1546 eadem
1051 1508 1239 1545 sententia
1262 1509 1303 1559 2,
1330 1508 1370 1554 2,
1398 1505 1492 1546 105.
1522 1504 1607 1543 coll-

80 1582 139 1607 W.
164 1571 232 1611 97.
261 1572 328 1612 98.
363 1572 525 1623 impune
553 1572 769 1627 legentes&
804 1576 1127 1626 interpretaberis.
1184 1575 1258 1619 Qui
1283 1579 1326 1612 ut
1358 1572 1610 1611 Weichertus

80 1638 136 1688 (Ι)-
164 1637 279 1690 101.)
317 1638 484 1676 ultorem
511 1641 558 1678 ad
587 1641 862 1681 obtrectatores
900 1643 1090 1691 referunt,
1126 1647 1167 1679 ut
1200 1641 1381 1679 Horatius
1410 1645 1609 1692 praestan-

79 1706 307 1745 tissimorum
335 1708 560 1759 scriptorum
588 1710 795 1752 auditorem
824 1723 1027 1762 eorumque
1062 1709 1109 1747 ab
1139 1710 1274 1760 iniquis
1304 1709 1608 1761 reprehensioni-

81 1774 150 1812 bus
177 1775 374 1813 νίηιίἰοεηι
403 1775 644 1826 (Wielanch
685 1777 986 1829 „Verfechter“)
1021 1791 1063 1816 se
1099 1778 1221 1827 dicat,
1258 1791 1336 1815 non
1368 1778 1520 1826 vident,
1558 1778 1607 1815 ad

79 1841 288 1885 audiendas
316 1844 558 1882 recitationes
586 1846 772 1883 neminem
799 1845 1023 1884 arcessitum
1050 1846 1187 1891 videri,
1216 1857 1239 1882 a
1260 1858 1334 1895 quo
1355 1845 1418 1895 qui
1437 1844 1607 1895 legerent

79 1906 147 1946 vel
166 1909 444 1950 criminationes
479 1913 538 1950 vel
565 1913 863 1964 vituperationes
897 1918 1056 1964 possent
1086 1917 1331 1964 exspectare,
1367 1925 1490 1962 neque
1526 1911 1607 1948 Ho-

80 1977 183 2024 ratii,
214 1977 399 2027 siquidem
425 1982 678 2031 arrogantiam
702 1980 842 2018 evitare
869 1981 1006 2031 vellet,
1041 1982 1180 2031 fuisse,
1219 1982 1271 2018 uti
1300 1985 1403 2017 recte
1432 1979 1608 2016 observat

80 2043 391 2097 Dillenburger,
424 2047 617 2086 nobilium
646 2049 879 2098 comptorum
894 2048 958 2099 **)
987 2049 1141 2098 injurias
1173 2053 1213 2086 et
1242 2046 1510 2085 malevolorum
1537 2046 1607 2083 ini-

80 2112 260 2162 quitatem
293 2113 434 2153 u'lcisci.
481 2116 617 2166 Neque
646 2115 851 2168 probabilis
885 2119 945 2153 est
978 2115 1198 2153 Weiclzerti
1225 2115 1344 2152 altera
1380 2114 1606 2163 interpreta-

191 2286 229 2330 *)
249 2285 427 2322 Dissentio
454 2286 562 2332 igitur
580 2300 601 2323 a
619 2289 704 2322 Viro
726 2287 872 2333 quodam
899 2286 1003 2320 docto
1031 2285 1067 2319 in
1091 2285 1317 2330 Ephemerid.
1346 2285 1479 2319 litei-at.
1508 2285 1605 2330 Lips.

82 2340 185 2376 1825.
205 2342 254 2376 Ν.
273 2345 364 2388 180.,
390 2343 448 2389 qui
466 2345 595 2379 nobiles
608 2346 772 2390 antiquos
783 2370 794 2386 ‚
813 2344 924 2377 bonos
938 2341 1125 2385 intelligit,
1146 2352 1233 2386 quos
1248 2340 1419 2376 Horatius
1435 2346 1473 2375 et
1486 2341 1607 2376 audiat

38 2429 44 2435 ,
81 2403 119 2431 et
136 2397 306 2436 vindicet.
360 2401 514 2444 ‚,Wer,“
534 2406 574 2434 ut
591 2402 662 2446 ait,
687 2411 757 2445 „an
778 2400 840 2434 das
860 2400 978 2442 Gute,
1001 2398 1140 2432 Schfme
1159 2397 1326 2442 gewfihnt.
1344 2397 1411 2442 ist,
1431 2398 1525 2432 kann
1542 2398 1606 2434 das

81 2453 236 2487 Gesudel
254 2454 352 2489 nicht
368 2458 575 2501 ertragen.“

172 2517 228 2563 **)
248 2520 445 2556 Dictionem
462 2524 543 2559 nob.
558 2523 675 2568 script.
697 2521 855 2568 pluribus
874 2521 1067 2555 illustravit
1080 2520 1259 2564 Bentlejus
1277 2520 1322 2554 ad
1339 2521 1409 2556 Od.
1429 2523 1458 2564 1,
1474 2522 1531 2565 29,
1549 2522 1604 2557 13.

81 2575 388 2620 Interpretationis
413 2589 450 2616 v.
467 2580 564 2612 ultor
583 2590 604 2612 a
623 2579 725 2613 nobis
744 2578 852 2611 initae
871 2583 994 2611 auctor
1015 2577 1203 2611 Lambinus
1223 2576 1364 2611 videtur
1382 2589 1474 2618 esse,
1514 2579 1606 2614 Eum

81 2636 277 2677 sequuntur
303 2633 500 2676 Bentlejus,
528 2635 682 2677 Gesner,
702 2634 893 2668 Schmidius
921 2634 965 2667 ad
992 2636 1026 2676 2,
1056 2635 1092 2675 2,
1117 2633 1194 2676 97.‚
1220 2633 1418 2679 Hoc-heder,
1442 2635 1603 2679 Oreuius,

83 2687 259 2731 Dfintzem
286 2687 536 2734 Dillenburger
556 2690 702 2734 (Progr,
725 2688 889 2734 Aquisgr.
912 2686 1014 2724 1841.
1035 2701 1071 2733 p.
1094 2689 1175 2732 19),
1200 2688 1326 2724 Weber
1348 2691 1478 2737 (Corp.
1500 2692 1603 2726 Post.

81 2744 147 2778 lat.
165 2744 210 2778 ad
229 2745 264 2778 h.
282 2744 306 2778 l.
323 2750 360 2778 et
378 2745 423 2778 ad
441 2747 475 2788 2,
491 2746 524 2787 2,
544 2743 638 2787 105),
659 2747 720 2779 Fr.
735 2745 914 2779 Jacobsius
927 2745 972 2778 V.
987 2756 1022 2789 p.
1037 2743 1118 2780 657.
1136 2746 1179 2779 In
1194 2745 1402 2782 sententiam
1421 2753 1536 2783 autem
1554 2749 1604 2783 nl-

82 2807 192 2835 teram
210 2801 246 2836 J.
259 2800 414 2835 Merkel.-
431 2800 553 2845 „Weil
572 2799 650 2845 ich,
669 2811 735 2835 nur
749 2801 910 2835 Zuhorer
923 2800 992 2834 und
1007 2801 1147 2836 Riicher
1164 2801 1227 2835 der
1237 2802 1436 2840 trefflichen
1446 2805 1604 2850 Dichter,

82 2857 134 2891 An
149 2857 214 2892 der
228 2857 612 2892 Grammatiker-Zunft
631 2857 821 2893 Lelirstuhl
843 2857 940 2892 nicht
958 2857 1070 2892 battle
1090 2869 1146 2893 um
1164 2857 1326 2895 Beirau.“
