1910 3138
132 270 133 273 =
163 243 218 287 21
276 238 551 284 comm.
573 243 631 282 IN
649 242 773 284 HOR.
793 243 892 283 Lm.
915 244 944 284 Ι.
983 244 1146 285 EPIST.
1167 244 1311 285 sEP'r.
1330 243 1505 285 nsscm.
1593 241 1678 285 369

162 355 365 395 madidam
402 356 539 402 (Orell.
576 357 625 395 ad
661 356 804 396 Arnob.
837 357 885 406 5,
917 355 997 408 1.)‚
1039 358 1093 396 ita
1128 357 1208 410 hic,
1251 359 1314 398 ubi
1353 359 1402 398 de
1435 371 1504 397 esu
1538 358 1677 409 agitur,

98 418 106 429 ‘
161 430 279 461 unca»
305 424 512 462 contrarius
537 428 619 474 est,
650 429 691 463 ut
718 426 887 474 mireris,
914 423 1206 478 Haberfildum
1233 426 1349 465 verbo
1375 427 1527 465 nimium
1546 426 1677 464 inhae-

161 495 304 529 rentem
330 504 410 528 non
441 499 605 530 unctum
634 492 874 532 intellexisse.
927 493 1063 544 Neque
1098 507 1194 545 opus
1232 494 1399 543 videtur,
1435 495 1559 531 siccos
1592 506 1676 532 cum

169 551 366 596 ibn-entia
385 558 655 615 ξηροφοὶγους,
676 561 809 612 quibus
830 561 971 611 Cynica
989 573 1108 599 coena
1126 566 1362 614 apponatur,
1379 565 1531 614 putare,
1556 574 1678 613 quan-

158 637 271 677 ·quam
291 625 588 666 Christianorum
615 629 855 683 ξηροφαγίαι
882 630 920 666 in
944 629 1096 681 Jejuniis
1115 631 1216 682 apud
1237 629 1533 678 Tertullianum,
1559 633 1603 667 ut
1627 629 1676 668 de

159 691 282 743 Jejun.
309 693 348 734 5.
377 695 430 746 (p.
459 695 543 737 704
569 695 745 747 Rigalt),
774 696 991 734 notissimae
1021 700 1118 734 sunt.
1175 697 1349 736 Orelliue
1375 699 1566 747 comparat
1592 697 1677 733 vic·

162 765 247 798 tum
273 760 434 799 aridum
459 763 559 814 apud
588 763 668 802 Cic.
698 777 756 815 pr.
781 765 894 802 Rosc.
931 764 1015 805 Am.
1043 765 1110 815 27,
1140 765 1208 806 75.
1272 766 1324 804 At
1350 776 1412 803 res
1438 775 1516 801 non
1545 765 1677 802 eadem

162 831 235 870 est.
291 829 403 868 Nilus
430 843 492 882 ap.
527 830 645 870 Orell.
672 831 836 882 (Opusc-
866 830 1002 870 Graec.
1031 831 1080 870 Π.
1104 846 1143 883 p.
1168 830 1270 883 416)
1308 827 1551 884 Νηφᾶλαιον
1578 827 1678 884 φρό-

161 909 269 948 νημα
297 894 340 936 ἐν
365 893 547 949 ξηρότητι
573 897 744 949 διαίτης·
771 895 892 951 ιῖγρός
920 897 963 938 δὲ
992 899 1080 951 βίος
1109 900 1283 952 βαπτίζει
1305 902 1406 940 νοῦν
1431 899 1487 946 εἷς
1525 894 1671 952 βυθόν.

269 963 315 1000 V·
345 964 397 1005 13
423 986 480 993 —
510 966 574 1005 17.
624 966 671 1002 Si
692 966 906 1016 pranderet
932 989 989 998 —
1015 969 1220 1006 sententia.
1275 967 1365 1018 „Et
1393 979 1484 1005 sane
1510 969 1679 1018 praestat

159 1032 327 1082 potentis
353 1032 460 1070 amici
486 1032 734 1071 familiaritate
762 1036 951 1086 sapienter
987 1036 1042 1073 uti
1070 1047 1180 1086 quam
1210 1047 1255 1074 ea
1290 1047 1361 1086 per
1383 1035 1570 1084 ingenium
1598 1034 1680 1071 for-

160 1101 265 1136 tasse
291 1111 421 1149 parum
454 1099 628 1138 versatile
660 1101 714 1138 uti
747 1101 888 1139 nolle.“
944 1102 1053 1140 Hanc
1087 1103 1311 1141 sententiam
1348 1102 1469 1140 Poeta
1506 1101 1677 1153 exemplo

160 1165 341 1217 Aristippi
380 1165 561 1217 Dionysio
598 1168 725 1207 Siculo
748 1170 1028 1208 amicissimi-et
1066 1169 1249 1221 Diogenis
1286 1168 1424 1220 (usque
1451 1170 1501 1207 ad
1528 1183 1564 1206 v.
1591 1169 1678 1221 32.)

161 1233 335 1285 explanat
360 1238 401 1273 et
428 1234 572 1274 dilatat.
640 1235 712 1274 Alii
739 1238 905 1288 singulas
943 1237 1039 1276 illius
1069 1239 1227 1290 exempli
1262 1243 1391 1291 partes
1428 1237 1599 1275 subtilius
1626 1237 1679 1274 ri-

159 1306 304 1341 mantes
330 1302 401 1340 hoc
427 1303 499 1341 dici
528 1303 746 1355 opinantur,
773 1307 918 1356 „satius
947 1318 1030 1343 esse
1059 1307 1206 1357 utrique
1234 1308 1287 1345 rei
1315 1307 1416 1344 vitae
1443 1310 1482 1343 et
1508 1306 1617 1343 inerti
1639 1310 1678 1343 et

159 1373 334 1409 actuosae
360 1360 624 1421 officiosaeque
649 1377 779 1424 aptum
807 1386 912 1423 esse,
940 1376 982 1410 ut
1008 1374 1071 1424 qui
1101 1374 1200 1413 illam
1228 1379 1426 1425 sequatur,
1457 1373 1552 1411 hanc
1580 1386 1678 1423 quo-

161 1431 234 1490 que
261 1440 368 1490 sequi
391 1451 468 1477 non
493 1439 679 1477 neseiat.“
736 1442 842 1486 Quae
866 1444 994 1491 partes
1022 1441 1059 1478 in
1089 1441 1157 1480 hac
1186 1456 1227 1480 re
1256 1443 1327 1494 ipsi
1346 1442 1513 1480 Scaevae
1531 1441 1678 1478 dandae

161 1507 262 1556 sint,
300 1507 384 1558 quis
414 1510 473 1545 est
504 1508 566 1558 qui
599 1520 670 1558 pro
700 1510 891 1558 comperto
920 1507 1082 1546 habeat?
1132 1510 1354 1561 Quanquam
1387 1512 1499 1559 sunt,
1540 1509 1603 1559 qui
1631 1522 1676 1547 ex

160 1573 230 1612 hac
251 1574 376 1625 lepida
400 1574 671 1613 narratiuncula
699 1575 879 1613 Scaevam
898 1576 1150 1627 potentiorum
1178 1589 1283 1614 usum
1315 1581 1538 1615 extenuasse
1564 1579 1679 1626 atque

161 1641 346 1692 abjecisse
371 1641 605 1680 concludant.
662 1642 783 1691 Quid,
819 1642 921 1692 quod
949 1643 997 1680 de
1036 1645 1221 1682 sententia
1255 1644 1423 1696 Cruquii
1459 1645 1564 1695 „sub
1589 1657 1677 1696 per-

161 1722 255 1747 sona
283 1709 463 1759 Diogenis
490 1708 667 1746 Horatius
696 1722 719 1747 a
745 1710 890 1748 Scaeva
922 1713 1096 1760 notatus,
1133 1713 1241 1763 quasi
1266 1713 1498 1752 Maecenatis
1533 1716 1572 1750 et
1600 1711 1676 1750 Au-

161 1777 261 1827 gusti
295 1776 575 1829 principumque
607 1777 769 1815 virorum
799 1781 1038 1827 assentator,
1078 1792 1160 1817 eum
1194 1781 1264 1819 sub
1299 1781 1483 1834 Aristippi
1514 1792 1678 1833 persona

161 1845 371 1895 remordet,
407 1848 583 1895 tanquam
611 1846 868 1883 incomtiorem
894 1846 1188 1897 ineptioremque
1215 1861 1325 1899 quam
1353 1850 1416 1899 qui
1445 1848 1595 1899 regibus
1623 1849 1678 1885 uti

161 1915 292 1950 nosset
320 1912 450 1962 eisque
478 1913 717 1954 convivere.“
762 1911 885 1951 Verba
908 1911 1090 1963 Diogenis
1120 1914 1249 1965 Cynici
1273 1918 1373 1968 apud
1402 1916 1517 1967 Diog.
1547 1915 1676 1954 Laert.

162 1980 206 2029 2,
233 1980 306 2020 68:
347 1978 553 2032 Παρίόντᾶ
583 1995 679 2021 ποτε
706 1975 830 2020 αὖτόν
857 1975 1145 2033 (Ἀρίστιππον)
1170 1982 1321 2035 λάχανα
1345 1980 1507 2023 πλύνων
1536 1981 1677 2035 Διογέ-

27 2059 31 2061 “
61 2058 68 2067 ’
108 2097 111 2099 μ
162 2060 238 2097 νης
267 2045 422 2095 ἔσκωψε
450 2047 520 2087 καί
546 2060 693 2100 φησιν·
725 2048 761 2088 εἰ
786 2048 911 2088 ταῦτα
938 2048 1084 2101 ἔμαθες
1110 2050 1405 2103 προφέρεσθαι,
1436 2047 1512 2090 οὐκ
1540 2047 1590 2089 ὃν
1614 2065 1677 2088 τυ-

163 2110 322 2166 ράννων
347 2110 475 2162 αὔλᾶς
500 2111 763 2169 ἐθεράπευες,
800 2114 844 2156 ‘0
871 2115 932 2165 δέ,
957 2116 1027 2157 καὶ
1056 2113 1125 2167 σύ,
1163 2114 1297 2164 εἶπεν,
1327 2119 1436 2169 εἴπερ
1464 2115 1574 2173 ᾔδεις
1603 2114 1677 2156 α’ν-

162 2178 346 2234 θραὶποις
369 2179 542 2234 ὁμιλεῖν,
576 2179 650 2223 ουίι
677 2180 728 2224 ἂν
755 2180 906 2236 λάχανα
935 2184 1119 2236 ἔπλυνες,
1157 2190 1194 2223 et
1222 2187 1322 2235 apud
1353 2186 1479 2222 Valer.
1507 2184 1606 2222 Max.
1634 2181 1676 2231 4,

162 2247 202 2288 3.
235 2252 378 2288 extem.
415 2249 455 2291 4.
494 2251 621 2289 Simile
653 2253 829 2303 quiddam
865 2253 1066 2292 Metrocles
1106 2253 1267 2301 Cynicus
1304 2252 1498 2302 Aristippo
1536 2252 1676 2288 dixisse

163 2315 281 2354 fertur
315 2318 415 2368 apud
453 2319 613 2357 eundem
641 2319 752 2370 Diog.
786 2319 915 2358 Laert.
946 2322 985 2370 2,
1017 2321 1110 2361 102.
1162 2319 1305 2359 Contra
1333 2320 1431 2357 idem
1461 2318 1558 2356 illam
1596 2331 1676 2356 rem

163 2377 260 2420 inter
285 2383 495 2433 Diogenem
523 2390 563 2423 et
589 2387 785 2425 Platonem
810 2388 946 2425 factam
975 2389 1014 2434 6,
1042 2386 1110 2426 58.
1147 2389 1308 2423 enarrat.
1336 2384 1480 2423 Locum
1506 2386 1544 2422 in
1572 2398 1676 2423 suam

164 2462 242 2487 rem
265 2452 448 2488 convertit
474 2453 609 2490 Joann.
649 2454 844 2493 Saresber.
882 2454 986 2502 Nug.
1026 2451 1164 2489 Curial.
1202 2451 1241 2495 5,
1282 2453 1347 2491 17.
1395 2452 1549 2501 „Quum
1585 2465 1675 2490 vero

163 2515 449 2566 philosophandi
474 2519 551 2556 sint
575 2520 712 2558 multae
740 2521 917 2568 semitae,
945 2519 1007 2557 illa
1027 2531 1118 2569 prae
1146 2518 1284 2555 ceteris
1307 2517 1395 2554 mihi
1418 2518 1564 2556 videtur
1591 2532 1675 2557 esse

164 2581 327 2620 nobilior
353 2586 392 2619 et
422 2583 663 2636 laudabilior,
707 2587 817 2637 Quae
843 2588 900 2623 sic
924 2585 1096 2636 prandet
1124 2583 1212 2621 olus
1231 2585 1456 2634 patienter,
1490 2585 1606 2624 rebus
1630 2595 1676 2625 ut

167 2650 228 2686 ua·
246 2649 435 2694 Noverit,
463 2657 499 2685 et
523 2664 651 2688 rerum
672 2667 775 2703 quae
792 2654 849 2689 sic
868 2659 1045 2689 versatur
1063 2654 1106 2689 in
1134 2665 1211 2688 usu
1219 2679 1236 2697 ,
1263 2656 1304 2689 ut
1327 2650 1408 2690 olus
1427 2656 1466 2690 et
1488 2655 1676 2703 quaelibet

167 2719 353 2753 extremae
365 2719 595 2766 paupertatis
613 2720 734 2767 xenia,
752 2720 866 2756 docta
881 2719 930 2756 sit
942 2731 1020 2755 non
1033 2718 1244 2755 fastidire.“
1278 2718 1403 2756 Verba
1416 2723 1536 2759 autem
1544 2736 1672 2772 pran-

167 2780 257 2817 dere
283 2782 370 2819 olus
388 2783 586 2832 patienter·
611 2784 708 2821 idem
732 2785 811 2822 fere
838 2784 1050 2834 significant
1078 2785 1181 2834 quod
1202 2784 1290 2822 olus
1316 2799 1496 2825 securum
1521 2790 1603 2829 Sat.
1633 2793 1672 2839 2,

168 2848 211 2897 7,
238 2849 306 2889 30.
340 2854 379 2888 et
404 2863 541 2887 secura
564 2849 720 2900 patella
746 2851 853 2888 Pers.
873 2851 915 2900 8,
947 2852 1034 2900 26.,
1069 2853 1091 2890 ἰ.
1121 2864 1155 2889 e.
1182 2853 1340 2891 animmn
1367 2867 1484 2905 parvo
1519 2860 1673 2896 conten-

169 2915 258 2952 tum.
318 2916 419 2955 Num
455 2917 525 2955 hoc
558 2917 640 2968 ipso
673 2917 900 2966 prandendi
934 2917 1051 2956 verbo
1090 2918 1180 2956 levis
1215 2931 1259 2957 ac
1292 2920 1374 2958 vilis
1411 2921 1513 2959 cibus
1543 2923 1602 2974 (5,
1628 2924 1671 2976 2)
