1910 3138
269 229 352 272 498
402 232 687 270 COMMENT.
711 232 767 271 IN
785 232 912 275 HOR.
935 232 1038 271 LlB.
1058 233 1087 271 1.
1122 233 1290 272 EPIsT.
1308 234 1682 274 UNDEVICEsm.
1733 235 1816 277 150

258 347 376 395 firm,
421 344 676 383 Weiclzertus
684 372 700 391 ,
745 346 1002 392 Schmidius,
1048 346 1247 393 Orell‘ius,
1283 347 1356 387 alii.
1411 348 1590 388 Ceterum
1611 351 1812 398 utramque

269 413 566 452 Scholiastarum
599 413 890 453 Horatianorum
906 415 945 466 *)
979 429 1014 452 v.
1046 414 1191 465 puteal
1222 416 1571 466 interpretationem
1604 419 1812 467 praeeunte

271 481 476 518 Torrentio
505 481 604 518 inter
633 494 675 519 se
707 483 907 521 conciliare
935 487 1092 521 conatus
1120 487 1181 522 est
1212 482 1506 522 Stockmannmz
1528 485 1568 522 in
1597 484 1812 522 chrestum.

269 550 351 587 Jur.
382 549 516 587 Horat.
545 549 658 600 Spec,
684 549 746 587 IX.
775 549 885 601 Lips.
919 553 1038 592 1810.
1069 565 1107 602 p.
1129 552 1183 592 10
1205 564 1264 601 sq.
1311 550 1371 590 De
1399 564 1470 590 usu
1494 551 1723 590 Futuromm
1750 563 1812 592 w.

270 615 472 654 mandabo
510 620 549 654 et
575 616 758 654 adimam
785 618 963 669 apposite
992 618 1168 656 observat
1210 618 1387 656 orelam
1414 620 1603 674 quandam
1631 618 1813 657 formula.-

270 699 354 722 rnm
382 685 495 722 edicti
524 687 712 736 praetoris
752 686 997 725 imitationem
1024 673 1109 724 coll.
1140 686 1220 723 Cic.
1249 686 1388 724 Aecus.
1417 689 1457 736 1,
1483 686 1552 729 44.
1597 688 1687 725 Nec
1706 688 1815 738 peti-

271 754 414 790 tionem
442 766 514 789 nec
539 754 824 802 possessionem
852 753 969 792 dabo.
1016 754 1112 794 Ibid.
1142 753 1210 795 45.
1254 754 1484 793 Secundum
1507 755 1667 794 nbula&
1692 763 1815 793 testa-

270 822 393 858 menti
410 822 675 872 possesionem
698 821 813 860 daho.

382 889 431 930 V.
464 890 529 930 10.
563 891 630 931 11.
673 891 768 927 Hoc
795 889 920 927 simul
942 889 1048 927 edixi
1071 912 1125 919 —
1153 889 1312 927 diurno.
1356 891 1440 929 Jam
1463 896 1663 943 postquam
1687 892 1813 931 Hora-

270 958 347 995 tius
375 957 584 1009 propositis
613 958 758 1008 aliquot
785 957 965 996 nobilium
998 963 1198 1010 poetarum
1228 958 1411 1010 exemplis
1439 958 1542 1000 illam
1571 959 1714 999 Cratini
1742 972 1814 997 vo-

272 1039 356 1064 cem
376 1025 577 1063 illustravit
607 1030 647 1064 et
675 1028 781 1077 qnasi
811 1027 1096 1078 comprobavit,
1135 1027 1254 1065 simile
1278 1028 1370 1078 quid
1400 1041 1442 1066 se
1472 1027 1716 1079 praecepisse
1740 1027 1815 1066 fin-

271 1095 350 1144 git,
381 1093 485 1144 quod
509 1099 647 1144 poetae
669 1096 850 1147 aequales
876 1095 1011 1145 cupide
1035 1094 1195 1146 amplexi
1217 1100 1399 1146 tanquam
1422 1096 1614 1147 praetoris
1636 1095 1816 1146 edictum,

272 1175 348 1212 quo
374 1162 552 1199 meliores
579 1169 719 1216 poetae
745 1165 974 1211 evaderent,
999 1163 1119 1200 secuti
1150 1163 1238 1200 sint.
1287 1163 1428 1202 Similis
1451 1167 1512 1202 est
1539 1164 1686 1202 «licendi
1710 1162 1817 1201 color

272 1231 352 1267 Sat.
376 1231 416 1279 2,
438 1231 478 1279 2,
507 1229 577 1272 51.
616 1232 665 1270 Si
693 1233 783 1284 quis
811 1244 966 1284 mergos
990 1245 1132 1268 suaves
1155 1231 1319 1268 celaverit
1343 1245 1478 1278 assos,
1502 1230 1671 1269 Parehit
1689 1231 1816 1283 pravi

273 1300 414 1338 docilis
442 1302 632 1338 Romana
650 1303 858 1347 juventu-s.
908 1301 1022 1338 Conf.
1050 1300 1101 1339 ib.
1133 1302 1174 1350 2,
1199 1300 1240 1348 3,
1269 1301 1363 1340 227·
1397 1299 1548 1338 Ruhnk.
1576 1301 1627 1338 ad
1655 1299 1816 1339 Terent.

272 1369 393 1406 Andr.
417 1369 458 1419 3,
488 1371 526 1417 2,
554 1368 620 1410 15.
648 1368 775 1406 Beier.
802 1373 841 1407 et
868 1369 986 1418 Seyff.
1015 1370 1064 1406 ad
1095 1368 1174 1407 Cic.
1201 1368 1308 1407 Lael.
1334 1370 1401 1418 16,
1425 1369 1494 1409 59.
1521 1368 1660 1406 Jocose
1690 1372 1818 1406 autem

273 1438 414 1475 dictum
443 1438 468 1474 ii
492 1450 623 1488 parum
650 1437 841 1486 sentiunt,
878 1437 941 1486 qni
971 1450 1046 1487 quo
1075 1437 1158 1476 loco
1188 1438 1239 1475 Η.
1268 1437 1345 1475 tale
1374 1437 1465 1487 qnid
1495 1436 1673 1485 edixerit,
1707 1436 1817 1474 anxie

274 1508 473 1556 quaerunt.
521 1506 767 1556 Quapropter
793 1504 900 1542 locos
925 1510 965 1543 nt
1002 1506 1078 1545 Od.
1110 1508 1151 1555 1,
1177 1506 1245 1554 18,
1273 1504 1317 1545 3.
1344 1504 1386 1554 3,
1419 1505 1486 1546 21.
1514 1509 1557 1544 et
1585 1504 1653 1545 25.
1690 1503 1816 1555 Epist.

278 1575 317 1621 1,
341 1573 381 1621 5,
411 1575 462 1614 16
490 1586 575 1624 sqq.
604 1572 762 1611 indicari
794 1585 843 1610 ne
869 1586 968 1623 opus
999 1573 1152 1623 quidem
1179 1586 1269 1612 esse
1298 1573 1458 1611 videtur.
1509 1571 1684 1611 Eandem
1709 1570 1817 1611 colo·

389 1745 423 1788 *)
443 1747 643 1792 Porphyr.:
671 1747 819 1792 „puteal
837 1746 976 1781 Libonis
1000 1745 1102 1780 sedes
1122 1747 1301 1791 praetoris
1325 1745 1393 1780 fuit
1411 1757 1524 1792 prope
1543 1756 1661 1780 arcum
1687 1742 1816 1780 Fabia·

276 1814 353 1838 num
366 1830 375 1847 ,
400 1802 530 1837 dictum
550 1804 644 1848 quod
659 1815 680 1837 a
694 1803 831 1838 Libone
847 1804 932 1837 illuc
945 1802 1091 1848 primum
1106 1803 1261 1838 tribunal
1277 1810 1315 1838 et
1333 1803 1503 1838 subsellia
1517 1803 1690 1838 collocata
1704 1801 1823 1837 sint.⁶‘¹

277 1861 330 1894 De
348 1871 410 1894 vv.
431 1860 596 1893 extremis
617 1861 796 1894 consentit
817 1860 937 1895 Schol.
960 1861 1093 1906 cruq.;
1125 1860 1243 1895 Acron
1271 1861 1317 1895 ad
1343 1862 1420 1895 Sat.
1444 1862 1478 1903 2,
1501 1861 1536 1906 6,
1561 1858 1644 1895 353
1669 1858 1817 1905 „puteal

277 1918 374 1951 locus
396 1917 546 1960 Romae,
569 1917 614 1950 ad
637 1927 737 1960 quem
757 1917 1017 1951 conveniebam:
1036 1917 1272 1951 feneratores.
1309 1917 1379 1952 Alii
1395 1917 1536 1959 dicunt,
1557 1917 1592 1952 in
1613 1927 1687 1963 qm
1701 1915 1817 1951 tribn-

278 1974 336 2008 na}
355 1974 496 2007 solebat
515 1984 595 2007 esse
615 1974 837 2017 praetoris.“
882 1974 1001 2010 Schol.
1022 1975 1132 2019 Cruq.
1152 1973 1264 2008 ibid.=
1291 1975 1438 2019 „puteal
1455 1974 1552 2008 locus
1572 1979 1651 2008 erat
1664 1972 1704 2007 in
1719 1973 1814 2018 foro,
1886 1970 1887 1975 ¹

277 2031 322 2066 ad
338 2041 439 2076 quem
454 2029 714 2064 conveniebant
727 2035 942 2064 mercatores
958 2035 996 2064 et
1015 2031 1279 2074 foeneratores,
1300 2031 1343 2064 ad
1361 2031 1572 2065 tradendum⁴
1584 2035 1622 2064 et
1639 2028 1815 2076 recipien-

278 2089 372 2122 dum.
410 2087 481 2122 Alii
496 2087 616 2121 dicunt
635 2086 746 2120 fuisse
766 2098 830 2132 pro
847 2087 994 2129 rostris,
1015 2087 1076 2121 ubi
1091 2087 1245 2121 tribunal
1266 2095 1346 2121 erat.
1361 2087 1578 2133 praetoris.“
1615 2087 1668 2121 De
1681 2085 1821 2133 puteali
1872 2077 1876 2102 1

280 2145 421 2179 Libonis
435 2145 493 2179 vel
509 2143 739 2178 Scriboniano
753 2150 898 2188 praeter
914 2149 1053 2177 ceteros
1068 2144 1171 2178 docte
1185 2145 1410 2189 disputarunt
1421 2144 1467 2178 W
1467 2144 1636 2179 eichertue
1647 2143 1684 2177 in
1694 2141 1812 2176 Lectt.
1868 2155 1871 2167 ³

280 2202 412 2236 Venus.
432 2200 598 2246 (Grimae
616 2197 726 2245 1843)
750 2212 786 2246 p.
807 2198 852 2235 85
872 2212 949 2246 sqq.
971 2205 1007 2234 et
1028 2201 1065 2234 C.
1087 2201 1150 2235 Fr.
1166 2201 1392 2236 Hermamms
1410 2201 1447 2235 in
1463 2200 1584 2235 Indico
1597 2200 1699 2234 lectt.
1714 2198 1816 2233 Mar-
1871 2191 1874 2195 ’

280 2259 384 2304 burg.
406 2255 517 2301 1840,
550 2257 611 2304 qui
636 2268 738 2292 unum
765 2257 875 2291 solum
896 2258 1020 2303 puteal
1041 2254 1123 2304 [non
1148 2259 1237 2301 duo,
1271 2263 1310 2291 ut
1335 2257 1444 2302 vulgo
1474 2253 1704 2304 statuunt}.in
1732 2254 1815 2290 foto
1867 2251 1870 2256 '

279 2316 389 2349 fuisse
420 2320 519 2349 recte
541 2315 651 2360 dicit,
683 2314 890 2360 quibuscum
916 2314 1008 2349 conf.
1030 2314 1173 2349 Becker.
1196 2314 1217 2347 l.
1245 2313 1268 2348 l.
1290 2326 1328 2360 p.
1355 2316 1435 2350 280.
1457 2314 1505 2349 N.
1523 2310 1607 2348 459.
1635 2312 1749 2347 Beier.
1768 2310 1815 2346 ad

279 2374 357 2407 Cic.
381 2373 426 2406 de
447 2373 522 2407 Off.
541 2373 591 2407 11.
616 2384 650 2418 p.
669 2371 748 2407 174.
780 2372 900 2405 Halm.
920 2371 965 2405 ad
986 2371 1063 2406 cic.
1083 2382 1140 2416 pr.
1161 2371 1259 2405 sest.
1278 2383 1315 2417 p.
1340 2371 1406 2406 113
1419 2382 1497 2416 sqq.
1521 2370 1590 2404 His
1607 2369 1700 2404 addo
1717 2367 1818 2412 „Be-

281 2429 497 2474 schreibung
519 2429 582 2463 der
608 2430 716 2463 stadt
738 2429 825 2462 Rom
847 2440 916 2462 von
940 2428 984 2462 E.
1011 2428 1183 2462 Platner“
1200 2433 1269 2462 etc.
1301 2428 1440 2472 Stuttg.
1468 2431 1506 2461 et
1531 2426 1688 2471 Tubing.
1709 2423 1814 2461 1839.

279 2486 348 2526 ΙΙΙ.
369 2487 402 2520 2.
423 2497 459 2531 Ρ.
476 2485 521 2521 65
539 2497 618 2532 sqq.
649 2486 780 2520 Sachse
803 2485 1047 2530 „Geschichte
1067 2483 1134 2518 und
1155 2483 1423 2529 Beschreibung
1443 2484 1507 2517 der
1526 2483 1634 2518 stadt
1650 2482 1767 2517 Rom“
1785 2481 1814 2518 Ῑ.

279 2555 315 2588 p.
334 2539 415 2577 134.
454 2543 509 2577 De
525 2542 762 2577 feneratorum
781 2541 857 2576 loco
877 2544 974 2588 Aug.
995 2551 1132 2587 quoque
1150 2541 1374 2576 Baumsrark.
1393 2540 1487 2586 apud
1504 2540 1612 2586 Pauly
1624 2539 1663 2574 in
1681 2535 1815 2584 „Renl-
1855 2567 1858 2572 .

282 2599 596 2645 Encyclopaedie“
621 2612 649 2635 s.
667 2611 703 2634 v.
724 2600 844 2633 Fenus
862 2599 926 2632 111.
945 2611 982 2643 p.
996 2595 1079 2633 458.
1100 2599 1190 2632 hunc
1208 2597 1318 2632 locum
1338 2596 1490 2641 intelligi
1504 2598 1594 2632 vult.
1633 2593 1818 2638 Quaevirv
1844 2590 1861 2643 γ’

281 2655 506 2691 doctissimus
527 2655 613 2691 ibid.
645 2668 682 2702 p.
707 2653 789 2690 455.
817 2656 861 2690 de
895 2655 1106 2689 anatocismo
1137 2655 1376 2690 anniversario
1407 2654 1545 2689 erudite
1567 2653 1748 2699 disputat,
1771 2660 1821 2697 οι,
1856 2671 1861 2674 <

282 2711 451 2746 illustrari
466 2717 616 2758 possunt
631 2712 695 2757 iis,
717 2723 807 2758 quae
823 2712 866 2747 ad
883 2713 939 2755 18,
953 2711 1011 2749 35.
1034 2711 1311 2747 observavimus.
1357 2712 1523 2746 Ceterum
1542 2710 1664 2757 puteal
1675 2705 1816 2743 mortio

281 2769 447 2813 templum
477 2770 649 2814 quoddam
673 2768 834 2803 subdiale
854 2769 911 2802 vel
936 2769 1157 2815 hypaethron
1183 2769 1299 2812 (Fest.
1324 2779 1357 2802 v.
1382 2768 1650 2803 Scribonianum
1673 2776 1711 2810 p.
1730 2761 1811 2798 258.
1855 2790 1859 2791 ⁷

282 2822 368 2869 ibiq.
390 2824 546 2870 interpp.
567 2838 604 2871 p.
628 2827 710 2861 703.
731 2825 787 2860 ed.
807 2824 988 2869 Lindem.)
1014 2825 1103 2869 fuit,
1138 2825 1182 2860 de
1204 2836 1271 2872 quo
1301 2825 1507 2871 templorum
1528 2831 1657 2867 genere
1683 2829 1813 2864 nuper·
1854 2819 1857 2830 '¹

281 2879 369 2914 rime
389 2880 478 2914 dixit
500 2883 538 2915 C.
559 2884 602 2918 F.
622 2883 847 2930 Hermannus
864 2882 901 2916 in
919 2881 1055 2927 scripto
1076 2882 1274 2918 academico
1296 2879 1461 2926 Gottink.
1485 2875 1587 2914 1844.
1625 2875 1718 2920 „Die
1737 2874 1812 2918 Hy·
1858 2883 1867 2919 ir

281 2935 549 2982 pathraltempel
571 2938 634 2972 des
654 2938 894 2974 Alterthums“
916 2950 953 2984 p.
972 2940 1028 2974 10.
