1910 3138
275 170 356 212 180
421 169 699 211 COMMENT.
718 169 777 209 IN
795 169 919 210 HOR.
938 169 1039 209 LIB.
1058 171 1088 210 Ι.
1131 171 1297 212 EPIST.
1318 171 1478 212 TERT.
1498 171 1676 214 neem.
1734 176 1791 219 20

273 296 450 335 servabis
482 296 660 346 conjungi
691 294 842 345 juberet
876 295 962 334 coll.
999 296 1105 348 Virg.
1132 295 1228 336 Aen.
1256 299 1284 339 3
1297 325 1310 348 ,
1341 300 1436 342 236.
1464 299 1536 337 hac
1561 299 1789 350 interpreta—

270 367 393 405 tione:
433 364 538 414 „Sic
565 376 687 415 pones
712 366 774 415 et,
802 377 918 415 quum
944 366 1142 416 posueris,
1167 367 1279 405 etiam
1305 367 1360 406 sic
1385 366 1577 417 servabis,
1605 368 1691 420 ne‘⁴
1718 371 1790 407 etc.

270 433 362 471 Vult
389 437 535 480 tamen,
573 435 616 469 ut
640 443 719 469 non
745 435 826 470 tam
853 432 1051 483 singularis
1085 434 1310 472 voluminum
1343 435 1515 486 positura
1550 435 1790 485 significetur,

270 513 389 551 quam-
409 499 530 551 ipsius
556 499 714 538 actionis
741 499 866 550 imago
895 499 1031 539 clarius
1057 501 1167 540 nobis
1194 507 1282 541 aute
1310 502 1442 541 oculos
1467 506 1642 554 ponatur.
1695 499 1791 554 Ipsis

268 568 392 608 verbis
421 566 643 619 particulam
666 567 723 604 sic
746 567 952 616 δεικτικῶς
978 566 1042 620 (ex
1068 573 1178 620 parte
1202 569 1287 608 coll.
1318 570 1400 609 Sat.
1423 573 1464 621 1,
1498 572 1537 620 2,
1563 571 1656 612 106.
1682 569 1788 621 ‚Virg-

268 636 434 684 Aen-12,
459 633 556 676 644.
585 635 658 674 Ge.
685 633 727 685 4,
751 636 845 677 203.
872 635 956 675 Ecl.
984 639 1023 686 2,
1052 637 1124 690 55)
1153 639 1339 691 accipiunt
1372 639 1572 691 Cruquius
1585 667 1601 685 ‚
1628 637 1791 689 Xylane
1855 630 1862 636 ⁹

268 705 358 756 der,
396 705 620 750 Daeerius,
660 703 905 756 Doeringius
914 714 931 751 ‚¹
967 705 1203 751 Hoclzeder‚
1243 705 1311 744 W
1303 705 1493 745 eichmm
1501 734 1518 754 ,
1554 707 1630 745 alii.
1669 706 1789 746 Recte

268 777 463 826 comparat
490 772 698 821 Bentlejus
729 777 884 824 praeter
905 772 991 812 illos
1018 774 1121 812 locos
1150 773 1263 811 Mart.
1297 772 1344 824 5,
1372 775 1412 814 6.
1455 773 1546 813 Nee.-
1569 776 1789 826 porrexeris

267 844 365 892 ista,
394 842 466 879 sed
492 848 616 878 teneto
640 841 698 878 sic
707 867 722 886 ,
751 847 944 892 tanquam
972 841 1078 879 nihil
1101 841 1251 894 affirm
1277 855 1467 894 agasque.
1522 842 1572 880 Si
1597 844 1691 881 novi
1716 842 1789 880 do-

267 911 422 948 minum
456 923 595 947 novem
629 923 830 956 sororum,
882 909 994 947 Ultro
1030 924 1279 961 purpureum
1310 917 1420 962 petet
1457 908 1648 953 libellum.
1713 911 1788 956 Qui

264 979 390 1018 locum
414 980 468 1017 sic
493 977 651 1027 intelligi
677 977 837 1015 malunt:
863 991 988 1028 „onus
1015 978 1179 1017 humeris
1203 980 1273 1018 vel
1294 983 1403 1030 tergo
1429 979 1598 1032 positum
1623 979 1680 1018 sic
1707 991 1788 1018 ser—

263 1047 437 1096 vabis,“
473 1046 498 1083 ii
527 1059 564 1083 v.
593 1047 651 1082 sic
678 1059 749 1097 per
776 1045 1011 1097 hyperbaton
1050 1048 1237 1098 explicent
1273 1061 1432 1087 necesse
1464 1051 1544 1098 est,
1580 1050 1624 1086 ut
1660 1046 1787 1098 Epod.

265 1115 307 1164 5,
337 1114 405 1156 81.
442 1115 521 1153 sat.
548 1115 587 1164 1,
608 1114 767 1164 3,.132.
801 1115 842 1163 2,
865 1113 933 1153 36.
957 1109 1052 1153 106.
1083 1114 1123 1164 5,
1145 1117 1211 1155 69.
1243 1115 1365 1167 Epist.
1392 1117 1430 1162 1,
1455 1115 1524 1166 10,
1545 1116 1612 1156 18.
1637 1114 1805 1167 (minus

263 1182 404 1220 inuida
430 1195 501 1234 pro
530 1183 628 1222 min.
672 1179 869 1233 divellat).
912 1180 1081 1218 'Aliorum
1113 1184 1321 1221 tentamina
1354 1183 1463 1222 obelo
1500 1183 1666 1222 notanda
1701 1186 1790 1220 sunt

261 1255 305 1290 ut
329 1251 385 1291 D.
417 1251 600 1291 Heinsii:
637 1252 801 1303 „Quum
827 1264 872 1289 eo
900 1251 1139 1300 perveneris,
1179 1264 1339 1301 sepone-s·
1365 1263 1461 1289 onus
1488 1264 1610 1302 neque
1634 1249 1786 1290 ridicule

261 1319 330 1358 sub
359 1318 419 1366 ala
444 1319 637 1369 gestabis,
671 1332 719 1358 ne
748 1318 878 1357 aulicis
900 1321 939 1356 et
955 1318 1026 1369 ipsi
1046 1332 1158 1369 quem
1176 1320 1256 1357 adis
1276 1319 1441 1371 Principi
1459 1318 1575 1357 risum
1598 1317 1786 1368 debeas,“

260 1392 303 1425 ut
332 1386 550 1426 Waddeli:
593 1387 794 1438 „jusserat
821 1400 858 1424 v.
885 1388 923 1427 6.
954 1387 1142 1426 sarcinam
1171 1387 1359 1439 abjicere,
1394 1387 1428 1425 si
1457 1390 1630 1438 gravaret
1638 1398 1651 1434 3
1686 1398 1785 1424 nunc

259 1459 413 1506 monet,
443 1456 475 1494 si
499 1469 577 1493 non
602 1453 805 1504 abjecerit,
834 1456 1025 1504 quomodo
1054 1469 1097 1495 se
1124 1457 1304 1495 decenter
1325 1468 1460 1507 gerere
1478 1455 1614 1494 debeat
1635 1454 1674 1492 iu
1693 1466 1785 1492 con-

259 1527 394 1574 spectu
426 1524 602 1562 Caesaris
610 1522 662 1573 ,“
689 1527 732 1561 ut
761 1522 809 1560 de
837 1523 1072 1564 Marollesi:
1102 1537 1235 1575 „vous
1264 1525 1448 1575 garderez
1475 1523 1785 1574 soigneusement

257 1595 365 1629 votre
394 1591 531 1642 charge
559 1591 653 1630 mise
686 1605 732 1630 en
760 1591 922 1642 quelque
950 1593 1022 1631 lieu
1051 1593 1099 1631 de
1127 1594 1300 1642 seurete',
1329 1592 1378 1630 de
1401 1603 1496 1643 peur
1519 1603 1592 1642 que
1617 1601 1712 1628 vous
1733 1601 1783 1627 ne

258 1661 447 1710 portiez“
477 1664 551 1699 etc.

370 1728 412 1766 V.
445 1729 508 1769 13.
552 1729 722 1765 rusticus
749 1742 914 1780 agnam.
967 1729 1052 1767 Jam
1079 1730 1259 1782 proponit
1286 1729 1358 1767 tria
1369 1726 1408 1781 *)
1436 1726 1606 1778 exempla
1627 1723 1676 1762 ab
1697 1722 1784 1762 Asi*-

256 1807 328 1833 nae
358 1795 434 1833 filio
468 1809 544 1833 non
576 1795 767 1837 imitanda,
824 1797 923 1842 Quid
951 1802 1077 1836 autem
1104 1799 1143 1836 in
1174 1798 1247 1836 hoc
1276 1797 1442 1849 exemplo
1469 1797 1686 1835 indecorum
1712 1792 1782 1831 ha-

257 1862 380 1902 buerit
413 1865 567 1913 jocosus
606 1863 727 1900 Poeta
759 1885 815 1892 -—
850 1864 1071 1903 fasciculum
1107 1869 1148 1903 ut
1182 1879 1318 1918 agnum
1357 1877 1485 1904 eoram
1521 1862 1692 1902 omnibus
1731 1859 1781 1898 ad

255 1934 463 1970 mercatum
491 1931 560 1969 sub
584 1932 703 1969 axillis
731 1935 923 1982 portatum
957 1931 1043 1983 (Fr.
1073 1934 1237 1983 Jacobs)
1249 1963 1266 1981 ,
1304 1947 1354 1973 an
1380 1932 1564 1972 bestiolae
1590 1934 1714 1970 motus
1742 1930 1782 1967 et

256 2012 383 2038 curam
409 1998 589 2047 hominis,
617 2013 665 2037 ne
693 2000 731 2036 in
759 1999 879 2037 solum
914 2001 1062 2038 desiliat
1094 2002 1280 2056 (Orell.),
1308 2016 1357 2041 an
1385 2003 1531 2041 anxiam
1557 1997 1686 2038 rustici
1713 2009 1780 2035 eu—

256 2080 357 2117 ram,
393 2080 441 2105 ne
473 2067 606 2105 animal
642 2079 711 2104 suo
750 2068 922 2118 pondere
957 2070 1109 2118 gravius
1147 2084 1192 2108 ex
1230 2071 1349 2108 axillis
1387 2069 1546 2108 subinde
1586 2071 1626 2106 et
1662 2065 1778 2105 artius

256 2132 548 2186 comprimendis
577 2135 728 2174 decidat
754 2133 968 2186 (Diluta),
998 2137 1080 2186 quis
1108 2142 1167 2176 est
1194 2139 1257 2187 qui
1283 2151 1362 2176 rem
1389 2140 1578 2176 vetustate
1606 2134 1778 2173 obrutam

255 2202 430 2254 aperiat?
475 2203 704 2241 Schmidius
738 2203 1050 2242 narratiunculam
1087 2206 1275 2255 quandam
1304 2207 1515 2257 suspicatur
1539 2206 1712 2256 jocosam
1739 2205 1779 2240 et

255 2284 421 2322 morem,
457 2285 532 2323 quo
559 2272 729 2310 homines
754 2283 886 2323 parum
911 2272 1041 2310 urbani
1068 2274 1168 2311 dona
1196 2286 1264 2311 sua
1290 2274 1397 2323 quasi
1426 2272 1590 2311 ostentui
1613 2283 1699 2309 esse
1725 2269 1780 2307 si-
1848 2321 1849 2324 Ἴ

256 2344 373 2390 nunt,
411 2340 515 2379 videt
543 2340 806 2391 significatum,
841 2339 1041 2391 cruquias
1068 2345 1192 2379 autem
1221 2341 1322 2392 (coll.
1350 2340 1505 2379 Lucian.
1535 2338 1634 2378 Dial.
1659 2337 1775 2376 Mort.

258 2408 330 2457 10,
362 2407 402 2447 9.
431 2409 533 2459 (13.)
560 2405 642 2449 ὑπὸ
666 2404 811 2461 μάλης)
839 2421 920 2447 rem
949 2409 1211 2447 clanculariam
1235 2415 1273 2449 et
1300 2410 1497 2462 furtivam,
1530 2410 1582 2447 ita
1606 2410 1650 2447 ut
1668 2405 1774 2447 Hor.

255 2487 337 2513 eam
364 2477 572 2528 praecipiat
596 2476 778 2515 librorum
795 2477 1070 2527 gestationem,
1100 2490 1195 2528 quae
1218 2490 1241 2515 a
1263 2478 1477 2529 suspicione
1495 2474 1641 2515 ferendi
1668 2474 1775 2514 char-

253 2545 312 2580 tas
339 2544 521 2583 infaustas
551 2549 590 2583 et
616 2545 743 2584 furtim
771 2548 965 2597 surreptas
993 2545 1115 2584 aliena
1141 2546 1201 2584 sit.

366 2714 407 2759 *)
433 2718 488 2752 De
515 2718 675 2754 ternario
704 2720 941 2766 exemplorum
969 2730 1111 2755 numero
1137 2725 1178 2754 ut
1205 2723 1270 2766 16,
1299 2719 1357 2756 50.
1376 2720 1435 2756 51.
1455 2718 1528 2753 vid.
1548 2728 1628 2753 ann.
1648 2716 1694 2751 ad
1714 2717 1770 2760 11,

255 2770 300 2803 17
318 2789 364 2796 -—
386 2773 440 2806 19.
461 2786 498 2819 p.
516 2777 597 2810 111.
639 2777 692 2810 De
711 2777 865 2812 Bullatio
884 2776 994 2822 igitur
1011 2777 1047 2811 in
1075 2777 1224 2823 patriam
1244 2790 1288 2812 ex
1306 2776 1391 2812 Asia
1415 2774 1613 2811 revocando
1636 2774 1691 2818 (v.
1712 2770 1771 2808 15.

254 2825 331 2868 16.)
359 2826 516 2864 viderint
544 2831 774 2877 interpretes.
820 2835 875 2869 De
902 2834 1058 2869 dictione
1084 2836 1147 2869 mh
1176 2837 1238 2870 ala
1262 2845 1328 2880 pro
1358 2833 1490 2868 usitata
1511 2832 1574 2866 sub
1593 2830 1702 2865 axilla
1720 2827 1768 2864 ef.
1843 2819 1846 2820 ⁷

252 2880 395 2916 Mitsch·
415 2885 459 2918 ad
479 2886 596 2931 Epod.
618 2890 681 2933 12,
701 2889 735 2924 5.
770 2883 873 2936 vulp.
893 2891 938 2925 ad
957 2890 1086 2926 Catull.
1107 2893 1165 2935 68,
1185 2889 1268 2940 (69)
1285 2889 1320 2925 5.

1902 1140 1910 1153 1

1902 1197 1910 1231 ,l

1894 1233 1910 1331 ’ἒ
