1910 3138
269 233 351 276 526
404 235 684 280 COMMENT.
698 238 756 278 IN
775 238 900 280 HOR.
919 237 1021 279 LlB.
1041 241 1071 283 Ι.
1095 239 1260 281 EPIST.
1279 238 1656 284 UNDEVICESIM.
1716 239 1799 287 178

270 352 482 402 corrugatis
513 351 742 390 derisionem
781 356 821 392 et
857 358 1112 405 contemptum
1149 356 1364 406 significare
1400 357 1601 396 formidine
1635 357 1799 409 quadam

268 419 454 470 percellor
492 423 548 468 et,
591 431 639 457 ne
670 419 862 458 hominurn
896 421 1128 462 irritabilium
1166 424 1397 463 iracundiam
1425 425 1466 464 in
1495 436 1558 465 ne
1596 426 1799 477 concite-n,

268 486 316 524 ab
340 487 385 524 iis
416 499 477 525 me
505 487 696 526 abstinere
723 489 844 527 satius
872 489 1011 527 duco-‘⁶
1061 489 1165 529 Haec
1189 487 1274 533 κατ’
1298 492 1508 546 εἰρωνείαν
1534 493 1608 531 dici
1637 496 1799 531 constat.

272 553 524 592 lVelclzertue
550 559 676 594 autem
715 555 772 606 (p.
805 557 902 608 103)
930 556 1160 597 locutionem
1187 559 1353 599 naribus
1380 562 1466 607 uti,
1503 561 1553 607 de
1586 569 1663 612 qua
1698 560 1798 599 conf.

266 623 407 661 Heind.
445 622 494 661 ad
530 624 612 664 Sat.
651 624 691 672 1,
722 625 762 673 6,
793 623 831 664 5.
873 625 1019 675 Reisig.
1057 627 1105 664 ad
1139 627 1222 666 Sat.
1255 630 1292 678 1,
1324 629 1366 677 3,
1405 629 1471 671 29.
1513 641 1578 680 ap.
1614 628 1798 667 Wiistem.

265 691 374 729 Pass.
405 695 443 729 et
468 690 579 729 Jahn.
605 692 653 729 ad
684 691 793 730 Pers.
821 694 860 743 1,
878 692 963 741 40„
993 694 1043 731 ad
1068 694 1161 732 iram
1185 699 1227 734 et
1248 696 1568 748 indignationem,
1597 709 1674 748 qua
1695 709 1798 734 com-

266 763 409 797 motum
435 772 478 797 se
506 760 625 798 fuisse
653 760 771 811 fingat
797 761 922 799 Poeta
947 762 1103 800 istorum
1130 763 1242 803 dictis
1269 766 1456 815 quamque
1481 776 1704 816 expromere
1732 774 1799 802 ve-

265 832 392 865 reatur
404 859 414 879 ,
433 828 567 866 referri
589 829 738 867 mavult.
778 828 876 867 Mire
895 830 1107 869 Rodellius
1124 832 1185 870 ad‘
1197 832 1382 884 Proculeji
1400 833 1541 872 dictum
1563 832 1665 884 apud
1683 831 1799 870 Dion.

265 897 377 937 Cass.
407 897 475 948 53,
502 896 571 938 24.
612 898 750 949 respici
778 899 1003 950 suspicatur.
1063 899 1115 938 At
1141 906 1247 940 recte
1272 901 1312 940 J.
1341 901 1494 941 Merkel
1503 916 1516 938 .·
1555 900 1658 951 „mit
1685 899 1798 940 flohn

266 978 313 1002 zu
341 966 549 1003 erwiedern
576 964 707 1017 Trage
730 965 790 1004 ich
817 967 985 1018 Scheu,“
1013 970 1133 1019 magis
1162 970 1213 1008 ad
1239 970 1396 1009 verbum
1423 970 1674 1008 Guttmann:
1702 965 1797 1018 „leh

264 1035 355 1072 hiite
390 1033 486 1071 mich
525 1032 719 1083 hochlich,
754 1035 817 1073 die
853 1035 960 1074 Nase
1000 1037 1139 1075 darauf
1170 1052 1218 1076 zu
1254 1037 1473 1090 riimpfen.“
1500 1057 1557 1067 —-
1595 1035 1639 1074 In
1672 1031 1797 1074 verbis

264 1109 382 1139 acuto
411 1116 460 1139 ne
482 1116 588 1139 secer
615 1105 747 1155 ungui
778 1104 902 1154 imago
939 1105 1003 1143 illa
1036 1105 1240 1144 Schmidio
1273 1119 1298 1145 a
1334 1104 1606 1157 gladiatoribus
1640 1103 1724 1142 coll.
1752 1105 1794 1154 2,

265 1173 306 1220 2,
337 1170 427 1221 97.,
471 1170 620 1208 Orellio
648 1171 696 1209 ab
730 1172 883 1210 athletis
911 1173 1038 1223 potius
1076 1175 1196 1224 petita
1224 1175 1384 1214 videtur.
1439 1172 1566 1224 Atque
1588 1172 1689 1211 haud
1715 1172 1796 1210 scio

264 1252 312 1277 an
340 1240 491 1278 omnino
512 1241 711 1278 rixantium
735 1241 930 1278 iracundia
953 1241 1211 1291 describatur,
1240 1255 1316 1293 qua
1335 1242 1399 1292 qui
1416 1242 1516 1280 inter
1537 1253 1579 1279 se
1597 1240 1798 1290 luctantur,

264 1308 296 1345 si
323 1308 475 1346 vincere
509 1313 722 1359 nequeunt,
764 1310 891 1347 acutis
925 1307 1128 1360 unguibus
1157 1313 1325 1348 utuntur.
1381 1309 1571 1360 Quicquid
1600 1313 1679 1358 est,
1715 1308 1797 1346 1:10-

262 1376 381 1414 ratius
409 1377 567 1414 istorum
592 1378 935 1415 Grammaticorum
962 1378 1127 1416 furorem
1156 1391 1179 1416 a
1206 1377 1396 1418 veteribus
1414 1377 1540 1429 poetis
1564 1376 1796 1415 celebratum

263 1446 491 1494 extimescit,
520 1450 679 1497 propter
704 1458 816 1498 quem
838 1443 1094 1498 Καλλιμάχου
1113 1441 1314 1498 πρόκυνες
1339 1446 1419 1484 sive
1446 1442 1676 1498 Ζηνοδότου
1697 1439 1794 1485 σκύ-

262 1516 380 1562 λακες
403 1514 620 1562 audierunt,
649 1513 703 1551 uti
730 1514 925 1552 commode
950 1515 1129 1553 observat
1153 1513 1404 1553 Wiclzenus
1427 1513 1514 1552 coll.
1541 1512 1608 1552 Fr.
1636 1511 1791 1551 Jacobs.

263 1584 313 1621 ad
352 1582 465 1620 Anth.
505 1581 574 1620 Gr.
605 1580 655 1630 ΙΙ,
692 1582 730 1622 2.
762 1595 802 1633 p.
836 1583 917 1624 123
944 1601 1002 1617 Ξ
1030 1581 1180 1624 Delect.
1215 1583 1349 1634 Epigr.
1379 1584 1421 1632 6,
1448 1582 1517 1624 82.
1548 1594 1586 1634 p.
1610 1582 1718 1625 211.
1737 1598 1793 1610 ——

262 1651 309 1692 V.
338 1650 406 1692 47.
448 1650 649 1701 Displicet
662 1649 702 1700 *)
737 1651 809 1686 iste
836 1649 971 1696 loeus,
1007 1652 1032 1688 i.
1062 1665 1097 1690 e.
1130 1652 1238 1690 locus
1269 1650 1530 1688 recitationum
1554 1649 1653 1702 (Sat.
1686 1649 1723 1699 1,
1749 1644 1795 1698 4,
1859 1665 1886 1692 ψ

263 1717 375 1769 76.),
422 1732 534 1769 quem
575 1721 679 1756 recte
714 1717 890 1769 intelligit
923 1722 1084 1769 uterque
1118 1719 1357 1769 Scholiasta,
1398 1716 1579 1769 additque
1620 1715 1796 1755 Ονιὶἱὰιο

262 1786 500 1837 improbante
536 1785 766 1823 Diintzero:
804 1785 955 1837 „probe
990 1787 1088 1825 enim
1127 1787 1331 1839 praevideo
1355 1786 1470 1836 iore,
1511 1790 1555 1824 ut
1586 1784 1794 1823 clanculum

266 1858 404 1905 postea
429 1854 467 1890 in
498 1867 557 1892 me
587 1859 626 1892 et
649 1855 687 1891 in
714 1866 798 1891 mea
825 1853 1050 1892 invehantur
1075 1854 1354 1898 obtrectatores
1377 1853 1495 1893 mei-‘⁶
1539 1852 1664 1891 M'mus
1685 1855 1793 1891 reete

262 1919 538 1972 Haberfeldus
562 1921 700 1970 aliique
728 1933 828 1968 rem,
864 1921 912 1960 de
939 1935 1014 1972 qua
1050 1922 1216 1973 litigetur
1250 1925 1288 1959 et
1326 1919 1537 1972 Xylander
1567 1920 1716 1971 locum,
1752 1921 1793 1962 in

262 2003 337 2041 quo
367 1994 446 2027 tum
476 1990 525 2027 sit
551 2002 635 2026 cum
659 1989 780 2027 altero
806 1989 1025 2039 colloquens
1049 1990 1236 2037 sentiunt,
1267 2001 1311 2026 ac
1339 1988 1501 2028 sortasse
1518 1988 1557 2027 in
1582 1988 1680 2028 hanc
1702 2000 1790 2028 nen·-

263 2136 411 2181 „saunis
427 2138 745 2183 vituperantium“;
774 2139 876 2173 Acin:
896 2139 1014 2184 „illius
1034 2139 1079 2173 ad
1094 2140 1206 2173 verba
1225 2150 1354 2173 vereor
1370 2138 1482 2174 libere
1501 2144 1539 2174 et
1557 2139 1694 2173 urbane
1709 2142 1790 2172 ten·

263 2195 347 2228 dere
362 2195 459 2240 (lege
475 2206 519 2228 ex
534 2195 653 2233 Schol.
673 2196 781 2241 Cruq.
801 2196 1087 2242 ‚,respondere“)
1097 2222 1106 2239 ,
1126 2207 1170 2230 ne
1186 2206 1262 2230 eum
1278 2196 1321 2230 ad
1336 2195 1551 2231 iracundiam
1561 2196 1790 2241 provooem.“

262 2252 314 2286 Ad
336 2251 427 2286 hunc
446 2263 559 2297 prope
579 2253 717 2287 accedit.
743 2252 959 2299 Doeringius
981 2252 1016 2286 in
1037 2252 1092 2286 ed.
1113 2251 1215 2296 mim,
1237 2264 1339 2298 quum
1359 2253 1534 2298 explicatu
1561 2251 1624 2295 „in
1641 2250 1789 2287 medium

261 2309 446 2354 proferre,
475 2309 568 2354 quod
596 2310 802 2354 odoramur,
829 2322 894 2355 pro
925 2309 1079 2354 vulgari:
1106 2308 1242 2352 dicere,
1266 2309 1360 2354 quod
1390 2308 1598 2344 sentimus.“
1651 2308 1789 2345 Rursus

262 2365 460 2408 Hocheder‚
486 2366 544 2411 qui
565 2374 662 2401 recte
681 2367 862 2413 vituperat.
884 2366 917 2400 V
914 2367 993 2402 ossii
1011 2365 1338 2411 interpretationem
1363 2371 1488 2412 utpote
1515 2363 1788 2410 nimiadiliguv

261 2422 314 2456 tia
342 2422 470 2456 factam
494 2423 578 2467 „die
604 2424 700 2458 Nase
719 2424 925 2467 krauselnf‘
951 2421 1104 2468 intelligi
1129 2423 1281 2457 mavult:
1307 2424 1432 2467 „Haec
1456 2423 1493 2456 in
1515 2420 1636 2456 malam
1654 2427 1788 2467 partem

263 2478 426 2525 accipere
457 2490 526 2514 non
555 2482 708 2516 aude0.“
764 2482 955 2527 Perper-am
981 2486 1095 2515 autem
1120 2481 1321 2523 bandinus,
1360 2490 1507 2525 quocum
1537 2477 1788 2524 quodamnodo

262 2536 351 2570 facit
365 2535 412 2570 D.
424 2536 597 2581 Heinsius,
611 2539 668 2572 Ad
681 2539 767 2573 haec
783 2557 831 2562 -—
847 2539 944 2572 locus
958 2549 1022 2583 pro
1043 2536 1130 2582 ipsis
1143 2537 1278 2570 Poetae
1294 2536 1412 2571 verbis
1426 2536 1462 2571 in
1477 2534 1788 2580 adversarios-iw-

262 2592 309 2626 tis
326 2593 451 2627 habet:
480 2594 559 2635 „Ad
588 2594 674 2628 haec
695 2594 914 2640 respondeo,
943 2605 1011 2628 non
1029 2594 1162 2628 idcirco
1182 2604 1250 2627 non
1270 2593 1444 2636 recitare,
1473 2592 1555 2638 quia
1573 2598 1692 2638 pute·
1710 2601 1788 2626 nen
1850 2631 1851 2634 Ἴ

263 2649 397 2694 scripta
426 2649 525 2684 Jovis
556 2652 698 2685 auribus
720 2651 914 2694 servanda,
941 2651 1002 2685 sed
1031 2651 1112 2697 quia
1138 2649 1244 2684 timeo
1271 2651 1326 2685 uti
1349 2650 1513 2694 naribus,
1540 2649 1566 2684 ἱ.
1587 2661 1619 2683 e.
1638 2645 1788 2684 acutiori
1852 2648 1854 2650 ’

259 2705 419 2749 judicio“
440 2711 507 2740 etc.
531 2706 725 2743 Desbillons
743 2708 787 2743 ad
807 2709 898 2742 Fab.
914 2709 1043 2753 Aesop.
1063 2709 1097 2751 8,
1115 2706 1173 2742 30.
1193 2718 1228 2752 p.
1245 2706 1326 2746 253.
1345 2711 1527 2752 comparat
1543 2705 1659 2740 Plaut.
1678 2702 1786 2750 Rpid.

264 2764 297 2804 1,
316 2764 348 2804 1,
369 2763 404 2799 3.
425 2763 531 2797 oculis
548 2764 666 2801 uter-is.

375 2827 414 2871 *)
438 2829 508 2869 Qui
525 2830 584 2864 ille
602 2832 697 2866 locus
711 2832 949 2877 scripserunt,
971 2843 1039 2865 non
1055 2832 1288 2865 observarunt
1307 2841 1342 2864 v.
1358 2827 1418 2866 43.
1441 2829 1510 2864 ista
1521 2837 1657 2868 cervas,
1677 2827 1733 2868 10,
1749 2826 1784 2860 8.
1846 2847 1847 2850 =

263 2885 364 2918 simul
378 2885 443 2918 ista
456 2886 592 2929 reliqui,
619 2884 674 2929 14,
694 2888 751 2927 23.
776 2890 930 2934 angulus
943 2888 1006 2923 iste
1021 2894 1058 2922 et
1078 2888 1179 2934 plura
1198 2885 1287 2932 alia,
1303 2887 1348 2922 de
1363 2886 1488 2933 quibus
1506 2882 1596 2918 dixit
1614 2880 1786 2916 Heindor-

254 2942 329 2982 fius
348 2940 390 2973 ad
412 2941 487 2974 sat.
511 2944 542 2984 1,
562 2944 590 2975 2
614 2943 673 2977 73.

1902 1192 1910 1250 ,ε

1901 1251 1910 1326 Ξ
