1910 3138
298 237 383 280 466
418 237 699 279 COMMENT.
720 238 779 277 ΙΝ
797 237 923 280 HOR.
942 237 1041 279 LIB.
1063 239 1092 277 Ι.
1122 238 1286 279 EPIST.
1307 239 1714 282 DUODEVICESIM.
1746 244 1827 286 118

296 361 413 405 gestu
437 351 644 390 collocata.
692 351 908 401 Hieronym.
936 351 1008 403 Ep.
1036 365 1084 402 ap
1107 351 1285 393 Eustoch.
1308 354 1403 404 virg.
1434 354 1501 397 27.
1529 355 1559 397 Ι.
1584 370 1624 408 p.
1652 358 1747 398 116.
1774 356 1822 398 Β.

300 435 348 458 ne
376 418 653 457 consuetudine
674 418 773 470 plus
791 417 966 457 habendi
983 419 1189 471 praeberet
1205 420 1335 459 locum
1361 420 1582 470 avaritiae,
1608 438 1710 476 quae
1729 423 1825 462 nul—

300 489 350 526 lis
377 487 555 538 expletur
579 486 721 538 opibus
750 495 811 534 et,
849 495 998 540 quanto
1035 490 1211 541 amplius
1239 489 1447 537 habuerit,
1467 490 1567 542 plus
1593 493 1762 544 requirit
1787 498 1826 529 et

300 569 423 608 neque
453 557 570 606 copia
597 569 722 608 neque
746 558 882 607 inopia
910 559 1114 597 minuitur.
1165 559 1290 598 Verba
1313 563 1441 597 autem
1471 559 1659 611 agitandi
1688 564 1727 598 et
1754 573 1824 598 ve·-

299 624 425 662 xandi
451 636 473 663 a
500 624 738 663 similitudine
766 624 910 664 arboris
937 631 1052 665 vento
1079 628 1245 678 agitatae
1274 627 1423 680 sumpta
1457 625 1632 678 (Biinem.
1668 629 1718 666 ad
1746 626 1824 666 La—

298 696 412 731 ctant.
454 694 549 731 lnst.
580 693 629 742 3,
656 694 736 744 29,
776 692 848 745 16)
888 694 1059 733 similiter
1085 695 1209 746 jungit
1237 694 1369 732 Cicero
1396 704 1455 746 pr.
1491 693 1608 733 Rosc.
1641 693 1725 734 Am.
1752 692 1824 745 24,

297 762 364 802 67.
398 782 451 788 —-
481 760 527 797 V.
557 761 624 800 99.
661 759 775 797 Num
802 774 934 811 pavor
960 776 1036 801 non
1059 767 1134 801 tam
1163 767 1242 811 est,
1283 766 1326 799 ut
1352 761 1405 800 ait
1437 760 1636 808 Orelliua,
1663 762 1823 812 „timor,

296 840 344 866 ne
381 832 447 866 aut
475 838 606 866 careas
645 841 797 880 semper
832 830 946 869 rebus
986 831 1226 870 mediocriter
1262 828 1414 867 utilibus
1445 834 1511 869 aut
1541 828 1660 880 partis
1693 843 1822 869 rursus

299 895 497 947 spolieris,
526 899 568 933 ut
602 896 783 934 Vossius:
825 898 1106 949 „Aengstliche
1136 898 1338 948 Furcht,“
1377 902 1420 936 ut
1447 897 1486 935 J.
1515 897 1672 935 Merkel
1682 912 1694 935 .-
1725 898 1825 949 „die

299 965 423 1015 Angst
448 977 508 1002 um
537 964 731 1014 Besitz,“
758 978 868 1016 quam
893 967 1059 1005 conditio
1084 968 1187 1018 ejus,
1216 967 1279 1018 qui
1306 966 1530 1018 improvisas
1545 967 1672 1017 speeie
1693 976 1825 1004 rerum

295 1033 554 1071 adversarum
580 1034 740 1085 fractus
779 1035 1026 1085 aegritudine
1062 1035 1249 1081 eliditur,
1287 1042 1360 1072 aut
1395 1034 1661 1073 secundarum
1698 1033 1825 1072 elam

296 1101 453 1138 levitate
479 1102 669 1152 inanique
691 1100 844 1138 laetitia
873 1103 1044 1140 exsultat
1071 1111 1110 1140 et
1136 1110 1274 1141 temere
1295 1104 1418 1155 gestit
1443 1102 1542 1156 (Cic.
1570 1102 1689 1143 Tusc.
1713 1102 1754 1152 5,
1783 1103 1826 1153 6,

296 1169 404 1220 16.),
446 1169 519 1210 vid.
545 1180 634 1207 ann.
663 1170 713 1207 ad
741 1172 791 1220 6,
824 1171 890 1211 10.
925 1172 990 1212 11.
1037 1170 1095 1209 Ad
1128 1185 1321 1223 pavorem
1355 1171 1463 1222 quasi
1501 1174 1621 1209 totum
1657 1170 1826 1222 pertinet

291 1250 382 1287 pars
413 1237 438 1275 i.
472 1249 506 1274 e.
535 1250 668 1274 rerum
686 1237 932 1275 mediocriter
957 1239 1118 1276 utilium
1136 1253 1249 1290 spes,
1277 1252 1371 1290 quae
1389 1242 1477 1277 sunt
1505 1238 1679 1277 fortunae
1707 1237 1823 1288 bona,

295 1302 519 1356 ἀδιάφορα,
563 1304 735 1356 „quibus
763 1306 948 1356 patienter
977 1319 1105 1344 carere
1142 1320 1218 1345 non
1246 1308 1368 1346 minor
1397 1307 1448 1345 sit
1475 1306 1579 1356 laus,
1614 1318 1752 1357 quam,
1788 1305 1822 1342 si

294 1373 453 1423 habeas,
483 1373 641 1412 honeste
670 1374 745 1423 uti,
774 1374 882 1411 nefas
909 1387 996 1413 vero
1025 1378 1176 1427 praeter
1203 1388 1363 1426 aequum
1390 1375 1616 1426 appetere,“
1649 1377 1691 1411 ut
1717 1377 1823 1412 recte

297 1442 474 1480 observat
511 1442 746 1480 Torrentius.
791 1441 847 1479 Ea
875 1443 929 1480 sic
958 1442 1175 1480 describunt
1201 1447 1240 1481 et
1268 1443 1304 1481 T
1306 1455 1360 1480 ae.
1387 1442 1489 1483 Hist.
1519 1440 1561 1491 4,
1589 1440 1630 1482 5-
1677 1441 1823 1479 Helvi-

294 1511 384 1548 dius
411 1511 576 1547 Priscus
604 1509 777 1547 doctores
811 1511 1050 1560 sapientium
1084 1518 1241 1548 secutus
1275 1517 1332 1548 est
1369 1511 1442 1562 qui
1467 1509 1554 1547 sola
1591 1508 1694 1547 bona
1720 1521 1823 1561 quae

294 1579 479 1623 honesta,
508 1577 618 1615 mala
647 1585 803 1615 cantum
824 1591 925 1629 quae
948 1580 1104 1630 turpia,
1129 1581 1377 1630 potentiam,
1405 1577 1649 1616 nobilitatem
1673 1584 1823 1615 cetera-

297 1661 371 1699 que
399 1654 508 1684 extra
535 1648 715 1684 animum
744 1635 869 1698 neque
898 1646 1008 1683 bonis
1037 1660 1161 1699 neque
1189 1648 1308 1686 malis
1331 1652 1599 1684 annumerant
1621 1649 1660 1684 et
1684 1645 1823 1684 Hiero-

293 1728 389 1765 nym.
422 1717 508 1753 adv.
538 1715 722 1753 Jovinian.
751 1715 816 1753 lib.
849 1717 886 1757 1.
914 1714 957 1753 ΙΙ.
983 1729 1021 1766 p.
1049 1716 1117 1756 38.
1149 1716 1194 1755 C.
1227 1716 1390 1753 divitiae
1415 1722 1451 1752 et
1476 1714 1641 1752 honores
1666 1721 1707 1751 et
1732 1725 1820 1751 cor-

288 1797 434 1833 porum
462 1785 694 1820 sanatitates
705 1812 720 1829 ,
759 1797 861 1835 quae
884 1783 1161 1835 'indfflrentia
1189 1786 1440 1822 nominamus
1455 1811 1467 1828 ,
1504 1795 1574 1820 nec
1609 1781 1714 1819 bo'na
1747 1793 1820 1818 nec

292 1850 401 1887 mala
427 1858 545 1896 sunt,
589 1851 661 1888 sed
687 1851 794 1888 velut
821 1853 863 1888 in
892 1851 1080 1889 medullio
1106 1853 1257 1902 posita.
1317 1852 1404 1890 vid.
1433 1850 1598 1891 Schmid.
1637 1850 1686 1888 ad
1723 1848 1762 1888 h.
1787 1849 1814 1887 l.

290 1918 415 1959 Beier.
442 1919 491 1956 ad
519 1919 599 1959 Cic.
630 1919 743 1956 Offic.
773 1920 823 1968 3,
856 1921 904 1968 6,
937 1922 1002 1960 28.
1040 1923 1079 1957 et
1113 1919 1164 1967 3,
1190 1920 1240 1969 3,
1274 1921 1337 1961 13.
1382 1919 1508 1960 Kiihn.
1538 1923 1576 1957 et
1611 1918 1740 1957 Klotz.
1764 1918 1817 1955 ad

292 1986 373 2026 Cic.
401 1986 519 2024 Tusc.
549 1987 588 2036 5,
622 1988 686 2035 16,
716 1985 781 2026 47.
815 1989 882 2036 17,
912 1986 978 2028 51.
1017 1986 1133 2036 Seyff.
1162 1987 1211 2024 ad
1241 1987 1319 2024 Cic.
1347 1987 1453 2027 Lael.
1484 1989 1526 2038 6,
1557 1987 1622 2028 20.
1650 1999 1690 2037 p.
1722 1986 1816 2026 121.

293 2053 376 2091 coll.
401 2053 556 2092 Aristot.
586 2054 671 2091 Eth.
694 2055 845 2092 Nicom.
876 2056 914 2102 1,
945 2055 985 2103 8,
1017 2055 1083 2094 15.
1112 2058 1151 2091 et
1175 2054 1253 2091 Cic.
1279 2056 1327 2092 de
1355 2055 1441 2093 Fin.
1469 2055 1511 2106 3,
1541 2055 1606 2102 16,
1637 2053 1703 2094 53.

400 2121 447 2163 V.
481 2123 574 2163 100.
624 2121 818 2159 Virtutem
843 2121 1023 2158 doctrina
1048 2128 1166 2172 paret
1194 2129 1392 2159 naturane
1418 2122 1546 2159 donet.
1595 2121 1689 2158 Erat
1713 2132 1818 2158 com-

289 2191 409 2229 munis
438 2189 745 2242 philosophorum
769 2189 940 2240 quaestio
963 2189 1057 2241 περὶ
1085 2186 1247 2242 ἀρετῆς,
1273 2190 1308 2229 εἰ
1331 2186 1539 2239 διδακτόν,
1567 2200 1676 2239 qnam
1701 2199 1817 2239 prae·-

289 2263 349 2296 ter
373 2258 570 2297 Platonem
597 2259 633 2296 in
653 2258 817 2296 Menone
839 2257 894 2308 (p.
924 2256 990 2299 84.
1017 2258 1194 2308 Stallb.),
1222 2258 1430 2295 Aeschines
1460 2257 1626 2308 (Socrat.
1654 2253 1753 2296 Dial.
1779 2258 1814 2296 1.

289 2340 326 2377 p.
357 2326 435 2368 215
466 2339 550 2377 sqq.
597 2325 809 2376 Fischer),
848 2325 1069 2364 Plutarchus
1104 2324 1204 2378 (VII.
1234 2339 1272 2376 p.
1303 2327 1398 2367 726.
1435 2324 1548 2375 Rsk.)
1582 2323 1684 2370 Max.
1722 2323 1816 2374 Tyr.

290 2393 393 2436 Diss‚
420 2393 653 2443 XXXV111.,
682 2394 900 2446 Anonymus
930 2395 1190 2445 Pythagoreus
1220 2393 1354 2444 (Orell.
1385 2392 1530 2444 Opusc.
1559 2391 1698 2431 Graec.
1726 2405 1814 2431 sen-—

289 2466 382 2501 tent.
411 2462 458 2501 11.
489 2476 527 2514 p.
559 2464 640 2504 226
669 2461 794 2514 sqq.),
824 2462 905 2508 alii,
929 2462 1011 2500 coll.
1036 2462 1194 2501 Aristot.
1222 2461 1343 2498 Ethic.
1376 2462 1415 2508 1,
1445 2461 1486 2509 9,
1514 2460 1536 2500 1
1557 2481 1613 2490 -
1633 2461 1673 2501 6.
1703 2461 1743 2510 2,
1774 2461 1815 2510 1,

291 2533 312 2571 1
337 2551 384 2557 —-
407 2529 444 2571 4.
477 2530 592 2570 Polit.
622 2532 664 2580 7,
697 2533 763 2579 12,
794 2531 833 2570 6.
860 2530 1034 2582 Xenoph.
1062 2530 1172 2571 Mem.
1203 2531 1243 2580 2,
1267 2531 1308 2578 6,
1338 2529 1404 2569 39.
1431 2529 1470 2574 3,
1501 2529 1542 2576 9,
1570 2529 1608 2568 1.
1639 2528 1676 2568 2-
1706 2525 1748 2576 4,
1773 2528 1814 2577 1,

288 2598 326 2638 3.
357 2600 397 2647 2,
427 2599 509 2647 20.,
535 2597 747 2648 singillatim
774 2601 991 2636 tractarunt.
1038 2598 1102 2635 Sic
1125 2598 1258 2636 Senec.
1285 2598 1333 2635 de
1358 2597 1434 2635 Vit.
1455 2597 1554 2635 beat.
1573 2596 1642 2636 31.
1685 2595 1815 2646 Quae-

288 2679 425 2702 ramus
438 2694 452 2711 ‚
490 2667 590 2717 quid
616 2667 666 2703 sit
694 2667 844 2717 virtus,
879 2679 961 2703 una
983 2665 1172 2715 pluresne
1194 2666 1294 2703 sint:
1332 2671 1479 2703 natura
1510 2678 1566 2701 an
1598 2677 1666 2701 ars
1693 2662 1813 2699 bonos

289 2734 391 2770 viros
412 2735 557 2784 faciat.
601 2734 680 2775 Cic.
709 2734 811 2772 Part.
841 2747 895 2772 or.
920 2735 986 2784 18,
1010 2735 1076 2775 64.
1122 2734 1360 2785 Quaeritur,
1390 2745 1562 2785 quonam
1583 2736 1703 2782 paeto
1731 2728 1811 2766 vir-

290 2806 354 2835 tus
375 2803 586 2850 pariatur,
617 2807 838 2847 naturane,
878 2815 934 2839 an
956 2803 1132 2848 ratione,
1169 2815 1225 2839 an
1251 2802 1355 2839 usu?
1397 2799 1583 2840 Plutarch.
1613 2797 1661 2834 de
1689 2795 1808 2833 Educ·

290 2866 336 2914 3,
369 2868 431 2908 15.
485 2867 539 2916 ὥς
575 2868 631 2915 εἰς
669 2866 743 2920 τήν
781 2871 956 2922 παντελῆ
989 2870 1293 2924 δικαιοπραγίαν
1333 2869 1422 2923 τρία
1456 2869 1520 2908 δεῖ
1554 2863 1807 2916 συνδραμεῖν,

291 2929 415 2981 φύσιν
452 2934 520 2975 καὶ
552 2933 671 2989 λόγον
707 2929 775 2977 καὶ
805 2937 910 2985 ἔθος.
968 2937 1131 2989 Epictet.
1163 2937 1267 2976 Diss.
1294 2938 1342 2985 2,
1381 2937 1430 2984 9,
1466 2933 1531 2974 13.
1579 2927 1658 2970 Διά
1690 2932 1807 2971 τοῦτο
