1910 3138
243 217 327 260 510
375 217 659 260 COMMENT.
677 220 735 260 IN
753 217 877 262 HOR.
896 218 995 261 LlB.
1018 221 1047 260 Ι.
1087 220 1253 262 EPIST.
1272 221 1645 263 UNDEVICESIM.
1699 224 1778 265 162

242 335 451 382 sentisces,
500 334 580 371 sive
615 333 770 371 verbum
810 338 851 372 ut
885 347 943 384 gr.
981 332 1189 375 δεικνύναι
1227 339 1267 373 et
1303 332 1588 379 ἀναδεικνύναι
1603 338 1644 387 *)
1692 349 1777 374 cum

239 401 475 439 Eichstadio
502 402 550 438 ad
588 414 661 439 van
692 401 861 439 Ommer.
901 415 940 453 p.
971 403 1066 444 229.
1099 415 1122 441 a
1148 405 1335 454 mysteriis
1367 406 1417 444 ad
1444 405 1635 444 Musarum
1670 417 1779 442 sacra

240 470 375 521 (Prop.
404 470 445 518 3,
482 471 519 517 1,
549 468 606 519 3.)
641 470 722 508 sive
749 483 772 508 a
798 483 903 508 more
930 471 1120 520 modoque
1151 471 1358 520 artificum,
1393 474 1457 523 qni
1482 484 1551 511 sua
1578 485 1697 524 opera
1727 472 1776 509 ad

238 550 401 587 unguem
425 536 617 588 perpolita
646 539 817 590 aspectui
840 538 1116 589 praebuerunt,
1143 552 1226 577 cum
1253 539 1400 578 Orellio
1420 542 1468 578 ad
1497 545 1634 592 poetas
1654 546 1777 578 trans-

239 605 340 643 feras
369 605 452 643 coll.
482 605 779 645 Hermesianact.
817 606 883 648 Fr.
912 605 1005 656 47.‚
1035 607 1116 645 sive
1148 607 1340 646 rhetorum
1370 609 1430 646 vel
1460 612 1656 660 poetarum
1682 607 1776 645 alio-

238 686 368 711 rumve
398 674 707 712 consuetudinem
736 675 948 725 intelligas,
986 687 1080 724 qua,
1116 677 1219 725 quod
1249 689 1322 726 ego
1350 678 1501 727 quidem
1529 675 1652 724 male,
1680 675 1704 713 ii
1739 676 1776 713 in

237 741 387 780 theatro
419 741 539 779 aliove
569 742 654 780 loeo
685 743 876 793 ingenium
902 756 1108 794 vocemque
1138 743 1198 782 vel
1225 744 1355 795 paucis
1386 745 1508 795 iisque
1546 742 1692 781 subacti
1715 743 1778 793 ju—

237 809 324 847 dicii
352 809 564 847 hominibus
592 811 652 847 vel
673 811 817 861 populo
842 812 971 849 talium
1004 825 1128 850 rerum
1163 813 1314 850 curioso
1342 811 1507 863 probare
1534 811 1637 849 soliti
1675 815 1777 859 suut,

237 877 313 915 vid.
342 877 428 915 infr.
464 891 498 917 v.
526 878 580 918 37
609 891 694 929 sqq.
740 878 903 917 Casaub.
935 881 983 918 ad
1023 880 1204 920 Athenae.
1231 880 1273 928 3,
1303 880 1370 919 29.
1411 879 1594 929 Heusing.
1623 879 1674 917 ad
1702 878 1778 916 Ae-

237 959 320 997 sop.
362 945 455 983 Fab.
482 946 551 994 96,
583 947 621 986 2.
659 946 783 988 Beier.
811 949 860 985 ad
887 947 966 986 Cic.
994 950 1042 986 de
1071 949 1151 987 Off.
1184 951 1220 998 1,
1250 947 1320 996 41,
1352 947 1445 988 147.
1487 947 1622 984 Verbis
1650 949 1778 984 autem

236 1027 420 1051 numero-9
458 1013 552 1065 (od.
579 1011 621 1063 4,
653 1015 693 1063 2,
727 1014 791 1054 10.
836 1015 916 1054 Sat.
947 1018 984 1063 1,
1019 1016 1060 1067 4,
1088 1019 1128 1057 7.
1165 1016 1210 1057 A.
1241 1017 1286 1054 P.
1316 1014 1390 1066 74)
1427 1016 1658 1067 animosque
1684 1015 1709 1055 i.
1741 1027 1776 1054 e.

236 1095 361 1121 acrem
391 1083 555 1119 animum
581 1093 626 1118 ac
656 1082 730 1117 vim
755 1088 911 1120 secatus
933 1085 1174 1122 Archilochi
1201 1085 1381 1123 Horatius
1400 1089 1480 1122 tum
1505 1084 1671 1134 ejusdem
1695 1095 1778 1120 mo-

237 1150 309 1188 dos
340 1151 593 1200 carminisque
623 1154 743 1187 artem
774 1152 850 1188 acri
881 1152 945 1190 illo
982 1154 1116 1204 spiritu
1145 1157 1412 1204 temperatam,
1442 1157 1519 1190 tum
1550 1151 1778 1190 maledicen-

235 1220 328 1259 tiam
355 1224 394 1257 et
421 1217 679 1256 mordacitatis
708 1218 848 1255 crimen
864 1219 928 1270 **)
954 1234 996 1258 se
1025 1222 1211 1270 evitasse,
1241 1234 1322 1257 non
1345 1235 1406 1258 res
1425 1227 1462 1256 et
1477 1221 1642 1271 agentia
1658 1218 1778 1257 verba

235 1285 495 1335 Lycamben,
525 1287 605 1324 sive
634 1286 844 1324 Archilochi
871 1287 1030 1326 liberum
1057 1289 1311 1336 imitatorem,
1340 1301 1419 1325 non
1447 1288 1561 1325 fidum
1586 1289 1776 1339 interpre-

235 1359 314 1393 tem
333 1368 376 1393 se
397 1367 482 1392 esse
509 1355 723 1405 profitetur.
754 1355 866 1396 ovid,
896 1355 951 1394 lb.
975 1356 1041 1397 51.
1071 1357 1115 1392 in
1140 1363 1176 1393 te
1198 1356 1299 1394 miln‘
1317 1355 1417 1392 liber
1442 1354 1602 1393 iambus
1634 1353 1776 1391 Tc'nct'a

236 1422 463 1474 Lycambeo
492 1424 690 1474 sanguine
715 1422 795 1460 tela
821 1422 948 1462 dabit.
990 1423 1105 1466 Mart.
1135 1426 1176 1474 7,
1208 1426 1258 1466 12
1289 1423 1402 1476 (11),
1432 1426 1472 1465 6.
1513 1423 1583 1473 (ib.
1612 1421 1775 1474 Rader.)

241 1493 291 1530 Sc·
317 1506 400 1543 qua
427 1490 653 1542 Lycambeo
679 1493 852 1529 carmine
880 1490 960 1528 tela
987 1491 1159 1529 madent.
1211 1492 1271 1530 De
1297 1491 1490 1542 Lycambe
1527 1491 1576 1530 ab
1602 1490 1778 1529 Archilo-

237 1561 306 1598 cho
333 1560 547 1610 jamborum
570 1559 769 1597 virulentia
783 1559 895 1610 ***),
924 1561 1026 1611 quod
1050 1564 1202 1611 pactam
1222 1561 1292 1598 sibi
1312 1559 1514 1600 Neobulen
1535 1559 1650 1598 filiam
1668 1559 1778 1597 alteri

349 1674 386 1720 *)
409 1677 461 1710 De
481 1676 546 1709 hac
567 1674 670 1709 verbi
690 1674 951 1720 significatione
971 1676 1064 1710 cons.
1085 1674 1225 1710 Mitsclz.
1247 1675 1291 1709 ad
1311 1674 1414 1708 Hom.
1437 1674 1482 1712 H.
1503 1675 1540 1709 in
1556 1675 1678 1712 Ceret.
1693 1672 1794 1717 473„

237 1744 272 1778 p.
291 1730 371 1768 224.
401 1734 522 1766 Jacob.
545 1733 588 1766 ad
609 1731 755 1768 Lucian.
772 1732 960 1768 Alexandr.
978 1732 1035 1767 13.
1056 1744 1091 1777 p.
1108 1732 1164 1768 32.
1187 1733 1349 1766 Creuzer.
1370 1731 1552 1775 „SymboL
1570 1743 1604 1766 u.
1623 1731 1776 1777 Mythol.

237 1789 283 1823 im
306 1790 496 1833 Auszuge“
516 1802 552 1834 p.
570 1790 603 1824 6.
627 1790 771 1823 Lobeck.
793 1789 837 1822 de
857 1789 998 1834 Spectt.
1020 1789 1134 1834 Myst.
1156 1788 1252 1827 Diss.
1271 1789 1334 1823 ΙΙΙ.
1355 1800 1409 1832 pr.
1431 1789 1561 1825 senec.
1583 1787 1701 1834 Epist.
1717 1789 1776 1825 95.

237 1846 336 1880 Sicut
350 1845 530 1879 sanctiora
545 1857 727 1879 sacrorum
745 1851 887 1880 tantum
904 1846 1034 1880 initiati
1048 1846 1180 1889 seium,
1199 1845 1251 1880 ita
1268 1845 1305 1879 in
1321 1845 1542 1891 philosophia
1562 1857 1698 1880 arcana
1712 1846 1777 1881 illa

239 1902 394 1936 admissis
413 1901 625 1946 receptisque
641 1902 678 1936 in
694 1913 799 1935 sacra
817 1903 1061 1938 ostenduntur.

330 1957 386 2001 **)
409 1958 460 1991 De
475 1958 627 1992 numeris
647 1958 847 1992 Archilochi
866 1959 940 1992 vid.
960 1957 1181 2001 Bernhardyi
1198 1957 1423 2000 „Grundriss
1447 1957 1512 1991 der
1534 1959 1599 1992 Gr.
1620 1957 1776 1994 Littera-

236 2017 320 2049 tur“
341 2015 388 2050 11.
411 2027 446 2060 p.
463 2014 546 2048 338.
581 2014 720 2055 Quodsi
740 2015 921 2058 Bentlejus
943 2014 1073 2059 aliique
1096 2014 1230 2047 animos
1249 2014 1444 2059 argumenti
1465 2015 1691 2050 acerbitatem
1718 2016 1775 2050 vel

239 2073 344 2107 animi
364 2071 494 2105 rabiem
518 2071 554 2104 in
580 2070 862 2116 perstringendis
886 2070 1030 2104 aliorum
1055 2070 1154 2103 vitiis
1173 2069 1395 2115 intelligunt,
1415 2082 1490 2105 eam
1516 2071 1699 2107 Horatium
1718 2072 1774 2107 his

236 2129 326 2176 ipsis
346 2128 468 2163 verbis
490 2139 511 2161 a
528 2139 566 2161 se
586 2127 733 2162 alienam
755 2127 839 2162 esse'
854 2127 1030 2172 voluisse,
1061 2126 1147 2160 licet
1162 2124 1355 2173 jamborum
1376 2128 1479 2178 virus
1495 2128 1620 2163 Cassio
1635 2129 1771 2163 Severo

237 2187 357 2233 Epod.
375 2187 408 2230 6,
431 2187 486 2220 11.
508 2184 658 2219 minatus
677 2184 747 2228 sit,
767 2182 927 2230 equidem
951 2183 1111 2218 dixerim.
1140 2183 1302 2229 Bentlejo
1324 2186 1517 2219 assentitur
1531 2185 1572 2219 G.
1588 2184 1774 2220 Panno-'us

237 2244 287 2279 N.
311 2245 388 2279 187.
422 2242 608 2284 Quomodo
623 2241 680 2276 hic
695 2241 792 2276 locus
808 2253 829 2275 a
844 2240 1064 2282 Quintiliano
1088 2241 1143 2282 10,
1161 2242 1191 2283 1,
1207 2242 1266 2277 96.
1285 2253 1354 2275 non
1373 2242 1583 2285 abhorreat,
1602 2241 1694 2276 dixit
1708 2241 1772 2276 Vir

238 2301 363 2335 doctus
380 2299 519 2345 quidam
532 2299 569 2333 in
589 2299 693 2342 ,‚Jen.
709 2300 754 2333 L.
771 2299 842 2332 Z.“
859 2297 961 2333 1825.
977 2298 1033 2332 ch.
1048 2298 1106 2333 72.
1122 2308 1158 2342 p.
1175 2294 1232 2331 94.
1251 2299 1364 2342 (apud
1379 2298 1544 2332 Frotscb.
1560 2309 1600 2343 p.
1613 2299 1682 2335 266
1696 2299 1772 2345 sq.)

238 2358 318 2393 coll.
342 2358 546 2392 Gcrnhard.
565 2356 655 2390 ibid.
677 2355 747 2391 Alii
763 2362 802 2390 ut
821 2355 971 2389 Rachiae
985 2355 1028 2398 (l.
1047 2355 1070 2391 l.
1087 2366 1122 2399 p.
1142 2352 1261 2398 1045.)
1283 2354 1364 2388 coll.
1387 2353 1538 2395 Quintil.
1559 2354 1718 2401 lust-19,
1737 2357 1772 2399 1,

236 2415 307 2457 60.,
328 2413 508 2456 Βᾶηὶιον,
529 2413 563 2447 J.
577 2413 714 2448 Merkel
732 2414 1014 2458 interpretantur
1031 2409 1184 2454 ‚‚Geist‚
1206 2411 1358 2457 esprit,“
1379 2422 1466 2456 quos
1481 2411 1657 2456 improbat
1675 2412 1774 2447 orel-

239 2471 306 2505 lius
326 2471 483 2504 sentiens
509 2470 712 2512 „fervorem
737 2471 973 2515 impetumque
1002 2467 1202 2513 poeticum“
1234 2469 1465 2513 comprobata
1487 2472 1525 2502 et
1553 2467 1687 2514 Goupyt'
1713 2469 1773 2513 „le

238 2528 485 2561 mouvement“
512 2531 550 2560 et
573 2526 780 2561 Pallavicini
803 2525 1071 2570 „l’ardimento“
1089 2524 1400 2570 interpretatione.
1437 2524 1542 2560 Conf.
1557 2525 1663 2560 etiam
1685 2525 1772 2560 Kai-

237 2585 331 2618 noel.
352 2584 397 2617 ad
415 2584 527 2628 Prop.
547 2586 580 2625 2,
602 2580 660 2627 34,
681 2583 739 2620 83.
761 2583 835 2617 Nec
857 2583 971 2617 minor
985 2582 1037 2616 hie
1059 2581 1194 2615 animus
1211 2587 1273 2615 aut
1288 2589 1357 2615 etc.
1391 2582 1461 2615 Res
1476 2587 1590 2616 autem
1611 2587 1649 2617 et
1666 2583 1773 2617 verba

240 2640 308 2673 sibi
328 2645 553 2685 opponuntur
570 2639 623 2673 uti
645 2639 771 2683 „stoff
786 2639 855 2673 und
874 2638 1084 2673 Ausdruck“
1102 2639 1145 2672 A.
1162 2637 1203 2672 Ρ.
1226 2638 1295 2673 310
1309 2649 1363 2683 sq.
1384 2638 1465 2672 coll.
1483 2637 1610 2675 Heind.
1629 2639 1674 2673 ad
1690 2639 1770 2673 Sat.

241 2698 274 2736 1,
296 2694 330 2739 4,
349 2695 407 2731 47.
424 2716 480 2723 ·—
506 2697 654 2742 agentia
677 2695 700 2729 i.
730 2707 762 2730 e.
784 2695 977 2740 agitantia,
1007 2694 1173 2729 vexantia
1192 2699 1232 2728 ut
1251 2695 1368 2740 Epod.
1391 2694 1424 2738 5,
1445 2696 1502 2730 89.
1524 2694 1589 2740 (ib.
1609 2695 1769 2736 Minoa.)

240 2750 333 2785 Diris
352 2764 461 2798 agam
481 2764 551 2786 vos.
573 2757 610 2786 et
629 2752 781 2787 Terent.
802 2753 869 2787 Ad.
889 2752 924 2797 3,
949 2754 981 2796 2,
1003 2754 1059 2788 21.
1081 2753 1151 2797 (ib.
1171 2752 1320 2796 Donat.)
1343 2753 1483 2786 Ceteros
1500 2762 1662 2799 meren,
1681 2761 1770 2797 uge-

240 2819 313 2840 rem
326 2834 333 2848 ‚
355 2820 515 2852 raperem
530 2813 600 2843 etc.
822 2840 824 2842 .

312 2861 387 2906 ***)
407 2864 502 2898 Male
526 2864 684 2899 abutitur
703 2864 774 2899 illis
796 2866 918 2899 verbis
935 2869 992 2909 et,
1018 2870 1056 2899 ut
1075 2864 1160 2899 mihi
1179 2865 1316 2911 quidem
1335 2864 1497 2908 videtur,
1522 2861 1706 2897 Smadom·
1721 2861 1768 2895 ad

240 2928 276 2952 v.
294 2916 350 2954 24.
373 2920 601 2956 annotatione
623 2921 854 2957 Walckenaer
872 2922 919 2957 11.
941 2934 978 2969 p.
994 2920 1075 2960 356.
1096 2922 1141 2957 ad
1159 2921 1373 2967 probandam
1395 2930 1490 2955 suam
1506 2918 1552 2953 de
1565 2916 1670 2952 editis
1684 2922 1768 2963 post
