1910 3138
247 207 331 250 276

818 209 1201 250 ΗΟΒΑΤΙΙ

316 338 543 394 Pomisne,
581 350 636 379 an
671 336 832 395 pratis,
869 350 924 380 an
958 338 1115 381 amicta
1147 313 1304 388 ritibus,
1337 337 1467 394 ulmo,

316 415 540 462 scribetur
572 414 645 458 tibi
681 413 821 459 forma
854 415 1089 474 loquaciter
1123 420 1167 461 et
1200 418 1308 461 situs
1341 419 1456 478 agri.

247 595 402 641 conjecit
415 595 525 633 zach.
541 597 690 631 Pearce.
709 597 884 642 (Seebod.
899 597 995 632 Bibl.

246 653 327 688 crit.
361 654 464 689 1820.
492 666 528 699 p.
559 654 669 697 862.)
713 654 930 699 Perper-am,
957 666 994 689 V.

245 712 482 745 Commentar.
503 712 599 745 Arm'.
616 711 686 745 Ms.
703 711 849 745 Corbei.
866 712 994 748 Parvo.

245 767 342 802 Mon.
360 767 386 802 f.
406 787 454 792 ——
477 779 587 802 emm.
604 767 675 801 Ms.
692 768 804 802 Goth.
822 787 871 795 --—
889 769 994 803 bacis.

244 824 334 859 Mss.
345 825 417 858 Cru
423 836 456 870 q.
467 826 634 870 (praeter
646 824 813 867 Martin.)
835 826 947 860 Gesn.
958 825 994 861 3.

246 881 362 916 Orell.
376 881 519 915 bSEcd.
536 881 613 927 (hic
627 894 646 915 c
663 893 684 915 a
700 884 734 918 2.
751 883 812 927 m.)
831 882 991 918 Ambros.

244 938 455 973 ACDFHP.
477 939 580 972 Dess.
603 939 707 974 Gott.
724 939 826 985 Lips.
847 951 939 973 omn.
956 943 994 974 et

246 996 358 1030 Goth.
380 1006 449 1029 una
469 1006 546 1029 cum
566 996 686 1030 Guelf.
707 998 739 1030 1.
765 996 800 1030 3.
822 1002 859 1030 et
882 997 936 1031 lk.
958 998 991 1031 1.

244 1052 340 1087 Edd.
359 1053 451 1086 Ven.
470 1048 553 1088 477.
574 1053 632 1087 79.
652 1054 711 1087 81.
731 1053 813 1087 Ald.
833 1052 915 1089 501.
936 1054 992 1088 19.

243 1111 338 1147 Junt.
360 1106 442 1148 514.
469 1109 515 1144 al.
546 1109 671 1143 Lamb.
698 1110 834 1144 Bersm.
865 1110 992 1144 Oberl.

246 1167 360 1201 Orell.
376 1166 530 1201 Dillenb.
546 1166 670 1200 baccis.
688 1167 782 1201 Edd.
797 1167 898 1202 Flor.
909 1164 992 1203 482.

244 1225 335 1258 Ven.
349 1219 433 1258 483.
444 1225 502 1259 86.
515 1223 559 1257 al.
573 1223 743 1269 complut.
757 1227 794 1258 et
808 1236 827 1258 e
837 1222 992 1259 recentt.

245 1281 309 1316 Fe.
329 1279 447 1316 Schm.
467 1280 624 1315 Meinek.
663 1280 762 1315 Illam
780 1281 993 1327 scripturam

245 1342 282 1371 et
301 1337 389 1371 alias
410 1343 449 1371 ut
467 1336 505 1370 in
522 1338 653 1371 Boeth.
668 1337 712 1371 de
729 1338 836 1372 Cons.
851 1338 939 1384 phil.
956 1337 992 1382 3,

243 1398 347 1430 metr.
375 1394 410 1437 3,
436 1393 472 1428 3.
499 1393 538 1428 in
565 1394 667 1428 codd.
695 1394 790 1429 ABC
812 1400 991 1441 repertam

246 1451 302 1495 (ut
324 1450 410 1486 mihi
430 1450 605 1485 indicavit
633 1451 725 1486 filius
749 1455 866 1496 meus)
891 1458 993 1486 tuen·

243 1516 302 1543 tur
320 1507 433 1543 Wolf.
454 1508 499 1541 ad
516 1508 594 1543 Cic.
614 1509 726 1543 Tusc.
745 1511 778 1552 1,
801 1506 858 1544 14.
879 1510 991 1544 Goer-

245 1571 282 1600 et
301 1565 426 1600 Moser
452 1565 497 1599 ad
520 1565 598 1599 Cic.
620 1565 665 1599 de
685 1566 801 1611 Legg.
829 1569 870 1611 1,
889 1567 924 1602 8.
958 1568 992 1611 2,

243 1625 277 1658 8.
314 1623 451 1656 Gernh.
481 1621 525 1656 ad
560 1622 637 1656 Cic.
668 1623 748 1657 Cat..
766 1618 857 1668 nial.
888 1625 928 1667 2,
959 1621 994 1659 5.

245 1679 347 1713 Gies.
368 1680 412 1714 ad
433 1679 511 1714 Cic.
533 1679 577 1713 de
594 1679 715 1714 Divin.
734 1681 767 1723 1,
781 1679 839 1715 51.
862 1681 992 1725 Wagn.

244 1735 406 1780 orthogr.
445 1735 584 1780 Vergil.
627 1748 662 1781 p.
700 1734 782 1772 418.
822 1737 911 1783 Maj.
950 1736 995 1770 ad

244 1794 373 1827 Front.
406 1791 453 1825 11.
488 1804 524 1838 p.
559 1783 642 1827 303.
684 1794 741 1827 ed.
778 1794 882 1830 Frkf.
920 1793 991 1831 'rh

244 1849 383 1884 Obbar.
413 1849 459 1883 ad
486 1849 660 1883 Prudent.
682 1850 789 1884 cath.
811 1850 854 1896 3,
878 1849 934 1885 55.
954 1863 992 1896 p.

196 1933 202 1937 .
247 1908 303 1941 10.
341 1904 448 1939 aliter
484 1905 719 1941 sentientibus
751 1907 913 1941 Ellendt.
950 1907 993 1941 ad

245 1962 322 1997 Cic.
349 1962 393 1996 de
420 1962 484 1996 Or.
519 1962 664 2007 3,38,
699 1960 779 1997 154.
813 1968 851 1998 et
883 1964 991 1997 Conr.

245 2019 415 2054 Schneid.
435 1989 597 2053 Elemtil.
617 2031 655 2065 p.
671 2016 752 2054 401.
773 2039 830 2046 --
848 2021 994 2065 opulcn-

244 2085 311 2112 τεν.
333 2076 423 2113 Mss.
447 2075 568 2111 Betol.
591 2077 625 2111 2.
646 2075 766 2110 Guelf.
787 2076 810 2110 3
830 2077 994 2122 (opulen-

244 2141 301 2170 tus
318 2130 389 2177 4.).
407 2131 552 2168 Moml.
571 2132 640 2167 Ed.
660 2133 775 2179 princ.
791 2143 850 2178 ap.
867 2133 991 2167 Comb.

245 2191 348 2236 Lips.
369 2187 453 2225 492.
475 2190 533 2226 98.
554 2188 635 2226 502.
664 2190 699 2225 8.
725 2191 783 2225 10.
811 2186 868 2224 14.
899 2189 990 2224 Ven.

244 2245 327 2282 498.
359 2246 441 2283 520.
471 2247 584 2281 Loch.
613 2243 696 2291 498.
727 2247 868 2282 Thann.
906 2245 990 2281 Asc.

244 2301 326 2339 499.
347 2303 427 2339 506.
450 2305 507 2339 11.
531 2303 657 2338 Colon.
677 2303 758 2339 510.
776 2304 888 2338 Fabr-
909 2301 991 2338 578.

245 2361 359 2395 Ρ111111.
380 2360 460 2396 581.
490 2361 603 2395 Recte
623 2360 762 2407 quidem
782 2372 827 2395 ex
847 2371 890 2394 ea
907 2371 992 2394 con·

246 2417 433 2452 suetudine
448 2417 600 2462 dicendi,
622 2429 723 2464 quam
739 2416 930 2453 observavi
945 2415 989 2450 ad

247 2477 288 2518 1,
314 2471 375 2510 41.
406 2474 485 2509 coll.
506 2475 624 2510 Schm.
649 2476 692 2510 ad
717 2477 756 2519 2,
778 2477 817 2520 1,
838 2477 896 2511 21.
917 2472 987 2518 25.

247 2531 311 2566 sed
343 2531 483 2566 librarii
515 2537 577 2566 aut
611 2532 739 2567 offensi
777 2537 859 2567 sunt
895 2541 988 2565 novo

247 2589 373 2632 verbo,
391 2594 453 2622 aut.
469 2587 575 2623 inviti
594 2595 850 2624 commutarunt
867 2601 887 2623 r
907 2593 944 2623 et
962 2593 988 2622 t.

248 2645 305 2679 Cf.
324 2645 435 2680 Drak.
456 2645 501 2679 ad
519 2646 602 2681 Liv.
626 2645 659 2690 5,
679 2645 736 2692 55,
755 2646 790 2682 3.

302 2701 346 2734 V.
372 2702 408 2736 3.
438 2702 610 2737 Pomisne.
643 2703 733 2738 Mss.
762 2703 872 2748 Cruq.
901 2712 991 2735 omn.

248 2762 394 2799 praeter
413 2762 502 2793 tres.
523 2759 648 2794 Comb.
667 2759 710 2794 B.
728 2760 770 2794 C.
788 2760 833 2795 F.
852 2759 940 2793 Bad.
958 2759 992 2792 1.

249 2811 347 2845 Pott.
369 2825 459 2849 omn.
479 2821 625 2860 praeter
635 2813 743 2852 duos.
762 2817 815 2854 lk.
844 2818 878 2851 1.
900 2811 935 2850 4.
957 2814 991 2850 5.

249 2867 283 2901 6.
322 2868 432 2905 Orell.
460 2872 570 2906 bScd.
601 2874 720 2907 Guels.
758 2870 849 2907 onin-
885 2874 991 2906 Bern.

249 2923 355 2968 reliq.
389 2926 509 2961 Berol.
543 2931 575 2966 1.
605 2931 638 2965 2.
679 2929 783 2964 hess.
819 2936 855 2963 et
891 2929 990 2975 Lips.

1041 609 1133 633 omn.
1160 597 1272 633 Goth.
1299 599 1402 633 Gott.
1431 599 1466 633 1.
1488 600 1523 635 2.
1554 599 1664 633 Dorv.
1688 599 1722 633 1.
1747 599 1782 634 2.

1041 655 1187 690 Corbei.
1205 654 1368 690 Rudolst.
1386 655 1486 690 Mon.
1506 667 1538 690 a.
1557 656 1593 690 b.
1614 667 1645 690 c.
1668 667 1701 689 e.
1718 655 1784 689 121.

1040 724 1085 746 m.
1107 713 1161 757 (g.
1183 705 1302 746 emissit
1313 712 1376 756 ne)
1393 710 1492 748 Vict.
1507 712 1671 747 Ambros.
1685 713 1730 746 A.
1740 711 1782 747 Β.

1041 769 1084 803 C.
1107 770 1153 803 D.
1177 768 1219 803 F.
1244 768 1293 804 H.
1315 768 1360 803 Ρ.
1379 767 1474 804 Edd.
1492 769 1592 816 vulg.
1616 770 1782 804 Pomieve.

1039 826 1131 860 Mes.
1150 826 1261 870 Cruq.
1283 826 1325 868 1,
1355 835 1416 860 un.
1439 826 1472 862 6.
1497 825 1534 861 3.
1556 827 1680 862 Comb.
1699 825 1783 860 duo.

1038 883 1138 918 Pott.
1156 882 1213 917 15.
1231 883 1288 918 18.
1303 881 1559 934 Eddi‘Cffdom.
1573 879 1654 918 480.
1667 883 1783 918 Loch.

1038 937 1120 975 498.
1142 939 1253 985 Cruq.
1284 939 1371 985 (qui
1389 930 1488 983 def.)
1518 940 1630 975 Gesn.
1656 939 1782 974 Oberl.

1039 997 1165 1031 Comb.
1184 997 1275 1031 Bad.
1296 995 1398 1031 Jahn.
1420 996 1526 1031 Web.
1546 996 1701 1032 Meinek.
1730 1015 1779 1022 -

1040 1065 1088 1088 an
1116 1053 1242 1099 pratis.
1272 1052 1363 1088 Mss.
1391 1053 1505 1100 Cruq.
1532 1054 1573 1098 1,
1601 1064 1662 1089 un.
1687 1052 1724 1088 3.
1747 1053 1784 1088 6.

1040 1111 1149 1145 Torr.
1187 1115 1277 1144 tres.
1315 1110 1428 1146 Pulm.
1473 1111 1508 1145 1.
1547 1109 1682 1146 nerem.
1723 1120 1783 1144 un.

1037 1167 1156 1202 Bentl.
1178 1167 1325 1212 aliquot.
1363 1167 1504 1202 Valart.
1525 1167 1594 1202 duo
1619 1166 1785 1202 totidem-

1038 1234 1107 1270 qne
1125 1229 1166 1258 ut
1184 1224 1328 1258 videtur
1348 1235 1406 1269 ap.
1424 1224 1549 1259 Comb.
1566 1224 1630 1258 Fe.
1651 1226 1684 1269 1,
1701 1229 1731 1258 t.
1747 1225 1783 1268 2,

1038 1292 1074 1326 g.
1098 1281 1133 1314 h.
1154 1281 1178 1315 i.
1199 1282 1232 1325 6,
1254 1292 1285 1314 c.
1305 1281 1340 1324 7,
1360 1280 1396 1316 b.
1421 1281 1541 1316 Guelf.
1559 1281 1595 1316 3.
1614 1281 1729 1315 Dorv.
1747 1281 1782 1315 1.

1038 1338 1148 1372 Goth.
1169 1338 1310 1372 Monac.
1331 1347 1364 1372 a.
1383 1339 1420 1372 b.
1444 1350 1477 1373 c.
1509 1338 1592 1381 (sed
1615 1349 1784 1373 correxe-

1037 1399 1122 1428 runt
1140 1400 1174 1429 et
1190 1394 1304 1441 prat.)
1331 1393 1368 1429 (1.
1389 1394 1552 1430 Ambros.
1572 1394 1618 1430 F.
1646 1399 1684 1429 et
1713 1394 1783 1428 duo

1038 1451 1218 1494 Par-isim,
1255 1455 1295 1485 ut
1326 1450 1412 1485 mihi
1444 1451 1618 1487 indicavit
1649 1451 1698 1498 (1.
1728 1450 1783 1494 3.)

1036 1503 1262 1543 Hauthaliuo.
1282 1507 1786 1555 Edd.130nu.(quirqntuit

1039 1570 1076 1599 et
1095 1565 1264 1610 exemplis
1282 1564 1501 1611 illustravit,
1522 1566 1649 1611 cf.11,
1671 1566 1726 1609 6.)
1745 1569 1785 1598 et

1038 1622 1232 1657 recentior.
1259 1623 1336 1656 fere
1365 1633 1457 1658 omn.
1485 1627 1520 1658 et
1538 1620 1663 1669 prdie.
1691 1616 1784 1657 Mss-

1040 1679 1188 1714 aliorum
1216 1684 1254 1713 et
1282 1679 1398 1713 nostri
1430 1679 1533 1726 reliq.
1567 1679 1664 1719 Edd.
1691 1689 1783 1714 omn.

1041 1747 1151 1782 usque
1185 1735 1230 1770 ad
1261 1736 1381 1771 Bentl.
1415 1741 1452 1770 et
1488 1741 1573 1783 post
1602 1736 1691 1770 Duc.
1724 1734 1782 1771 ed.

1038 1794 1157 1828 Paris.
1178 1791 1259 1828 752.
1277 1793 1367 1827 Bad.
1389 1792 1490 1829 Pott.
1507 1812 1566 1819 —-
1591 1798 1626 1828 ct
1642 1780 1782 1828 annium.
1852 1807 1857 1817 ³

1039 1851 1111 1885 Ms.
1132 1850 1231 1884 Mon.
1254 1861 1287 1885 e.
1307 1849 1472 1885 Ambros.
1490 1849 1535 1885 B.
1565 1849 1689 1885 amica.
1711 1840 1782 1884 ffi-
1853 1855 1860 1891 ᾗ

1040 1908 1160 1941 Guelf.
1187 1908 1221 1943 2.
1252 1907 1350 1942 Mon.
1381 1907 1417 1941 b.
1450 1906 1540 1952 (sed
1568 1912 1662 1941 corr.
1692 1894 1784 1941 mn.

1037 1976 1165 1998 recens
1186 1963 1332 2006 amicta)
1352 1963 1421 2000 Ed.
1440 1964 1529 1998 Ven.
1547 1959 1629 1999 486.
1655 1950 1790 1998 vinde&
1851 1979 1870 2014 ,ᾗ

1037 2021 1107 2056 Ms.
1130 2021 1254 2054 Comb.
1276 2021 1318 2054 C.
1339 2020 1449 2054 Dorv.
1472 2022 1505 2055 1.
1515 2021 1647 2064 juncta
1668 2015 1784 2054 Orell.
1855 2039 1861 2059 ἰ

1038 2077 1077 2112 S.
1108 2096 1156 2102 —-
1187 2076 1339 2110 victibus.
1364 2077 1470 2111 Dess.
1498 2076 1534 2111 3.
1563 2081 1604 2111 ut
1629 2074 1782 2111 Parisin-

1039 2135 1073 2168 1.
1103 2144 1161 2178 ap.
1191 2133 1290 2166 Pott.
1326 2133 1388 2166 sed
1425 2146 1443 2166 c
1478 2138 1596 2178 expet.

1034 2533 1155 2565 annot.
1177 2529 1220 2563 ad
1242 2530 1299 2572 11,
1317 2530 1354 2565 3.

1090 2586 1135 2621 V.
1157 2582 1193 2620 4.
1213 2584 1248 2621 5.
1267 2587 1301 2621 6.
1323 2586 1539 2621 scribentur.
1559 2584 1651 2620 Mu.
1665 2550 1787 2625 13⁸0.oess

1035 2645 1060 2679 i.
1080 2644 1124 2687 6,
1143 2642 1179 2677 3.
1200 2643 1322 2677 Guelf.
1342 2644 1376 2679 2.
1398 2642 1518 2677 Berol.
1540 2643 1572 2678 2.
1596 2631 1784 2675 Momcss'ffi'

1036 2699 1199 2736 Rudolst.
1219 2699 1312 2734 Edd.
1333 2700 1424 2734 ven.
1447 2695 1530 2734 477.
1557 2696 1615 2732 79.
1640 2695 1698 2732 81.
1719 2688 1786 2738 88.

1037 2758 1094 2794 86.
1114 2757 1172 2793 92.
1193 2757 1293 2791 Flor.
1309 2753 1391 2792 482.
1414 2754 1515 2801 Lips.
1529 2749 1610 2789 492.
1625 2751 1682 2788 98
1697 2747 1786 2795 502.

1037 2815 1145 2851 8.1o.
1163 2807 1797 2849 14110011.Τ11111111.Αε(ι.11ιῇιῄιώ1
1860 2803 1875 2834 '2'

1038 2876 1076 2906 et
1106 2871 1232 2905 Colon.
1263 2869 1365 2911 510.;
1402 2867 1508 2902 etim
1540 2865 1628 2900 alias
1657 2863 1787 2899 laudnt<

1038 2929 1124 2964 Fea.
1158 2927 1376 2972 singularem
1406 2921 1564 2959 restituit
1593 2921 1672 2958 ΑΜ.
1696 2918 1779 2956 501.ι

1633 2127 1784 2168 Bothids
1842 2155 1846 2166 2

1039 2188 1193 2224 Pamisve
1210 2189 1236 2223 i.
1259 2199 1291 2223 e.
1313 2189 1393 2223 aliis
1413 2188 1525 2234 pomi's
1543 2183 1786 2234 recipiendum
1839 2210 1845 2223 ,ι

1038 2249 1184 2288 censet,
1227 2247 1390 2290 praefert
1431 2251 1549 2280 tamen
1592 2245 1784 2290 Famesque.
1835 2280 1838 2282 ,

1037 2303 1120 2338 Non
1153 2301 1241 2335 male
1275 2302 1435 2347 quidem,
1465 2307 1504 2336 at
1531 2301 1710 2348 particula
1739 2313 1785 2338 nc
1811 2324 1814 2326 -
1841 2291 1853 2327 Ῐ
1906 2307 1910 2321 ³

1034 2359 1146 2404 magis
1166 2365 1342 2404 apparent
1361 2359 1540 2405 opposita.
1558 2358 1614 2397 De
1629 2355 1783 2394 confusis
1840 2353 1847 2366 ³

1037 2428 1085 2451 an
1107 2415 1262 2450 etetcf.
1284 2415 1401 2450 Bentl.
1427 2415 1471 2451 ad
1493 2416 1572 2450 Sat.
1599 2417 1639 2460 2,
1651 2412 1703 2459 '‚4
1723 2416 1782 2452 10.

1033 2474 1076 2508 A.
1098 2473 1141 2507 P.
1169 2473 1249 2508 116.
1276 2472 1378 2518 237„
1409 2473 1454 2508 de
1482 2471 1577 2508 conf.
1606 2484 1652 2508 ne
1678 2475 1718 2507 et
1740 2482 1788 2510 u
